2750 4775
500 376 573 425 66
727 362 1185 419 UNIVERSA
1233 363 1766 420 THEOLOGIA
1812 363 1877 419 N.
1921 365 1983 419 C.
2024 366 2133 419 ET
2174 366 2239 419 N.
2282 366 2345 417 E.

498 518 609 586 hos
646 517 827 606 aliqui
866 519 1094 603 aegroti
1132 518 1330 584 auimo
1371 528 1431 584 et
1461 540 1746 607 corpore:
1798 528 1861 584 et
1887 520 2127 605 insuper
2153 519 2288 596 ini„
2316 519 2416 607 qui
2444 541 2572 584 con·

497 619 719 686 firmati
757 640 828 683 ex
872 620 1135 685 doctrina
1170 619 1603 705 justificationis
1631 642 1736 707 per
1759 621 1945 685 solam
1975 620 2149 686 fidem
2177 621 2572 708 iniputativam

499 721 690 786 meriti
729 719 972 797 Christi,
1022 721 1137 785 sibi
1179 732 1627 809 persuaserunt,
1681 723 1840 808 quod
1882 743 1986 807 per
2027 723 2489 810 explorationem
2522 730 2577 785 et

494 823 631 887 inde
658 823 1095 910 paenitentiam,
1146 823 1365 909 aliquid
1393 822 1645 888 hominis
1671 824 1948 897 intraret,
1999 824 2156 908 quod
2187 824 2577 908 pessumdaret

410 942 430 961 ·
494 921 702 1000 fidem,
752 923 920 988 etsie
944 925 1191 987 salutem
1217 935 1388 988 extra
1415 923 1648 990 unicum
1676 945 1845 987 suum
1872 921 2069 988 focum
2098 925 2337 1010 ejiceret
2365 934 2424 987 et
2451 944 2575 1010 pro·

492 1023 717 1113 jiceret.
768 1022 882 1090 His
919 1035 976 1089 et
1014 1024 1126 1094 iilis
1167 1026 1409 1089 inservit
1451 1024 1628 1088 modo
1657 1023 1946 1090 consessio
1977 1026 2184 1103 oratis,
2234 1045 2388 1113 quae
2427 1022 2574 1112 quod

491 1143 616 1191 uon
638 1125 713 1190 sit
755 1125 1148 1209 paenitentia,
1198 1146 1376 1214 supra
1405 1126 1464 1186 in
1491 1123 1610 1190 hoc
1632 1125 1841 1211 Capite
1878 1136 2172 1191 ostensum
2202 1135 2308 1190 est.
2361 1126 2478 1191 Sed
2501 1124 2575 1187 ilii

492 1227 594 1314 qui
618 1226 810 1291 sciunt
835 1227 977 1313 quid
1004 1238 1342 1312 peccatum,
1393 1236 1458 1290 et
1481 1227 1665 1311 magis
1691 1229 1796 1313 qui
1827 1228 2018 1291 sciunt
2056 1227 2222 1314 plura
2263 1227 2573 1302 ex„Verbo,

495 1337 555 1394 et
594 1327 805 1391 docent
834 1326 962 1405 illa,
1015 1333 1073 1392 et
1101 1349 1220 1394 non
1258 1326 1567 1413 explorant
1593 1350 1693 1406 se,
1750 1337 1807 1392 et
1833 1329 1968 1392 inde
2009 1328 2232 1393 nulium
2278 1336 2572 1415 peccatum

494 1431 556 1495 in
580 1448 647 1494 se
671 1428 889 1505 vident,
942 1429 1244 1494 assimilari
1276 1438 1516 1516 possunt
1542 1429 1672 1508 iilis,
1721 1431 1822 1518 qui
1853 1431 2174 1494 corradunt
2199 1451 2377 1516 opes,
2421 1437 2485 1492 et
2511 1425 2575 1490 il-

496 1531 584 1596 las
626 1541 919 1618 reponunt
965 1532 1027 1593 in
1063 1530 1291 1595 scriniis
1333 1539 1404 1596 et-
1436 1525 1685 1608 arculis,
1751 1531 1982 1617 absque
2024 1532 2140 1595 aiio
2187 1552 2296 1595 usu
2343 1550 2418 1595 ex
2456 1528 2575 1602 illis,

490 1652 670 1724 quam
712 1639 776 1695 ut
803 1640 1138 1718 spectentur
1168 1640 1227 1696 et
1255 1641 1671 1698 numerentur:
1723 1640 1783 1696 et
1823 1630 1934 1698 illis
1970 1632 2073 1719 qui
2115 1633 2175 1695 in
2216 1628 2571 1697 thesauraria

492 1733 774 1819 colligunt
800 1731 1081 1798 Cienodia
1112 1732 1239 1796 auri
1267 1741 1325 1796 et
1351 1733 1613 1819 argenti,
1668 1743 1725 1797 et
1755 1731 1811 1795 in
1846 1731 2096 1797 cellariis
2119 1733 2441 1800 occludunt
2462 1730 2572 1803 illa,

491 1842 733 1923 propter
765 1833 954 1897 solum
998 1832 1171 1896 finem
1214 1831 1581 1921 opulentiae;
1630 1834 1734 1923 qui
1772 1834 2166 1899 similes-sunt
2205 1830 2569 1921 negotiatori,

489 1936 590 2024 qui
618 1932 903 1998 talentum
929 1955 1099 1998 suum
1127 1934 1455 1999 recondidit
1479 1935 1589 2000 suh
1614 1946 1773 1999 terra
1790 1983 1805 2010 ,
1858 1943 1917 1997 et
1946 1935 2044 2021 qni
2072 1936 2289 2000 minam
2330 1954 2492 2000 suam
2515 1932 2570 1994 in

488 2033 756 2111 sudario,
808 2033 1020 2101 matth.
1063 2034 1266 2102 XXV=
1309 2040 1414 2101 25.
1471 2036 1611 2100 Luc.
1641 2035 1819 2102 XIX:
1869 2040 1972 2099 20.
2026 2035 2177 2112 Sunt
2215 2038 2393 2102 etiam
2432 2034 2570 2099 sicut

489 2139 673 2204 durae
703 2135 834 2200 viae
859 2144 915 2198 et
943 2143 1160 2222 petrae,
1188 2138 1248 2198 in
1275 2159 1423 2222 quas
1446 2158 1645 2202 semen
1672 2138 1847 2212 cadit,
1875 2135 2083 2203 Matth.
2122 2136 2311 2212 xm:
2357 2138 2416 2201 4.
2462 2126 2567 2227 [5.]

490 2249 550 2303 et
589 2256 826 2324 quoque
855 2236 1002 2299 sicut
1043 2237 1188 2301 ficus
1228 2237 1801 2313 luxuriantessoliis‚
1858 2247 1917 2301 et
1950 2259 2069 2302 non
2097 2238 2293 2302 serunt
2342 2238 2571 2308 fructus,

366 2355 371 2360 '
488 2339 673 2406 Marc.
716 2335 837 2405 XI:
883 2341 980 2403 13.
1044 2337 1313 2426 Suntque
1362 2340 1542 2408 corda
1586 2337 1998 2416 adamantina,
2070 2359 2219 2427 quae
2266 2335 2596 2421 noufiuur

490 2458 739 2516 carnea,
786 2439 956 2505 Sach.
989 2439 1136 2505 Vll:
1169 2445 1269 2504 12.
1321 2440 1471 2506 Sunt
1497 2443 1651 2507 sicut
1674 2440 1970 2534 perdices,
2022 2464 2179 2533 quae
2205 2439 2500 2533 colligunt
2516 2448 2567 2502 et

490 2563 614 2609 non
644 2542 924 2633 pariunt,
952 2537 1209 2631 faciunt
1244 2541 1489 2608 divitias
1527 2541 1642 2609 sed
1668 2566 1792 2608 non
1815 2566 1948 2607 cam
1967 2542 2239 2630 judicia,
2292 2546 2359 2609 in
2383 2537 2565 2607 medio

489 2639 718 2708 dierum
760 2665 1007 2709 suarum
1050 2642 1335 2709 deserunt
1374 2640 1552 2718 illas,
1611 2658 1671 2715 et
1714 2647 1775 2707 in
1812 2648 2221 2736 postremitate
2259 2667 2379 2709 sua
2399 2639 2565 2735 fiunt

487 2742 677 2819 stulti,
726 2745 955 2810 Jeremt
1003 2742 1206 2811 XVII:
1254 2746 1349 2807 11.
1402 2743 1554 2809 Suu-t
1578 2745 1725 2808 sicut
1752 2745 2011 2832 quinque
2044 2746 2317 2829 virgines,
2361 2743 2565 2830 quibus

484 2844 786 2933 lampades
831 2856 888 2910 et
934 2865 1052 2908 non
1096 2842 1323 2920 oleum,
1390 2845 1602 2912 Matth.
1643 2844 1843 2911 XXV:
1892 2848 1922 2909 1
1957 2845 2031 2910 ad
2067 2851 2167 2911 12.
2236 2845 2328 2909 lui
2370 2844 2564 2932 quiex

485 2944 684 3011 Verbo
725 2945 1004 3013 hauriunt
1044 2945 1229 3011 multa
1254 2945 1325 3010 de
1356 2945 1644 3013 charitate
1667 2957 1729 3010 et
1757 2944 1829 3010 de
1859 2949 2250 3035 paenitentia,
2300 2955 2362 3010 et
2387 2945 2563 3010 sciunt

484 3059 797 3136 praecepta
842 3050 899 3111 in
942 3046 1147 3134 copia,
1197 3058 1258 3111 et
1301 3068 1417 3112 non
1460 3048 1667 3116 vivunt
1707 3048 2027 3113 secundum
2060 3048 2195 3125 illa,
2247 3037 2562 3134 comparari

483 3159 727 3237 possunt
753 3170 887 3215 cum
918 3148 1262 3225 voracibus,
1315 3151 1416 3236 qui
1445 3150 1666 3215 cibaria
1706 3150 1765 3211 in
1802 3147 2006 3214 frustis
2042 3149 2321 3236 ingerunt
2347 3151 2408 3212 in
2435 3146 2561 3211 buc-

483 3270 611 3316 cam
632 3299 650 3330 ‚
702 3260 905 3317 et·non
936 3250 1295 3315 comminuta
1321 3249 1595 3317 dentibus
1622 3248 1884 3315 inferunt
1912 3250 1974 3314 in
2003 3260 2274 3317 ventrem
2293 3298 2309 3326 ‚
2363 3248 2458 3313 ubi
2484 3245 2562 3339 51¹⁸*

482 3350 702 3437 digesta
745 3362 1085 3425 morantur,
1139 3361 1197 3414 et
1240 3351 1374 3414 inde
1416 3372 1682 3437 expressa
1727 3349 2033 3437 inquinant
2073 3350 2345 3442 chylum,
2399 3358 2455 3412 et
2484 3346 2561 3411 in·

481 3450 699 3517 ducunt
755 3454 943 3518 lentos
999 3451 1268 3525 morbos,
1341 3473 1374 3513 a
1421 3452 1635 3536 quibus
1679 3444 1913 3513 tandem
1968 3453 2175 3517 misere
2222 3453 2558 3516 moriuntur.

479 3553 658 3619 Tales
699 3556 837 3641 quia
861 3563 994 3617 sunt
1034 3555 1255 3637 absque
1279 3550 1565 3637 spirituali
1594 3551 1812 3626 calore,
1852 3560 2149 3640 utcunque
2180 3554 2237 3615 in
2270 3552 2427 3628 luce,
2466 3568 2560 3612 vo-

482 3654 603 3718 cari
650 3662 891 3741 possunt
938 3653 1212 3742 hyemes,
1284 3660 1475 3714 terrae
1512 3651 1806 3739 frigidae,
1873 3651 2105 3728 climata
2150 3655 2401 3731 arctica,
2450 3652 2558 3715 imo

480 3754 647 3819 nives
674 3762 743 3816 ‘et
788 3753 1017 3838 glacies.

481 3927 666 4012 Quod
712 3926 974 3997 actualis
1018 3928 1403 3996 Paenitentia
1452 3933 1531 3997 sit
1580 3931 1903 4026 explorare
1950 3957 2048 4008 se,
2116 3949 2468 4025 cognoscere
2506 3931 2557 3987 el

476 4052 801 4120 agnoscere
843 4053 962 4095 sua
997 4043 1277 4123 peccata,
1330 4030 1673 4128 supplicare
1720 4035 1807 4101 ad
1842 4034 2169 4100 Dominum
2188 4082 2204 4111 ,
2256 4049 2313 4099 et
2357 4045 2558 4105 novam

1261 4137 1452 4200 vitam
1490 4134 1785 4202 inchoare.

629 4258 775 4329 528.
830 4254 1007 4337 Quod
1032 4258 1401 4327 Paenitentia
1430 4261 1669 4325 omnino
1713 4259 1938 4346 agenda
1978 4262 2081 4336 sit,
2135 4273 2194 4325 et
2229 4260 2390 4349 quod
2430 4249 2556 4319 inda
