2750 4775
46 4154 49 4163 -
45 4061 48 4071 ⁴
45 3944 51 3985 ν·-
45 3847 50 3885 ·-
46 3726 53 3784 —-
45 3644 52 3681 -ν
45 3524 55 3582 -ι--π
45 3438 54 3480 v—
46 3320 55 3379 um·
46 3238 56 3277 “
45 3128 57 3178 v·-
46 3030 59 3077 z..
45 2932 57 2975 “
45 2828 61 2875 Q
45 2730 54 2772 -τ
46 2624 59 2671 νῇ.
46 2520 57 2565 vr
46 2406 59 2465 -ι-
45 2319 57 2364 ἡ
46 2203 58 2260 w..-
46 2123 55 2152 *¹-

908 377 1027 430 ΧΠ.
1110 378 1642 433 BAPTISMUS.
2215 391 2321 440 207

218 532 282 596 in
324 550 576 614 corpore
621 531 943 607 materiali,
995 532 1053 593 in
1096 531 1211 596 boc
1253 542 1449 596 autem
1495 541 1583 597 est
1624 534 1683 596 in
1726 555 1973 619 corpore
2011 534 2317 620 spirituali.

224 633 336 697 His
363 630 560 705 dictis,
619 633 1033 718 quaesiverunt
1061 633 1368 718 Sapientes
1411 633 1667 720 antiqui,
1721 635 1858 721 quid
1901 636 1973 698 de
2010 636 2121 700 illis
2161 636 2323 723 cogi-

224 742 352 797 tant
385 734 446 793 in
486 741 672 806 te1·ra;
746 735 1014 798 dixerunt
1054 734 1135 797 illi
1177 744 1325 808 treS,
1393 756 1502 798 nos
1542 735 1757 800 scimus
1794 735 1952 821 quod
1999 756 2142 799 vera
2184 738 2320 813 sint,

219 833 358 922 quia
389 833 485 895 hic
511 854 740 909 sumus,
795 858 864 898 ac
889 836 1265 901 lustravimus
1301 845 1360 896 et
1389 836 1822 920 exploravimus
1859 837 2087 911 omnia,
2141 858 2322 922 quare

217 936 485 999 dicemus
514 936 649 1017 quid
680 938 751 1000 de
779 936 886 999 illis
918 936 1141 1022 loquuti
1169 947 1227 1000 et
1255 936 1588 999 ratiocinati
1614 946 1749 1000 sunt
1777 937 1836 999 in
1861 945 2050 1001 terra:
2099 945 2157 1002 el
2184 946 2323 1000 tunc

217 1037 550 1103 Sscnnnos
579 1037 750 1107 dixit,
807 1040 964 1123 quod
1007 1037 1086 1102 illi
1115 1039 1215 1123 qui
1252 1057 1322 1099 ex
1361 1047 1563 1101 nostro
1605 1037 1809 1100 ordine
1848 1046 2018 1114 sunt,
2069 1037 2323 1123 primurn

220 1139 364 1203 dum
423 1135 777 1226 audiverunt
832 1138 962 1214 illa,
1028 1139 1380 1202 vocaverint
1431 1138 1712 1213 visiones,
1778 1137 1911 1201 dein
1962 1148 2319 1214 commenta,

218 1249 432 1325 postea
462 1238 619 1323 quod
664 1239 873 1303 viderit
912 1233 1139 1315 larvaS,
1190 1248 1247 1302 et
1292 1239 1528 1302 demum
1573 1235 1903 1313 haeserint,
1956 1249 2017 1302 et
2055 1240 2323 1318 dixerint,

219 1341 402 1405 crede
432 1340 478 1403 si
507 1340 626 1404 vis:
681 1362 788 1410 nos
829 1338 1112 1405 hactenus
1138 1340 1478 1415 docuimuS,
1531 1339 1688 1426 quod
1731 1339 1906 1403 homo
1938 1362 2057 1405 non
2096 1340 2328 1405 futurus

214 1441 292 1507 sit
321 1442 387 1503 in
418 1461 667 1526 corpore
695 1451 824 1526 post
866 1451 1147 1517 mortem,
1203 1443 1363 1527 prius
1405 1462 1581 1527 quam
1623 1440 1715 1510 die
1757 1440 1943 1504 ultimi
1984 1441 2212 1528 judicii:
2267 1451 2326 1507 et

216 1543 674 1630 quaesiverunt,
740 1564 941 1608 annon
984 1543 1160 1630 aliqui
1208 1542 1604 1628 Intelligentes
1651 1542 1804 1605 inter
1849 1541 1979 1607 illos
2021 1542 2169 1617 sint,
2222 1543 2322 1629 qui

217 1651 469 1729 possunt
498 1644 900 1718 demonstrare
927 1654 985 1707 et
1013 1644 1365 1710 convincere
1395 1643 1524 1708 illos
1551 1645 1622 1708 de
1654 1643 1923 1719 veritate,
1964 1644 2118 1731 quod
2146 1643 2325 1708 homo

221 1745 395 1811 vivat
435 1744 612 1809 bomo
656 1756 783 1830 post
823 1755 1107 1821 mortem;
1163 1745 1303 1814 dixit
1346 1745 1669 1818 Sacerdos,
1722 1743 1881 1830 quod
1921 1745 2036 1810 sint
2080 1745 2179 1832 qui
2221 1744 2325 1807 de·

219 1856 591 1922 monstrant,
646 1847 750 1909 sed
781 1870 899 1910 non
929 1845 1314 1918 convincunt3
1369 1846 1449 1910 illi
1483 1845 1582 1932 qui
1610 1846 2050 1921 demonstrant,
2103 1846 2323 1921 dicunt,

215 1948 382 2034 quod
413 1958 617 2013 contra
641 1969 845 2011 sanam
873 1948 1162 2012 rationem
1188 1946 1264 2014 sit
1289 1947 1560 2021 credere,
1611 1946 1770 2032 quod
1797 1946 1975 2011 homo
2003 1968 2123 2011 non
2153 1946 2321 2034 vivat

220 2045 548 2116 homo-nisi
578 2070 750 2135 quam
793 2049 884 2111 die
913 2049 1099 2112 ultimi
1127 2047 1382 2122 Judicii,
1436 2056 1493 2110 et
1533 2047 1690 2131 quod
1735 2047 1960 2111 interea
1999 2048 2073 2113 sit
2109 2047 2322 2115 Anima

218 2151 451 2235 absque
481 2170 761 2235 corpore;
818 2149 956 2236 quid
984 2148 1196 2213 Anima
1215 2196 1231 2222 ,
1278 2157 1338 2211 et
1366 2148 1467 2211 ubi
1495 2147 1592 2210 illa
1620 2148 1877 2223 interea,
1929 2170 2068 2212 num
2095 2148 2328 2227 balitus,

213 2251 572 2336 autaliquid
603 2240 763 2318 venti
792 2248 1042 2313 volitans
1065 2250 1127 2311 in
1155 2254 1323 2323 aiire,
1379 2247 1472 2312 vel
1504 2270 1607 2313 ens
1643 2250 2009 2329 reconditum
2037 2251 2097 2313 in
2126 2250 2319 2316 medio

221 2359 456 2425 terrae,
511 2349 610 2415 ubi
638 2358 726 2414 est
751 2350 842 2414 Pu
869 2351 1029 2435 ejus:
1082 2367 1222 2413 num
1263 2350 1494 2413 animae
1522 2346 1731 2415 Adami
1761 2359 1819 2413 et
1846 2350 2042 2429 Evae,
2094 2361 2152 2416 et
2192 2374 2322 2417 otn-

221 2436 392 2515 nium
436 2462 564 2535 post
605 2451 766 2525 illos,
830 2472 986 2513 nune
1026 2472 1132 2535 per
1172 2468 1277 2515 sex
1315 2450 1492 2516 millia
1539 2473 1825 2515 annorum
1869 2475 1972 2518 seu
2014 2455 2315 2540 sexaginta

226 2553 467 2616 saecula
509 2551 698 2614 adbuc
739 2551 993 2615 volitentx
1018 2552 1079 2615 in
1116 2553 1424 2626 universo,
1474 2562 1577 2617 aut
1617 2561 1930 2639 teneantur
1963 2554 2220 2620 inclusae
2257 2557 2320 2619 in

225 2638 557 2716 meditullio
586 2663 904 2727 terrae‚·et
933 2664 1265 2738 exspectent
1294 2654 1559 2717 ultimum
1588 2653 1894 2737 judicium;
1949 2656 2087 2743 quid
2115 2656 2320 2722 anxius

220 2765 287 2819 et
333 2754 716 2818 miserabilius
761 2754 863 2817 tali
918 2756 1381 2839 exspectatione,
1445 2777 1639 2819 nonne
1679 2777 1807 2819 sors
1849 2755 2082 2821 illorum
2128 2766 2321 2842 potest

223 2855 732 2941 compararisorti
759 2854 1090 2921 vinctorum
1123 2857 1346 2920 eatenis
1374 2865 1433 2919 et
1471 2857 1688 2943 pedicis
1710 2855 1769 2918 in
1798 2857 2160 2930 carceribus3
2215 2876 2322 2921 an-

224 2979 349 3022 non
378 2958 424 3022 si
455 2956 586 3021 talis
612 2978 742 3021 sors
780 2956 1003 3020 bomini
1042 2966 1171 3044 post
1213 2966 1462 3022 mortem
1506 2955 1690 3031 foret,
1741 2957 1921 3030 satius
1965 2956 2118 3020 foret
2161 2956 2323 3020 nasci

223 3060 425 3124 asinus
463 3078 641 3143 quam
672 3057 882 3122 homo:
937 3079 1152 3121 numne
1181 3058 1357 3122 etiam
1387 3068 1594 3122 contra
1624 3057 1912 3121 rationem
1940 3066 2026 3121 est
2059 3056 2319 3131 credere,

224 3160 386 3246 quod
417 3159 609 3223 anima
636 3160 817 3244 possit
843 3158 1071 3222 reindui
1100 3181 1206 3224 suo
1235 3181 1514 3243 corpore,
1566 3167 1728 3221 estne
1768 3179 1982 3244 corpus
2022 3178 2256 3222 exesum
2286 3178 2322 3220 a

223 3262 558 3334 vermibus,
615 3259 906 3335 muribus,
959 3269 1017 3322 et
1057 3260 1338 3346 piscibus3
1396 3281 1467 3322 ac
1508 3259 1599 3324 isti
1641 3280 1799 3322 novo
1845 3259 2079 3343 corpori
2124 3258 2320 3321 induci

220 3365 483 3428 sceleton
512 3361 727 3429 ossium
757 3370 1023 3425 exustum
1053 3360 1204 3435 sole,
1262 3360 1354 3422 vel
1384 3359 1668 3445 dilapsum
1698 3361 1756 3423 in
1786 3359 2118 3446 pulverem;
2171 3380 2321 3444 quo·

221 3464 405 3528 modo
435 3462 794 3526 cadaverosa
824 3472 882 3524 et
911 3461 1107 3548 putida
1136 3462 1232 3528 illa
1261 3461 1642 3546 colligentur,
1695 3470 1753 3524 et
1782 3459 2088 3525 animabus
2117 3461 2319 3524 unien-

221 3575 338 3629 tur.
432 3563 549 3627 Sed
592 3563 665 3626 ad
720 3563 889 3636 talia,
946 3584 1075 3626 cum
1123 3561 1398 3635 audiunt,
1448 3583 1567 3626 non
1612 3563 1924 3648 quicquam
1970 3583 2041 3625 ex
2084 3561 2315 3626 ratione

220 3665 611 3752 respondent,
663 3665 764 3727 sed
818 3661 1126 3733 inhaerent
1173 3661 1306 3726 fidei
1357 3683 1531 3738 suae,
1593 3664 1955 3748 inquientes,
2019 3674 2321 3752 captamus

222 3766 518 3831 rationem
546 3766 655 3828 sub
690 3765 1021 3828 obedientia
1052 3763 1215 3835 fidei;
1268 3764 1341 3826 ad
1368 3764 1773 3828 collectionem
1818 3765 2076 3829 omnium
2120 3787 2191 3829 ex
2233 3787 2323 3831 se·

218 3865 485 3955 pulchris
529 3866 622 3929 die
663 3866 850 3928 ultimi
896 3866 1145 3941 Judicii,
1201 3866 1431 3938 dicunt,
1485 3863 1599 3928 hoc
1641 3865 2124 3954 Omnipotentiae
2178 3888 2324 3954 opus

223 3978 345 4043 est,
384 3966 456 4031 'et
483 3986 615 4031 cum
644 3967 946 4032 nominant
975 3966 1480 4055 Omnipotentiam
1521 3976 1581 4030 et
1618 3964 1852 4043 Fidem,
1905 3969 2103 4032 exulat
2148 3967 2322 4043 ratio,

221 4080 283 4134 et
315 4091 550 4158 possum
582 4067 805 4144 dicere,
851 4069 1008 4156 quod
1038 4077 1177 4132 tunc
1204 4088 1347 4132 sana
1378 4067 1529 4131 ratio
1568 4067 1638 4130 sit
1678 4069 1829 4133 sicut
1870 4067 2046 4143 nihil,
2098 4074 2158 4130 et
2194 4066 2352 4153 qui··

226 4171 475 4236 busdam
502 4170 657 4235 sicut
678 4150 1003 4257 spectrum;
1040 4170 1159 4233 imo
1186 4176 1427 4256 possunt
1452 4167 1646 4232 dicere
1673 4169 1749 4233 ad
1773 4188 1979 4234 sanam
2009 4166 2322 4240 rationem,

228 4272 463 4338 insanis.
546 4271 656 4336 His
697 4270 911 4336 auditis
951 4270 1222 4335 dixerunt
1257 4269 1562 4355 Sapientes
1606 4267 1926 4342 Graeciae,
1982 4285 2186 4331 noune.
2220 4265 2322 4328 illa
