2750 4775
881 364 1004 418 ΧΠ.
1084 364 1616 420 BAPTISMUS.
2189 378 2298 428 219

207 518 349 583 dens
395 516 751 583 Cathedram
799 515 1083 608 ioquutu‘s
1124 526 1212 582 est
1257 516 1439 591 baem
1511 517 1668 597 Quid
1712 518 1855 583 mihi
1896 518 2117 586 Juveui
2161 541 2295 586 cun

206 630 320 683 tam
347 618 584 684 sublimi
613 618 1007 691 theoremate3
1065 619 1431 705 provoco-ad
1461 619 1740 686 Eruditos
1777 620 2044 686 sedentes
2083 621 2176 686 hic
2219 624 2296 687 ad

204 721 422 796 latera,
480 742 742 808 provoco
782 721 854 785 ad
881 720 1189 805 Sapientes
1231 742 1336 783 vos
1373 721 1435 782 in
1466 718 1827 796 Orchestra,
1876 721 1996 785 imo
2036 743 2296 811 provoco

202 821 274 886 ad
303 820 565 910 supremi
593 820 753 896 Caeli
782 819 1072 907 Angelos,
1124 842 1264 891 num
1293 822 1601 907 quisquam
1631 841 1699 885 ex
1726 843 1832 886 sua
1859 821 2132 888 rationali
2170 823 2300 890 luce

200 931 392 1010 potest
427 921 685 1009 aliquam,
713 923 783 985 de
811 919 1023 988 Anima
1066 922 1259 985 ideam
1299 922 1410 986 sibi
1448 942 1712 992 sumere;
1765 932 1827 986 at
1867 922 1936 986 de.
1983 922 2138 988 Sede
2174 925 2302 1009 ejus

202 1026 258 1087 in
291 1023 537 1089 bomine
564 1045 797 1111 possum
839 1044 951 1108 ego
988 1025 1139 1089 sicut
1179 1022 1274 1086 alii
1314 1022 1657 1097 vaticinam
1683 1031 1770 1087 „et
1809 1023 2099 1088 vaticinor
2140 1023 2300 1112 quod

199 1126 361 1188 sitin
388 1125 586 1191 Corde
614 1132 673 1187 et
699 1123 834 1188 inde
862 1124 924 1187 in
950 1124 1280 1211 Sanguine3
1336 1134 1394 1189 et
1431 1123 1546 1187 boc
1583 1145 1780 1190 meum
1812 1125 2149 1190 vaticinium
2192 1136 2300 1201 est,

199 1228 335 1313 quia
364 1226 490 1291 Cor
516 1225 805 1310 sanguine
828 1246 936 1289 suo
977 1226 1127 1311 regit
1167 1233 1226 1288 et
1254 1224 1483 1312 Corpus
1520 1235 1579 1287 et
1618 1224 1837 1312 Caputz
1891 1227 2101 1292 emittit
2142 1227 2297 1290 enim

190 1347 487 1415 ‚magnum
517 1348 624 1391 vas
647 1325 835 1392 Aorta
864 1336 1137 1391 vocatum
1180 1326 1240 1390 in
1270 1326 1627 1391 Universum
1665 1325 1926 1411 Corpus,
1980 1348 2048 1392 ac
2086 1329 2300 1393 emittit

200 1450 348 1502 vasa
395 1426 709 1494 Carotides
753 1436 965 1491 vocata
1010 1428 1067 1491 in
1114 1428 1449 1505 uniuersum
1497 1426 1721 1513 Caput;
1776 1427 1911 1490 inde
1958 1428 2304 1493 universalis

200 1549 527 1595 consensus
552 1537 673 1603 est,
726 1528 885 1614 quod
914 1526 1125 1593 Anima
1152 1551 1222 1593 ex
1248 1528 1444 1595 Corde
1472 1550 1575 1616 per
1610 1530 1955 1615 sanguinem
1996 1539 2303 1605 sustentet,

198 1633 464 1707 nutriat,
517 1627 771 1696 vivificet
804 1629 1140 1696 universum
1160 1639 1425 1721 systema
1454 1629 1802 1716 organicum
1838 1639 1896 1693 et
1924 1629 2206 1716 Corporis
2242 1639 2302 1693 et

199 1731 453 1820 Capitis:
484 1732 581 1796 -ad
614 1729 782 1796 fidem
811 1730 985 1815 hujus
1013 1732 1350 1798 assertionis
1391 1731 1651 1806 accedit,
1704 1730 1866 1816 quod
1902 1730 1960 1793 in
1997 1732 2302 1819 Scriptura

190 1831 388 1899 ¹Sacra
418 1834 590 1897 toties
617 1833 846 1898 dicatur
874 1830 1087 1898 Anima
1115 1843 1172 1896 et
1201 1832 1348 1908 Cor,
1393 1840 1457 1896 ut
1481 1832 1644 1918 quod
1673 1841 1978 1897 amaturus
2001 1833 2078 1896 sis
2108 1833 2300 1897 Deum

200 1953 274 1996 ex
303 1942 434 1998 tota
462 1933 673 2000 Anima
701 1943 855 1996 erex
888 1943 1014 1999 toto
1042 1933 1267 2006 Corde;
1322 1941 1382 1995 et
1411 1933 1565 2019 quod
1593 1934 1757 1998 Deus
1785 1942 1942 1998 creet
1976 1934 2034 1995 in
2061 1923 2302 1998 bomine
2347 1959 2350 1962 ·

198 2032 736 2101 novam-Animam
786 2045 845 2097 et
886 2056 1105 2098 novum
1144 2034 1282 2109 Cor,
1335 2034 1541 2098 Deutr.
1587 2027 1702 2098 VI:
1751 2039 1807 2096 5.
1863 2032 2004 2120 Cap.
2045 2035 2132 2099 X:
2193 2039 2292 2099 12.

203 2133 349 2222 Cap:
398 2136 521 2201 xl2
564 2139 662 2199 13.
732 2134 874 2219 Cap.
917 2135 1147 2199 XXVI:
1200 2139 1298 2198 16.
1364 2134 1584 2200 Jerem.
1620 2134 1883 2204 XXXII:
1929 2139 2030 2200 41.
2084 2136 2297 2202 Mattb.

201 2235 417 2300 XXII:
480 2240 582 2301 37.
636 2234 831 2299 Mam·
871 2234 1024 2300 Xll:
1084 2237 1185 2298 30.
1238 2238 1337 2299 33.
1394 2235 1538 2299 Luc.
1584 2235 1672 2300 X:
1732 2240 1833 2300 27.
1887 2244 1948 2299 et
1990 2237 2161 2315 alibi,
2230 2259 2302 2306 ac

200 2346 410 2425 aperte
439 2336 595 2423 quod
622 2334 874 2420 Sanguis
915 2337 987 2400 sit
1017 2335 1228 2400 Anima
1271 2336 1496 2413 earnis,
1548 2335 1735 2401 Levit.
1782 2336 1958 2403 XVII
1972 2365 1987 2401 ε
2042 2342 2141 2405 11.
2193 2342 2295 2405 14.

201 2437 325 2500 His
365 2437 580 2503 auditis
618 2435 802 2522 aliqui
844 2437 1178 2501 extulerunt
1223 2458 1459 2515 vocem,
1511 2439 1801 2514 dicentes,
1854 2440 2056 2515 docte,
2112 2442 2305 2518 docte,

204 2546 381 2601 erant
407 2559 478 2600 ex
503 2537 831 2612 canonicis.
853 2615 860 2624 ι
911 2539 1063 2607 Post,
1082 2537 1228 2603 haec
1255 2537 1519 2618 Quartus
1558 2539 1732 2626 hujus
1759 2542 2302 2618 vestibusindutus,

203 2645 269 2700 et
296 2637 589 2726 ingressus
610 2637 996 2714 cathedram,
1051 2638 1223 2713 dixin
1274 2641 1541 2728 suspicor
1570 2642 1746 2704 etiam
1781 2661 1927 2727 ego,
1979 2646 2138 2730 quod
2175 2668 2297 2712 non

199 2738 417 2827 aliquis
460 2749 593 2804 tam·
619 2739 814 2815 subtili
860 2751 920 2805 et
958 2739 1161 2806 limato
1205 2742 1441 2828 ingenio
1487 2744 1596 2818 sit,
1660 2752 1725 2805 ut
1771 2743 2054 2832 dispicere
2101 2748 2300 2833 possit,

201 2840 343 2927 quid
365 2839 613 2918 Anima,
666 2850 724 2904 et
751 2843 940 2927 qualis
970 2841 1105 2916 ium
1160 2864 1349 2930 quare
1371 2845 1663 2917 arbitror,
1719 2845 1878 2931 quod
1916 2845 2070 2931 apud
2107 2846 2294 2922 illum,

202 2944 303 3029 qui
331 2947 457 3009 vult
481 2944 685 3011 rimari
711 2941 870 3007 illam
889 2990 908 3018 ,
956 2944 1249 3010 subtilitas
1273 2945 1656 3033 supervacuis
1681 2953 1942 3017 teratum
1985 2944 2085 3008 sed
2114 2967 2298 3032 usque

203 3064 236 3105 a
265 3043 515 3132 pueritia
546 3047 841 3131 permansi
869 3045 928 3108 in
958 3044 1072 3109 fide
1099 3047 1463 3122 sententiae,
1517 3047 1578 3108 in
1612 3067 1728 3132 qua
1769 3044 2008 3111 fuerunt
2036 3045 2299 3131 Antiqui,

205 3144 365 3233 quod
389 3146 604 3211 Anima
630 3145 887 3227 bominis
909 3146 982 3212 sit
1008 3148 1074 3209 in
1113 3140 1241 3232 ejus
1278 3156 1437 3222 toto,
1489 3157 1548 3210 et
1589 3146 1651 3209 in
1689 3146 1864 3232 hujus
1906 3147 2066 3209 omni
2109 3156 2298 3234 parte,

201 3254 259 3309 et
285 3247 368 3312 sic
392 3247 552 3333 quod
580 3255 698 3311 tam
729 3247 788 3310 in
816 3246 1021 3335 Capite
1049 3257 1107 3311 et
1149 3250 1208 3310 in
1248 3248 1492 3332 singulis
1517 3247 1676 3332 ejus,
1727 3268 1904 3335 quam
1945 3248 2004 3310 in
2034 3247 2300 3335 Corpore

201 3357 258 3412 et
283 3349 347 3412 in
371 3346 617 3435 singulis
643 3348 797 3434 ejus,
850 3357 910 3412 et
949 3349 1107 3435 quod
1139 3345 1367 3413 'vanum
1397 3369 1432 3412 a
1456 3348 1791 3414 Neutericis
1831 3348 2132 3412 inventum
2171 3346 2301 3413 fue·

200 3448 307 3525 rit,
372 3450 683 3534 designare
730 3449 781 3513 ei
825 3449 1318 3526 sedem-alicubi,
1383 3460 1452 3512 et·
1484 3470 1603 3512 non
1647 3449 1872 3522 ubivis;
1930 3459 2016 3514 est
2061 3471 2300 3537 quoque

196 3546 411 3616 Anima
438 3550 1144 3639 substantia‘spiritualis,
1192 3550 1265 3615 de
1304 3572 1420 3636 qua
1461 3572 1580 3612 non
1621 3550 2014 3638 praedicatur
2035 3553 2298 3618 extensio

200 3670 307 3716 nec
349 3652 542 3727 locus,
590 3651 692 3715 sed
723 3649 1009 3715 habitatio
1044 3660 1103 3714 et
1135 3649 1424 3740 impletio:
1478 3651 1612 3737 quis
1648 3651 1824 3717 etiam
1866 3675 1985 3717 non
2027 3653 2301 3741 inteiligit

201 3753 382 3818 vitam
403 3803 420 3831 ,
472 3753 609 3817 dum
639 3753 904 3844 nominat
931 3752 1222 3827 animam„
1275 3762 1439 3816 estne
1467 3754 1589 3816 vita
1617 3752 1675 3815 in
1703 3761 1832 3816 toto
1862 3764 1919 3816 et
1947 3757 2004 3818 in
2034 3756 2298 3843 qualibet

199 3856 397 3939 parte3
450 3852 543 3920 his
570 3853 739 3918 dictis
775 3853 1058 3921 favebant
1085 3853 1250 3918 multi
1289 3854 1349 3917 in
1375 3851 1707 3918 Auditor-in.
1788 3854 1929 3919 Post
1970 3855 2131 3923 hunc
2170 3878 2299 3921 sur-

199 3954 347 4020 rexit
373 3955 663 4037 Quintus,
715 3977 785 4019 ac
804 3954 1014 4021 iisdem
1044 3954 1369 4042 insignibus
1409 3963 1682 4030 ornatus,
1736 3977 1767 4019 e
1797 3954 2090 4022 Gathedra
2119 3955 2301 4025 edidit

198 4051 344 4120 hoc:
395 4056 537 4122 Non
565 4056 989 4122 moror‘dicere
1008 4105 1025 4132 ,
1078 4055 1179 4121 ubi
1210 4066 1297 4121 est
1324 4055 1572 4129 Anima,
1623 4077 1763 4119 num
1791 4055 1852 4117 in
1881 4057 2078 4145 aiiqua
2108 4067 2297 4145 parte.

199 4158 288 4222 vei
316 4180 459 4223 num
490 4159 681 4225 ubivis
709 4157 768 4222 in
806 4168 964 4232 tot03
1017 4157 1118 4222 sed
1159 4178 1230 4222 ex
1273 4178 1408 4220 meo
1450 4177 1657 4242 promo
1701 4166 1760 4219 et
1802 4158 1991 4221 condo
2035 4157 2296 4241 aperiam

200 4270 455 4325 mentem
491 4260 562 4325 de
601 4258 753 4336 boc,
806 4259 946 4347 quid
977 4254 1188 4323 Anima
1232 4267 1291 4322 et
1317 4254 1509 4342 qualis
1548 4256 1678 4328 illa;
1733 4251 1945 4318 Anima
1984 4277 2101 4319 non
2138 4251 2297 4336 cogi·
