2750 4775
435 389 544 438 aofi
667 376 1130 432 UMVERSA
1175 376 1713 431 TflEonoela
1758 378 1827 433 N.
1871 376 1935 431 C.
1974 377 2072 430 ΕΤ
2124 378 2195 433 Π.
2238 378 2304 429 Ε.

532 532 749 607 dicant,
777 531 878 596 sed
905 553 1024 595 non
1055 531 1435 606 convincant,
1477 541 1536 595 et
1560 531 1720 618 quod
1747 532 2121 597 coalitionem
2160 552 2267 596 seu
2306 532 2536 597 reunio-

530 654 665 697 nem
694 634 1026 699 animarum
1055 653 1190 696 cum
1217 634 1337 698 suis
1378 633 1769 699 cadaveribus
1793 642 1854 697 et
1884 633 2117 700 sceletis
2142 634 2203 696 in
2233 633 2536 721 sepulchro

532 735 870 800 adscribant
909 734 1395 821 Omnipotentiae
1436 734 1577 808 Dei,
1630 744 1692 798 et
1733 756 1868 798 cum
1912 736 2220 800 nominant
2256 734 2537 823 Omnipo-

534 836 780 901 tentiam
820 844 879 899 et
917 855 1154 922 quoque
1194 835 1435 912 Fidem,
1483 834 1683 900 exulat
1723 835 1916 900 omnis
1953 836 2128 900 ratio.
2196 835 2422 901 Postea
2457 836 2535 897 in·

535 946 874 1023 terrogatus
899 944 987 1000 est
1012 935 1347 1001 Ponticus
1372 937 1446 1000 de
1473 936 1687 1002 auditis
1713 936 1857 1012 illis,
1911 935 2242 1023 respondit,
2295 937 2458 1023 quod
2482 937 2536 999 in

535 1039 761 1103 Mundo
789 1058 906 1100 non
937 1038 1191 1122 potuerit
1218 1037 1497 1111 credere,
1550 1037 1709 1124 quod
1750 1036 1931 1102 homo
1969 1039 2233 1103 victurus
2259 1039 2337 1101 sit
2367 1038 2537 1101 homo

535 1149 666 1227 post
695 1148 978 1214 mortem,
1031 1139 1309 1225 quoniam
1337 1159 1515 1202 omne
1539 1139 1796 1203 hominis
1836 1140 1987 1223 jacet
2033 1150 2338 1203 mortuum
2370 1140 2429 1200 in
2456 1161 2536 1202 se-

537 1239 817 1329 pulchro,
871 1241 1038 1304 etsie
1069 1239 1229 1327 quod
1254 1239 1352 1303 ille
1379 1239 1560 1305 homo
1592 1240 1803 1304 viderit
1830 1241 2084 1313 Larus»,
2132 1250 2192 1303 et
2228 1240 2536 1304 crediderit

537 1341 697 1429 quod
731 1341 868 1406 illae
896 1351 1087 1405 essent
1113 1341 1306 1426 angeli
1339 1350 1404 1403 et
1435 1341 1704 1425 spiritus:
1756 1341 1858 1405 sed
1887 1342 2046 1427 quod
2088 1363 2253 1405 nunc
2287 1342 2533 1427 primum

537 1442 842 1508 convictus
869 1442 945 1505 sit
967 1443 1046 1506 ab
1072 1443 1209 1529 ipsis
1233 1443 1529 1516 sensibus,
1584 1442 1741 1529 quod
1773 1443 1937 1506 vivat
1974 1441 2155 1506 homo
2181 1442 2338 1505 sicut
2370 1442 2537 1525 prius,

538 1554 598 1606 et
633 1543 793 1628 quod
841 1542 975 1609 ideo
1020 1543 1182 1607 illum
1232 1544 1452 1629 pudeat
1502 1544 1922 1628 cogitationum
1978 1545 2260 1631 priorum.
2342 1542 2535 1607 Paene

538 1644 746 1708 similia
776 1645 849 1707 de
877 1666 942 1707 se
967 1653 1026 1706 et
1054 1645 1129 1708 de
1158 1643 1508 1730 quibusdam
1542 1665 1576 1706 e
1616 1666 1722 1708 sua
1747 1643 1963 1708 Schola
2007 1644 2278 1708 narravit
2314 1644 2538 1708 Pano·

539 1763 806 1816 sonuum
860 1754 920 1808 et
958 1754 1263 1832 praeterea
1305 1745 1462 1833 quod
1503 1744 1602 1808 illa
1641 1765 1794 1832 quae
1832 1745 2147 1810 audiverat
2185 1744 2262 1807 de
2306 1746 2455 1811 visis
2484 1754 2537 1805 et

540 1847 754 1910 auditis
780 1845 858 1909 ab
885 1845 985 1911 illo
1012 1845 1269 1920 homine,
1313 1845 1581 1910 retulerit
1607 1847 1763 1909 inter
1789 1847 2114 1932 Opiniones
2141 1856 2200 1911 et
2231 1845 2538 1934 Hypothe-

538 1968 662 2021 ses,
714 1967 862 2034 quas
898 1967 966 2010 ex
1009 1944 1284 2032 Antiquis
1327 1957 1388 2010 et
1434 1947 1754 2012 Hodiernis
1792 1947 2126 2032 collegerat.
2227 1945 2416 2034 Sopbi
2458 1944 2537 2008 his

542 2048 757 2112 auditis
783 2047 1245 2134 obstupuerunt,
1296 2048 1585 2133 imprimis
1609 2048 1765 2134 quod
1796 2046 2142 2124 Christiani,
2193 2047 2387 2132 quiin
2418 2049 2537 2110 luce

543 2169 686 2234 prae
711 2147 956 2234 reliquis
977 2169 1051 2210 ex
1079 2148 1443 2214 revelatione
1469 2161 1636 2225 sunt,
1677 2150 1733 2212 in
1762 2149 1865 2212 tali
1895 2150 2143 2237 caligine
2169 2150 2243 2212 de
2275 2150 2415 2212 Vita
2444 2168 2540 2211 sua

542 2257 674 2336 post
720 2257 972 2313 mortem
1015 2259 1242 2321 essent.
1307 2271 1441 2314 cum
1482 2259 1683 2313 tamen
1726 2272 1860 2323 nos,
1927 2262 1985 2315 et
2027 2254 2325 2336 sapientes
2364 2247 2543 2312 nostri

542 2350 851 2437 temporis,
920 2348 1081 2420 illam
1127 2351 1305 2414 vitam
1352 2352 1658 2416 sciverunt
1697 2360 1755 2415 et
1809 2352 2212 2421 credideram
2287 2349 2545 2413 dicentes

543 2471 756 2539 porro,
821 2452 979 2536 quod
1020 2452 1531 2528 animadvertant,
1598 2454 1755 2539 quod
1796 2454 1923 2518 Lux
1964 2454 2288 2539 sapientiae
2333 2453 2412 2516 ab
2449 2450 2544 2514 illo

540 2549 779 2616 saeculo
808 2551 884 2614 ab
912 2552 1293 2618 interioribus
1320 2552 1566 2618 Cerebri
1593 2576 1656 2619 se
1686 2555 1984 2619 demiserit
2011 2576 2196 2641 usque
2223 2554 2299 2616 ad
2345 2576 2415 2617 os
2441 2551 2544 2616 sub

542 2673 723 2728 naso,
777 2651 879 2715 ubi
904 2652 1002 2720 illa
1031 2662 1275 2742 apparet
1302 2654 1453 2718 sicut
1477 2654 1755 2743 splendor
1794 2655 1978 2730 labri,
2029 2665 2086 2717 et
2126 2655 2264 2717 inde
2312 2652 2541 2740 loquela

543 2753 664 2819 oris
688 2754 839 2818 sicut
861 2755 1165 2841 sapientia.
1222 2756 1334 2820 His
1362 2755 1599 2842 quidam
1629 2777 1700 2819 ex
1729 2756 2022 2823 tironibus
2049 2756 2268 2842 adjecit
2291 2753 2430 2829 hoc,
2468 2751 2541 2816 oh

544 2877 720 2943 quam
748 2856 1015 2944 stupidae
1043 2856 1272 2922 Menios
1297 2857 1741 2921 Tetricolarum
1770 2856 1945 2922 hodie
1970 2867 2136 2931 sunt,
2187 2856 2416 2919 utinam
2448 2855 2541 2918 ad·

543 2967 733 3022 essent
764 2958 1032 3041 discipuli
1062 2956 1348 3020 Heracliti
1375 2958 1476 3042 qui
1504 2957 1735 3023 ridebat
1774 2957 1848 3021 ad
1890 2958 2120 3032 omnia,
2175 2967 2235 3020 et
2277 2954 2543 3041 discipuli

543 3057 868 3124 Democriti
895 3059 995 3144 qui
1035 3057 1219 3122 flebat
1257 3058 1330 3121 ad
1360 3060 1592 3133 omnia,
1620 3068 1704 3121 ⁷et
1749 3059 2087 3124 audiremus
2139 3077 2427 3143 magnum
2464 3056 2540 3119 ri-

542 3180 670 3222 sum
700 3168 758 3222 et
785 3179 1063 3245 magnum
1105 3157 1325 3226 fletum.
1407 3159 1551 3224 Post
1577 3158 1726 3223 haec
1768 3161 1938 3224 datae
1979 3169 2113 3224 sunt
2152 3158 2418 3222 Advenis
2462 3156 2542 3219 la-

545 3259 754 3324 mellae
783 3282 1052 3347 eupreae‚
1103 3281 1280 3347 super
1308 3260 1521 3345 quibus
1562 3258 2026 3350 Hieroglyphica
2070 3269 2312 3324 exarata
2358 3266 2543 3331 erant,

542 3369 604 3424 et
630 3359 984 3438 abiverunt,
1025 3382 1096 3424 n.
1138 3365 1281 3425 698.

445 3462 496 3526 Ι
499 3459 690 3526 XXIL
747 3461 922 3541 Quod
961 3463 1187 3526 inventi
1224 3461 1337 3526 sint
1365 3463 1505 3526 novi
1533 3460 1817 3528 Advenae
1846 3485 1879 3527 e
1907 3461 2164 3537 Mundo,
2217 3470 2278 3525 et
2305 3413 2543 3524 adducti

488 3599 502 3616 a
543 3561 659 3625 sint
687 3562 757 3623 ad
791 3561 1014 3628 Urbem
1041 3563 1152 3625 sub
1181 3563 1530 3639 Parnassio,
1583 3584 1652 3626 ac
1693 3562 2072 3648 interrogati,
2127 3562 2301 3642 Qun>
2326 3569 2487 3625 Novi
2510 3578 2546 3621 Β

543 3661 797 3735 Tanna,
850 3669 909 3722 et
934 3662 1396 3745 responderunt,
1437 3665 1595 3751 quod
1623 3665 1681 3728 in
1710 3664 1935 3728 Mundo
1964 3663 2342 3737 crediderint,
2389 3660 2542 3748 quod

546 3768 674 3848 post
700 3769 950 3823 mortem
993 3760 1189 3825 futura
1230 3764 1304 3825 sit
1346 3766 1685 3828 omnimoda
1730 3764 1989 3849 Requies
2031 3786 2064 3828 a
2107 3763 2448 3837 laboribus,
2489 3768 2546 3821 et

541 3872 744 3932 ,tamen
773 3860 1163 3939 audiverunt,
1215 3884 1345 3928 cum
1389 3864 1505 3929 huc
1546 3865 1891 3940 veniebant,
1945 3866 2103 3952 quod
2139 3863 2234 3926 hic
2273 3865 2392 3927 sint
2430 3862 2545 3932 Ad·
2600 3905 2605 3910 -

545 3961 1034 4044 ministrationeS,
1088 3963 1479 4042 Functiones,
1532 3977 1591 4031 et
1618 3966 1853 4052 Operae
1877 3966 2028 4032 sicut
2062 3966 2124 4027 in
2166 3964 2351 4053 priori
2378 3965 2551 4028 Mun-

545 4064 654 4140 do,
706 4062 874 4129 etsie
914 4064 1073 4151 qnod
1102 4088 1221 4135 non
1247 4066 1322 4130 sit
1350 4066 1646 4154 Requies:
1700 4066 1775 4131 ad
1815 4065 1964 4131 haec
1989 4066 2296 4154 Sapientes
2336 4065 2418 4129 ibi
2456 4084 2548 4127 re-

487 4221 494 4226 .
544 4164 941 4251 sponderunt,
994 4168 1077 4231 sic
1106 4166 1432 4232 credidistis
1465 4167 1622 4253 quod
1668 4188 1829 4235 nunc
1868 4168 2078 4248 victuri
2118 4167 2243 4232 sitis
2275 4166 2339 4229 in
2382 4185 2549 4232 mero

546 4264 701 4338 otio,
739 4287 886 4329 ¹curn
915 4273 1112 4330 tamen
1154 4287 1226 4328 ex
1253 4265 1386 4330 ‘otio
1427 4264 1493 4328 fit
1533 4266 1753 4331 Mentis
1787 4278 1844 4331 et
1888 4268 2025 4334 inde
2065 4267 2241 4332 totius
2267 4264 2555 4354 Corporis
