2750 4775
409 460 442 508 a
647 444 1112 500 UNlVERSA
1158 443 1701 498 Tneocoeu
1743 445 1811 497 N.
1856 443 1922 500 e.
1967 444 2076 496 Εἰ·
2116 406 2295 500 ue,

412 600 812 687 „spiritualem
882 598 1145 662 totaliter
1204 598 1263 659 in
1330 597 1549 662 intimis
1603 597 1779 662 etiam
1840 598 2165 661 visceribus
2218 606 2277 660 et
2332 598 2527 664 cordis

412 700 781 778 „recessibus
823 699 1321 789 profundissimis,
1376 707 1500 762 tota
1530 699 1604 763 sit
1637 720 1835 762 coram
1866 698 1997 762 Deo
2036 697 2250 762 infecta
2292 707 2351 762 et
2391 720 2523 764 cor·

414 809 667 888 ‚,rupta,
720 810 779 864 et
821 810 1063 889 propter
1114 799 1268 864 hanc
1324 798 1765 887 corruptionem
1809 820 2056 886 persona
2099 797 2354 864 hominis
2392 801 2526 886 lege

412 903 564 978 „Dei
606 912 918 965 accusatur
945 910 1004 963 et
1032 900 1384 976 damnatur,
1437 902 1520 962 ita
1550 909 1615 963 ut
1645 911 1858 964 natura
1891 899 1988 962 filii
2019 900 2142 963 irae
2166 952 2179 973 ‚
2232 900 2438 965 mortis
2466 909 2528 964 et

416 1002 849 1078 „damnationis
893 1002 1183 1089 mancipia
1229 1002 1440 1075 simus,
1495 1001 1603 1064 nisi
1648 1000 1937 1064 beneficio
1982 1001 2173 1063 meriti
2202 1000 2417 1064 Christi
2444 1002 2523 1066 ab

412 1102 542 1179 „bis
580 1101 748 1166 malis
784 1102 1108 1166 liberemur
1148 1112 1208 1164 et
1247 1122 1589 1175 servemur,
1645 1122 1773 1188 pag.
1811 1106 1957 1165 639.
2013 1102 2189 1180 Quod
2225 1124 2297 1165 ex
2336 1123 2408 1164 eo
2449 1103 2524 1165 sit

413 1202 653 1279 „totalis
692 1204 952 1266 carentia
993 1224 1095 1266 seu
1146 1201 1400 1288 privatio
1445 1212 1797 1268 concreatae
1841 1203 1901 1264 in
1941 1202 2228 1266 Paradiso
2267 1202 2526 1288 justitiae

413 1302 755 1389 „originalis
793 1325 895 1369 seu
936 1301 1210 1388 imaginis
1240 1300 1384 1376 Dei,
1437 1311 1494 1364 et
1526 1302 1686 1387 quod
1729 1303 1865 1365 inde
1903 1304 1978 1365 sit
2007 1302 2386 1389 impotentia,
2413 1303 2530 1364 -in-

413 1402 753 1491 „eptitudo,
801 1415 857 1468 et
889 1404 1230 1491 stupiditas,
1278 1422 1395 1487 qua
1425 1400 1606 1464 bomo
1637 1401 1711 1464 ad
1742 1403 1938 1465 omnia
1971 1402 2186 1467 Divina
2227 1423 2332 1467 seu
2358 1404 2530 1489 spiri-

412 1505 633 1580 „tualia
676 1525 915 1593 prorsus
943 1506 1174 1590 ineptus
1203 1511 1306 1565 est.
1362 1500 1540 1581 Quod
1573 1501 1706 1566 loco
1733 1502 2006 1589 imaginis
2034 1503 2146 1566 Dei
2177 1503 2424 1567 amissae
2465 1503 2528 1566 in

411 1604 688 1681 „bomine
715 1605 788 1668 sit
821 1605 1062 1678 intima,
1103 1602 1383 1689 pessima,
1425 1601 1912 1689 profundissima,
1954 1603 2383 1678 inscrutabilis,
2437 1603 2529 1665 in-

411 1702 700 1781 ,‚effabilis
728 1704 1033 1791 corruptio
1062 1704 1243 1766 totius
1269 1712 1541 1778 naturae,
1586 1712 1644 1766 et
1670 1703 1930 1765 omnium
1961 1702 2193 1778 virium,
2237 1703 2526 1790 imprimis

412 1805 824 1891 „superiorum
855 1815 913 1865 et
945 1801 1351 1888 principalium
1385 1803 1615 1867 animae
1645 1802 2023 1878 facultatum,
2070 1803 2128 1865 in
2158 1812 2354 1866 mente
2376 1852 2391 1879 ,
2438 1804 2529 1867 in—

408 1905 721 1982 „tellectu,
776 1904 955 1968 corde
987 1912 1044 1965 et
1077 1902 1414 1977 voluntate,
1469 1924 1598 1990 pag.
1634 1906 1779 1967 640.

563 2004 711 2065 ²165.
771 2005 943 2068 Haec
970 2014 1106 2067 sunt
1137 2003 1461 2068 hodiernae
1492 2004 1793 2068 Ecclesiae
1835 2012 2183 2093 praecepta,
2240 2005 2524 2091 dogmata

410 2114 468 2167 et
495 2103 718 2167 sancita
749 2104 819 2167 de
852 2104 1069 2169 Libero
1095 2103 1359 2169 Arbitrio
1388 2104 1642 2170 hominis
1673 2105 1730 2167 in
1768 2106 2171 2193 spiritualibus
2214 2114 2272 2167 et
2311 2105 2370 2167 in
2415 2126 2522 2169 ua-

341 2228 347 2233 ·
408 2203 732 2280 toralibus,
787 2216 850 2268 ut
891 2216 947 2269 et
990 2206 1060 2268 de
1100 2206 1355 2271 I’eccato
1402 2207 1705 2291 originali;
1762 2204 1912 2269 baec
1956 2205 2210 2269 adducta
2257 2214 2394 2270 sunt
2438 2206 2519 2268 ob

409 2299 586 2366 finem
630 2312 694 2366 ut
734 2307 1064 2369 evidentius
1109 2316 1436 2395 appareant
1478 2317 1827 2395 praecepta,
1877 2308 2157 2393 dogmata
2202 2315 2260 2368 et
2294 2306 2520 2371 sancita

410 2406 626 2470 Novae
655 2406 957 2472 Ecclesiae
996 2408 1069 2470 de
1098 2408 1238 2478 illis,
1294 2430 1430 2487 nam
1462 2430 1531 2471 ex
1577 2409 1728 2472 binis
1756 2409 1840 2471 sic
1880 2408 2159 2497 appositis
2185 2406 2393 2472 formis
2419 2428 2527 2493 ap-

412 2515 582 2589 paret
622 2509 844 2573 veritas
883 2509 943 2569 in
989 2507 1152 2583 luce,
1205 2508 1357 2570 sicut
1397 2506 1463 2568 fit
1502 2508 1559 2569 in
1604 2508 1897 2585 Picturis,
1949 2510 2007 2570 in
2057 2509 2270 2594 quihus
2313 2509 2524 2573 Facies

411 2606 692 2671 deformis
732 2629 763 2671 a
802 2608 987 2671 latere
1030 2607 1348 2693 apponitur
1378 2608 1573 2672 Faciei
1605 2607 1932 2684 formosae,
1986 2631 2057 2672 ex
2098 2609 2310 2694 quibus
2349 2608 2523 2673 simul

412 2707 552 2770 visis
581 2707 919 2773 formositas
948 2708 1120 2772 unius
1149 2717 1206 2769 et
1240 2708 1586 2772 deformitas
1627 2702 1866 2773 alterius
1909 2731 2108 2773 coram
2150 2709 2322 2773 oculo
2365 2712 2525 2774 clare

411 2812 659 2872 exstant.
707 2809 949 2873 Sancita
982 2809 1196 2873 Novae
1224 2807 1529 2872 Ecclesiae
1557 2818 1693 2873 sunt
1719 2807 1868 2872 haec
1899 2830 2049 2897 quae
2077 2819 2421 2896 sequuntur.

413 3031 599 3116 Quod
654 3037 717 3099 in
773 3034 975 3100 Horto
1034 3033 1272 3100 Edenis
1332 3040 1576 3128 positae
1633 3040 1753 3100 sint
1818 3035 1979 3101 duae
2027 3035 2330 3111 Arbores,
2397 3061 2524 3100 una

409 3136 581 3199 vitae
616 3149 673 3199 et
716 3133 911 3200 altera
948 3139 1235 3201 scientiae
1277 3128 1424 3201 boni
1448 3149 1505 3201 et
1531 3134 1706 3211 mali,
1752 3135 2055 3229 significet
2093 3137 2260 3231 quod
2296 3135 2525 3201 bomini

663 3234 943 3300 Liberum
984 3236 1325 3303 Arbitrium
1367 3241 1431 3301 in
1469 3235 1888 3330 spiritualibus
1928 3236 2135 3303 datum
2174 3242 2271 3302 sit.

568 3414 715 3474 466.
771 3411 948 3493 Quod
992 3433 1097 3496 per
1122 3408 1418 3475 Adamum
1458 3421 1517 3475 et
1545 3411 1829 3477 Chaivam
1870 3414 1930 3477 in
1959 3413 2142 3478 Libro
2168 3413 2353 3478 Mosis
2396 3433 2519 3476 non

412 3509 822 3597 intelligantur
865 3512 1134 3576 homines
1173 3513 1426 3598 primum
1470 3515 1684 3591 creati,
1753 3536 1785 3577 a
1834 3513 2029 3578 multis
2081 3514 2369 3578 creditum
2412 3522 2520 3589 est,

407 3621 469 3675 et
513 3612 586 3675 ad
634 3609 1105 3676 confirmandum
1153 3611 1527 3678 adduxerunt
1570 3624 1918 3700 argumenta
1973 3614 2046 3675 de
2089 3613 2521 3678 Praeadamitis
2583 3696 2596 3705 .

407 3730 479 3774 ex
522 3713 816 3798 computis
857 3722 915 3775 et
956 3710 1370 3799 Chronologiis
1412 3714 1565 3801 apud
1607 3715 1835 3799 aliquas
1866 3712 2120 3784 Gentes;
2172 3721 2296 3777 tum
2339 3714 2517 3776 etiam

406 3831 478 3873 ex
505 3809 682 3877 effato
711 3811 878 3876 Caini
906 3812 1298 3899 primogeniti
1324 3811 1543 3878 Adami
1574 3813 1646 3876 ad
1674 3812 1995 3887 Jehovam,
2055 3812 2280 3901 Vagus
2307 3825 2363 3877 et
2389 3818 2521 3903 agi-

405 3924 572 3978 tatus
614 3934 717 3978 ero
763 3908 825 3977 in
872 3927 1062 3990 terra,
1130 3929 1194 3979 ut
1230 3917 1515 4005 'quisquis
1555 3909 1883 4003 offenderit
1927 3935 2046 3988 me,
2113 3911 2349 3978 occidat
2393 3936 2515 3988 me3

404 4035 591 4103 quare
622 4016 834 4105 posuit
876 4011 1154 4079 Jehovah
1192 4012 1387 4077 Caino
1427 4016 1701 4102 signum,
1750 4010 1920 4106 quod
1946 4037 2073 4077 non
2111 4015 2400 4078 occisirus
2436 4018 2517 4080 sit

405 4110 578 4176 illum
619 4117 895 4208 quisquis
934 4108 1263 4204 offenderit
1300 4133 1467 4188 eum,
1533 4110 1744 4177 Genes.
1790 4113 1905 4178 IV:
1956 4117 2053 4177 14.
2103 4118 2202 4177 15.
2256 4127 2312 4179 et
2346 4128 2520 4206 post-

405 4230 585 4303 quam
621 4216 890 4278 exiverat
926 4235 961 4277 e
975 4209 1272 4299 ficiebus
1309 4211 1612 4289 Jebovae,
1658 4211 2013 4281 habitaverit
2054 4217 2119 4277 in
2155 4228 2317 4280 terra
2340 4214 2518 4290 Nod,

404 4324 462 4377 et
516 4310 929 4405 aedificaverit
981 4311 1211 4389 urbem,
1291 4313 1454 4380 Vers.
1516 4317 1614 4378 16.
1677 4319 1776 4379 17.
1859 4324 2298 4403 consequenter
2354 4316 2515 4401 quod
