2750 4775
620 355 625 361 ¹
710 328 869 387 vul.
947 328 1355 385 LJBERUM
1414 327 1952 384 ARBITBIUM.
2327 341 2394 391 39

299 481 548 548 fecimus
585 482 744 546 illam
774 502 949 548 ‘mere
979 482 1284 566 moralem,
1336 481 1604 548 similiter
1628 482 2022 569 Decalogum:
2076 482 2150 549 de
2189 482 2395 571 justifi-

300 585 552 660 catione,
604 584 947 650 remissione
974 593 1389 673 peccatorum,
1440 583 1905 670 regeneratione,
1955 595 2012 650 et
2036 584 2175 649 inde
2197 586 2393 654 salva·

298 685 499 760 tione,
564 705 675 749 nec
715 685 936 772 aliquid
990 685 1291 773 spirituale
1337 684 1658 758 tradimus,
1725 684 1974 750 dicimus
2010 685 2170 774 quod
2216 686 2392 754 Fides

301 795 587 872 operetur
611 784 771 861 illas,
823 785 925 850 sed
953 786 1284 875 quomodo,
1328 803 1570 871 prorsus
1596 807 1716 849 non
1743 786 1986 859 scimus;
2038 788 2170 852 loco
2198 787 2397 872 paeni·-

299 888 522 951 tentiae
565 887 877 952 sumsimus
919 887 1365 962 contritionem,
1430 906 1583 972 quae
1633 908 1706 952 ne
1753 885 2030 950 credatur
2065 886 2397 975 spiritualis,

299 988 661 1055 removimus
687 988 847 1052 illam
874 1010 907 1053 a
935 987 1050 1052 fide
1076 988 1273 1076 quoad
1303 1007 1540 1052 omnem
1569 997 1821 1051 tactum:
1866 987 1937 1051 de
1969 988 2398 1075 Redemptione

297 1111 413 1155 nee
450 1089 865 1176 adoptavimus
904 1089 1015 1155 nisi
1050 1090 1216 1153 ideas
1260 1107 1403 1176 pure
1445 1088 1777 1165 naturales,
1830 1109 1984 1174 quae
2020 1098 2185 1165 sunt,
2240 1089 2398 1176 quod

300 1189 467 1256 Deus
505 1191 686 1255 Pater
714 1189 919 1258 Genus
962 1189 1290 1254 humanum
1337 1188 1690 1254 concluserit
1728 1191 1840 1253 sub
1880 1189 2289 1266 damnatione,
2340 1200 2400 1255 et

297 1290 460 1378 quod
490 1292 677 1357 Filius
698 1291 887 1377 Ipsius
912 1292 1348 1356 damnationem
1390 1291 1547 1354 illam
1589 1291 1647 1354 in
1681 1312 1744 1355 se
1777 1291 2126 1377 susceperit,
2180 1300 2241 1354 et
2266 1312 2399 1379 pas·

296 1413 399 1457 sus
437 1413 501 1457 se
536 1414 710 1456 cruce
749 1393 1055 1479 suspendi,
1105 1403 1163 1457 et
1190 1392 1350 1478 quod
1389 1393 1475 1456 sic
1503 1391 1742 1456 Patrem
1771 1413 1940 1456 snum
1969 1392 2044 1456 ad
2069 1391 2398 1458 miseratio·

298 1514 435 1557 nem
462 1494 756 1582 adegerit,
810 1505 1045 1582 praeter
1071 1494 1281 1558 similia
1312 1492 1512 1579 plura,
1564 1493 1624 1555 iu
1653 1494 1869 1577 quibus
1907 1514 2028 1555 non
2073 1491 2397 1580 deprehen·-

296 1594 403 1659 des
429 1595 744 1683 quicquam
772 1595 1105 1683 spirituale,
1155 1596 1257 1660 sed
1285 1616 1512 1660 merum
1542 1595 1832 1658 naturale.
1898 1594 2014 1659 sed
2043 1604 2186 1659 tunc
2209 1594 2274 1658 iu
2299 1616 2398 1659 ex-

297 1697 710 1761 candescentia
739 1699 898 1784 prius
924 1706 1208 1785 concepta
1243 1694 1584 1760 continuavi
1614 1694 1896 1770 dicendo,
1931 1696 1978 1759 si
2018 1694 2246 1759 homiui
2273 1716 2397 1759 nou

294 1795 453 1861 foret
495 1797 746 1862 liberum
779 1798 1090 1863 arbitrium
1118 1798 1175 1860 in
1205 1796 1636 1886 spiritualibus,
1689 1796 1828 1883 quid
1861 1806 2004 1859 tunc
2030 1795 2185 1861 soret
2212 1795 2392 1860 homo

293 1898 406 1964 uisi
446 1899 723 1974 brutum,
787 1904 1083 1963 eminetne
1122 1897 1304 1962 homo
1364 1918 1471 1982 per
1512 1896 1655 1960 illud
1706 1895 1908 1982 super‘
1926 1897 2113 1964 brutis
2157 1896 2390 1971 bestiisi

291 1998 437 2085 quid
465 1999 727 2066 Ecclesia
767 2001 991 2088 absque
1017 2000 1119 2063 illo
1145 1999 1256 2064 nisi
1286 1998 1468 2061 facies
1492 1995 1730 2061 fullonis
1755 2008 1881 2063 atra
1898 2044 1916 2073 ‚
1968 1999 2027 2061 in
2057 1998 2224 2085 cujus
2249 2015 2393 2063 ocu-

291 2099 369 2164 lis
392 2108 479 2163 est
504 2109 673 2184 gutta
699 2100 866 2173 alba;
921 2100 1058 2187 quid
1087 2099 1354 2165 Verbum
1389 2098 1752 2183 absqueillo
1795 2100 1907 2162 nisi
1941 2099 2128 2166 codex
2170 2099 2391 2174 inanis;

299 2199 442 2285 quid
487 2198 855 2285 frequentius
889 2200 970 2264 ibi
1012 2200 1226 2263 dicitur
1266 2207 1325 2262 et
1358 2200 1724 2275 mandatur,
1759 2239 1764 2252 ι
1794 2221 1967 2286 quam
2011 2198 2173 2286 quod
2210 2199 2390 2265 homo

302 2306 610 2364 amaturus
649 2299 723 2362 sit
751 2300 978 2377 Deum,
1029 2310 1087 2364 et
1128 2299 1285 2386 quod
1313 2308 1617 2368 amaturus
1642 2300 1715 2364 sit
1746 2301 2108 2391 proximum,
2161 2310 2220 2366 et
2246 2323 2393 2390 quo·

272 2408 421 2488 'que
446 2400 602 2486 quod
631 2402 961 2467 crediturus
988 2403 1088 2477 sit,
1135 2412 1257 2465 tum
1284 2402 1444 2489 quod
1472 2402 1627 2466 salus
1653 2412 1712 2466 et
1744 2404 1859 2468 vita
1889 2403 1941 2465 ei
1967 2404 2061 2480 sit,
2109 2405 2392 2491 quemad·-

270 2501 540 2566 wadum
579 2513 740 2566 amat
778 2511 838 2566 et
881 2504 1096 2577 credit;
1164 2504 1294 2591 quis
1329 2512 1419 2568 est
1462 2503 1554 2568 cui
1593 2525 1715 2568 non
1753 2512 1842 2568 est
1885 2503 2137 2571 facultas
2171 2504 2388 2571 intelli·

293 2603 473 2690 gendi
513 2613 570 2666 et
611 2603 863 2669 faciendi
902 2604 1033 2680 illa,
1087 2626 1239 2691 quae
1269 2613 1577 2693 praecepta
1605 2592 1746 2671 sunt
1770 2606 1828 2669 in
1858 2605 2097 2682 Verbo,
2150 2615 2209 2670 et
2237 2624 2390 2693 quae

287 2704 354 2767 iu
392 2704 724 2790 Deealogo;
790 2706 1091 2794 quomodo
1132 2707 1413 2792 potuisset
1452 2707 1614 2771 Deus
1655 2708 1793 2771 talia
1840 2705 2065 2770 homini
2104 2706 2391 2796 praescri-

290 2807 436 2869 bere
464 2814 524 2869 et
553 2804 866 2882 mandare,
920 2808 1029 2872 nisi
1058 2809 1110 2871 ei
1137 2807 1275 2872 data
1305 2817 1459 2872 esset
1488 2806 1752 2872 facultas
1809 2809 1919 2872 Dic
1945 2808 2120 2872 alicui
2135 2809 2389 2884 rustico,

289 2908 449 3009 apud
490 2929 680 2993 quem
698 2908 869 2972 Mens
910 2930 1014 2994 per
1051 2908 1368 2973 fallacias
1352 2931 1410 2973 ln
1438 2908 1816 2995 Theologicis
1858 2930 1977 2973 non
2019 2918 2386 2998 praestructa

222 3020 227 3025 '
288 3018 412 3085 est,
463 3009 620 3094 quod
646 3030 723 3070 ne
754 3009 934 3073 hilum
977 3011 1103 3095 plus
1129 3030 1305 3095 quam
1333 3018 1578 3075 truncus
1602 3021 1664 3073 et
1703 2996 1888 3094 lapis,
1944 3009 2127 3096 possit
2171 3009 2387 3072 iutelli—

293 3129 435 3195 gere
475 3119 534 3172 et
574 3109 727 3174 velle
763 3111 822 3173 in
855 3112 1035 3174 rebus
1063 3109 1197 3177 fidei
1225 3121 1283 3175 et
1312 3110 1646 3183 charitatis,
1700 3120 1757 3173 et
1782 3110 1916 3174 inde
1939 3111 2175 3184 salutis,
2226 3119 2388 3174 etue

290 3210 529 3297 quidem
570 3210 651 3279 ad
680 3210 780 3276 illa
817 3232 883 3275 se
919 3212 1210 3299 applicare
1252 3222 1310 3275 et
1340 3210 1825 3281 accommodare,
1881 3231 2077 3273 annon
2112 3220 2253 3274 tuuc
2291 3208 2391 3272 ille

288 3321 422 3376 toto
465 3323 703 3400 pectore
747 3304 969 3376 risurus
1009 3322 1190 3386 esset,
1252 3321 1312 3375 et
1355 3313 1649 3385 dicturus,
1723 3311 1861 3397 quid
1907 3310 2194 3387 insanius,
2248 3310 2388 3396 quid

289 3412 432 3476 mibi
480 3423 621 3476 tunc
676 3430 808 3476 cum
850 3413 1173 3478 Sacerdote
1231 3422 1289 3475 et
1342 3414 1470 3499 ejus
1517 3412 1990 3498 praedicatione,
2060 3411 2198 3498 quid
2245 3421 2386 3478 tunc

282 3512 605 3600 Templum
646 3514 772 3599 plus
811 3536 983 3599 quam
1016 3514 1345 3587 stabulum,
1397 3524 1456 3577 et
1486 3513 1623 3601 quid
1656 3522 1796 3577 tunc
1822 3512 2028 3577 Cultus
2055 3512 2182 3597 plus
2209 3535 2385 3601 quam

289 3616 518 3689 aratio,
570 3614 647 3678 oh
688 3636 837 3700 quae
878 3615 1169 3679 dementia
1205 3614 1284 3678 ita
1315 3614 1509 3700 loqui,
1564 3625 1652 3679 est
1679 3614 1916 3679 fatuitas
1942 3637 2116 3702 supra
2145 3614 2382 3681 fatuita-

291 3726 442 3788 term
504 3715 635 3801 quis
672 3725 850 3801 negat
890 3716 1046 3803 quod
1092 3736 1265 3779 omne
1298 3714 1518 3779 honum
1548 3716 1619 3779 sit
1649 3736 1683 3779 a
1712 3716 1876 3795 Deo,
1927 3738 2125 3780 nonne
2164 3715 2391 3781 bomini
2433 3728 2446 3734 '

289 3816 494 3880 datum
536 3826 623 3880 est
638 3816 855 3880 'facere
882 3817 1099 3881 bonum
1129 3839 1199 3881 ex
1225 3838 1286 3880 se
1314 3839 1345 3879 a
1376 3816 1542 3887 Deo;
1593 3817 1779 3881 simile
1818 3826 1905 3881 est
1945 3817 2205 3882 credere.
2277 3818 2390 3881 His

286 3917 533 3994 auditis,
586 3919 995 3983 clamaverunt
1036 3938 1272 3994 omnes,
1323 3939 1434 3981 nos
1462 3917 1690 4004 loquuti
1719 3939 1921 3983 sumus
1946 3939 2017 3982 ex
2044 3916 2388 3982 orthodoxis

287 4018 652 4096 orthodoxe,
703 4029 766 4082 tu
793 4030 992 4084 autem
1022 4040 1094 4084 ex
1119 4018 1355 4084 rusticis
1378 4019 1626 4083 rustice:
1681 4028 1741 4082 at
1768 4019 1964 4084 subito
1995 4027 2134 4082 tunc
2162 4017 2384 4080 fulmen

285 4118 561 4207 illapsum
593 4130 679 4185 est
707 4141 740 4183 e
768 4120 968 4195 caelo,
1024 4120 1184 4209 quod
1210 4141 1303 4184 nef
1315 4129 1688 4184 consumeret
1714 4119 1873 4193 illos,
1928 4116 2227 4181 turmatim
2256 4134 2389 4177 eru·

290 4233 536 4308 pertint,
589 4231 647 4286 et
675 4220 957 4309 fugeruut
978 4222 1152 4299 inde,
1204 4221 1454 4308 quisque
1478 4219 1551 4285 ad
1576 4241 1746 4287 suam
1773 4218 2028 4284 domum.

2023 4324 2072 4339 (fi
2103 4318 2118 4327 '¹
2247 4335 2258 4341 -
2309 4329 2318 4335 ⁴

1927 4348 1960 4367 ‘a
1991 4336 2004 4343 ““
2039 4346 2066 4383 ε
2105 4346 2134 4361 ο.
2175 4334 2196 4362 ,ἢ
2233 4336 2264 4360 {⁴⁴
2305 4348 2328 4359 κ,
2345 4332 2370 4347 ⁴⁸

1865 4364 1942 4405 β’»
1999 4376 2006 4387 *

1847 4393 1972 4425 ,ἵν
