2750 4775
464 381 566 433 11³6
686 367 1143 422 UMVERSA
1192 366 1724 422 THEOLOGIA
1774 370 1837 421 N.
1881 369 1943 422 C.
1984 370 2092 421 ET
2133 369 2198 421 N.
2243 369 2304 419 E.

458 525 775 611 conjungat
814 522 977 598 illos,
1024 522 1124 588 sed
1166 523 1587 612 proprietates,
1638 544 1791 609 quae
1832 531 1966 586 sunt
2006 525 2260 594 creatio,
2317 523 2549 588 redem-

459 626 613 716 ptio,
661 626 977 712 operatio,·
1007 642 1110 688 seu
1135 625 1478 709 imputatio,
1532 625 1748 707 justitia
1793 626 2075 712 imputata
2104 635 2163 688 et
2191 623 2551 703 effectuatio,

457 737 733 815 separent
775 726 931 791 illos:
985 746 1139 812 quae
1166 745 1339 790 causa
1371 733 1490 800 est,
1543 726 1703 812 quod
1749 729 1977 790 tametsi
2021 747 2095 789 ex
2139 727 2326 792 tribus
2366 749 2546 791 unum

457 831 648 895 Deum
677 834 1151 913 composuerunt,
1197 847 1383 910 usqne
1409 837 1606 890 tamen
1633 848 1707 889 ex
1733 827 1919 890 tribus
1944 828 2219 892 Personis
2247 850 2364 889 non
2392 826 2550 891 fece-

455 933 576 996 rint
600 952 811 1006 unum,
857 937 1095 1014 propter
1124 948 1356 991 causam
1376 976 1393 1003 ,
1443 950 1517 992 ne
1545 926 1676 992 idea
1707 929 1882 993 trium
1909 929 2170 993 Deorum
2200 928 2552 993 obliterare-

455 1043 580 1103 tur3
645 1053 781 1095 nam
835 1029 1112 1116 quamdiu
1169 1030 1530 1116 unaquaevis
1583 1029 1845 1094 Persona
1895 1030 2226 1116 singulatim
2283 1029 2548 1095 creditur

459 1133 654 1208 Deus»,
705 1140 770 1195 ut
797 1132 855 1195 in
878 1129 1167 1221 Syrnbolo
1195 1129 1436 1206 dicitur,
1487 1132 1535 1195 si
1563 1141 1703 1193 tunc
1731 1141 2160 1217 consequenter
2186 1140 2306 1194 tres
2333 1131 2552 1197 Perso-

458 1255 571 1298 nae
600 1230 805 1298 fierent
834 1253 982 1307 una,
1036 1240 1158 1295 tota
1189 1232 1414 1297 Domus
1452 1253 1630 1320 super
1667 1231 1856 1297 tribus
1896 1233 2045 1297 sicut
2085 1231 2372 1296 columnis
2413 1231 2550 1296 fun·

462 1335 600 1399 data
646 1334 703 1397 in
749 1353 1022 1398 acervum
1075 1331 1386 1397 decideret.
1479 1333 1654 1413 Quod
1694 1333 1968 1423 Synodus
2017 1333 2112 1398 illa
2160 1334 2553 1398 introduxerit

465 1446 583 1500 tres
626 1435 917 1501 Personas
957 1435 1203 1499 Divinas
1240 1434 1318 1498 ab
1359 1445 1635 1509 aeterno,
1684 1430 1794 1498 fuit
1834 1454 2041 1510 causa,
2094 1434 2231 1522 quia
2275 1456 2393 1497 non
2440 1436 2552 1519 rite

460 1537 703 1602 scrutati
731 1546 865 1601 sunt
890 1536 1183 1610 Verbum,
1235 1545 1294 1598 et
1336 1535 1469 1599 inde
1512 1557 1631 1597 non
1664 1534 1823 1598 aliud
1852 1534 2081 1625 azylum
2126 1543 2331 1599 contra
2377 1536 2553 1601 Aria-

462 1638 570 1702 nos
623 1640 987 1703 invenerunt.
1082 1635 1256 1713 Quod
1311 1646 1511 1725 postea
1567 1647 1684 1700 tres
1735 1637 1863 1701 illas
1908 1636 2229 1710 Persona,
2297 1658 2554 1723 quarum

464 1740 757 1828 quaelibet
786 1749 872 1802 est
901 1738 1061 1802 Deus
1093 1760 1194 1823 per
1223 1761 1314 1814 se,
1367 1738 1722 1803 contulerint
1750 1739 1809 1799 in
1843 1760 2021 1801 unum
2051 1739 2275 1814 Deum,
2328 1737 2441 1802 fuit
2483 1761 2554 1802 ex

467 1842 708 1916 timore,
763 1861 835 1902 ne
868 1840 943 1902 ab
971 1837 1126 1901 omni
1157 1840 1427 1903 rationali
1457 1841 1729 1925 religioso
1765 1841 1825 1901 in
1851 1840 2039 1902 tribus
2063 1838 2246 1903 Orbis
2272 1839 2557 1904 Partibus

456 1943 902 2028 inculparentur
929 1939 1092 2003 Fidei
1123 1940 1294 2004 trium
1326 1941 1604 2014 deorum,
1652 1950 1710 2002 et
1739 1939 2318 2026 blasphemarentur:
2373 1939 2554 2019 Quod

465 2043 810 2107 tradiderint
835 2040 1009 2104 fidem
1043 2039 1390 2128 applicatam
1421 2042 1608 2105 tribus
1635 2040 1692 2102 in
1723 2041 1959 2115 ordine,
2014 2040 2121 2105 fuit
2154 2061 2368 2123 causa,
2416 2040 2557 2128 quia

355 2154 367 2167 '
462 2166 581 2209 non
612 2144 723 2207 alia
751 2163 821 2205 ex
850 2141 949 2205 illo
978 2141 1260 2229 principio
1289 2142 1557 2228 profluit:
1609 2140 1745 2205 huic
1774 2143 2028 2216 accedit,
2079 2143 2125 2207 si
2159 2164 2310 2206 unus
2350 2164 2425 2206 ex
2456 2144 2560 2206 tri—

465 2246 573 2310 bus
600 2244 1043 2332 praeteriretur,
1086 2264 1202 2306 non
1233 2244 1564 2307 mitteretur
1592 2245 1797 2308 tertius
1814 2290 1830 2318 ,
1874 2252 1933 2305 et
1959 2244 2042 2307 sic
2069 2245 2258 2306 omnis
2284 2243 2558 2329 operatio

464 2344 717 2411 Divinae
748 2344 970 2430 gratiae
997 2346 1285 2409 incassum
1317 2346 1447 2410 iret.

621 2447 764 2509 634.
819 2446 931 2510 Sed
961 2447 1360 2534 propalabitur
1392 2447 1633 2517 veritas;
1689 2445 1924 2534 quando
1953 2445 2126 2509 Fides
2156 2446 2218 2508 in
2245 2453 2367 2510 tres
2394 2446 2555 2511 Deos

466 2548 524 2609 in
553 2542 910 2611 Christianas
942 2547 1231 2612 Ecclesias
1259 2549 1589 2612 introducta
1618 2558 1735 2624 est,
1789 2547 1945 2633 quod
1973 2544 2193 2609 factum
2219 2557 2311 2611 est
2343 2567 2379 2611 a
2407 2557 2558 2610 tem·

468 2667 609 2740 pore
636 2645 864 2738 Synodi
892 2649 1191 2713 Nicaenae
1210 2698 1226 2725 ,
1278 2669 1452 2712 omne
1485 2649 1701 2713 bonum
1731 2647 2031 2712 charitatis
2057 2656 2114 2711 et
2144 2669 2318 2711 omne
2349 2670 2558 2712 verum

468 2747 603 2811 fidei
631 2749 1034 2825 exulaverunt‚
1074 2750 1171 2812 illa
1201 2750 1317 2812 duo
1345 2751 1499 2813 enim
1529 2750 1859 2814 nullatenus
1886 2747 2203 2813 consistunt
2229 2771 2364 2812 cum
2394 2749 2562 2812 cultu

467 2850 703 2913 mentali
749 2850 922 2914 trium
967 2851 1241 2927 deorum,
1293 2862 1351 2914 et
1398 2851 1569 2916 simul
1621 2874 1753 2916 cum
1800 2850 1960 2914 cultu
2013 2848 2162 2912 orali
2207 2849 2382 2914 unius
2424 2850 2566 2924 Dei,

468 2950 638 3014 Mens
664 2952 822 3014 enim
850 2962 1024 3037 negat
1054 2952 1211 3039 quod
1238 2974 1303 3016 os
1332 2952 1623 3041 loquitur,
1676 2962 1734 3016 et
1760 2974 1826 3016 os
1853 2959 2031 3036 negat
2071 2950 2223 3037 quod
2257 2972 2427 3015 mens
2458 2975 2564 3016 co-

467 3050 647 3135 gitat,
699 3051 831 3115 inde
871 3050 964 3127 fit,
1018 3052 1175 3138 quod
1206 3073 1314 3116 nec
1353 3056 1440 3116 sit.
1461 3051 1601 3117 fides
1629 3054 1803 3118 trium
1833 3052 2126 3127 Deorum,
2179 3074 2374 3139 neque
2415 3051 2567 3118 fides

471 3151 676 3218 Unius.
743 3153 831 3217 Ex
861 3151 975 3216 hoc
1002 3162 1189 3240 patet,
1242 3153 1401 3240 quod
1428 3152 1738 3240 Templum
1769 3152 2159 3217 Christianum
2191 3152 2267 3218 ab
2303 3175 2377 3217 eo
2403 3164 2567 3217 tem·

469 3276 609 3343 pore
636 3276 754 3319 non
784 3253 958 3318 modo
998 3255 1174 3318 rimas
1205 3253 1466 3328 duxerit,
1516 3253 1617 3318 sed
1647 3254 1964 3340 collapsum
1993 3254 2067 3318 sit
2092 3255 2153 3317 in
2192 3256 2444 3329 rudera3
2503 3263 2566 3319 et

468 3355 624 3444 q‘uod
652 3357 824 3438 abeo
855 3366 1117 3440 tempore
1144 3365 1376 3441 apertus
1404 3356 1476 3419 sit
1505 3363 1712 3443 puteus
1740 3355 1968 3444 abyssi,
2023 3375 2092 3418 ex
2131 3377 2249 3442 quo
2292 3357 2571 3420 ascendit

467 3457 660 3521 sumus
685 3457 832 3522 sicut
860 3455 1112 3519 fornacis
1141 3476 1421 3543 magnae,
1469 3465 1528 3519 et
1554 3457 1901 3520 obscuratus
1928 3464 2013 3518 est
2040 3455 2142 3520 Sol
2169 3466 2226 3518 et
2255 3461 2392 3529 aet,
2442 3466 2511 3520 et
2536 3475 2570 3518 e

466 3580 584 3643 quo
627 3559 882 3620 locustae
914 3557 1221 3619 exiverunt
1260 3558 1316 3619 in
1359 3567 1612 3632 tetram,
1666 3554 1845 3641 Apoc.
1890 3556 2028 3644 Cap.
2080 3558 2195 3622 IX:
2237 3562 2292 3620 ⁶2..
2342 3561 2414 3631 ὃς
2479 3559 2573 3625 vi-

467 3657 674 3720 deatur
715 3656 1037 3745 Explicatio
1077 3658 1309 3721 illorum
1357 3659 1417 3721 in
1466 3653 1854 3722 ArocAmrPsr
1896 3677 2253 3731 [iuvenum
2308 3658 2432 3721 imo
2489 3661 2571 3724 ab

467 3756 566 3821 illo
595 3766 854 3843 tempore
896 3759 1123 3842 incepta
1166 3769 1253 3822 est
1292 3769 1352 3821 et
1397 3757 1981 3824 increvit'Desolatio
2024 3759 2318 3844 praedicta
2360 3780 2394 3822 a
2437 3762 2574 3825 Da-

466 3856 651 3932 niele,
704 3856 913 3924 Maub.
952 3860 1181 3925 XXIV:
1232 3864 1345 3934 15,
1398 3872 1455 3925 et
1484 3860 1558 3926 ad
1586 3859 1756 3924 fidem
1788 3860 1948 3924 illam
1975 3868 2032 3921 et
2058 3862 2183 3947 ejus
2215 3861 2575 3947 imputatio·

468 3980 599 4023 nem
629 3971 1018 4046 congregatae
1047 3971 1179 4025 sunt
1208 3961 1438 4048 aquilae
1461 4011 1476 4039 ,
1529 3962 1693 4027 Vers.
1734 3965 1837 4024 28.
1871 3960 2127 4044 eiusdem
2158 3961 2408 4045 Capitis;
2461 3983 2576 4050 per

466 4059 691 4146 aquilas
717 4061 795 4124 ibi
824 4062 1224 4149 intelliguntur
1251 4061 1549 4128 Primores
1577 4061 1871 4127 Ecclesiae
1903 4063 2049 4126 sicut
2077 4063 2285 4152 lyncei.
2367 4061 2429 4126 Si
2480 4065 2576 4127 di·

469 4161 653 4234 citur,
700 4162 856 4247 quod
913 4161 1271 4234 Concilium,
1336 4162 1397 4223 in
1434 4185 1549 4247 quo
1595 4163 1986 4227 consederunt
2030 4173 2119 4226 tot
2165 4163 2445 4251 Episcopi
2501 4185 2579 4230 ac

470 4259 582 4324 viri
627 4261 901 4339 laureati,
974 4261 1262 4326 unanimis
1304 4258 1589 4347 suffragiis
1627 4261 1771 4348 illud
1818 4262 2222 4340 decreverint,
2275 4263 2380 4329 sed
2417 4264 2578 4353 quid
