2750 4775
347 370 1118 426 ADDITAMENTUM.
1171 400 1228 409 —
1282 373 1748 429 HOLLANDJ
1791 377 1880 430 IN
1920 377 1996 429 Μ.
2040 378 2158 433 SP.
2243 391 2352 441 317

220 545 334 589 ma
369 524 497 587 Lux
525 524 876 609 spiritualis,
931 525 1088 614 apud
1131 525 1262 590 illos
1289 536 1406 601 est,
1462 537 1519 590 et
1548 528 1675 592 Lux
1708 528 1841 591 inde
1879 532 2027 595 sicut
2070 552 2104 596 a
2126 531 2351 599 Centro

227 634 611 713 propagatur
638 626 696 687 in
726 645 932 690 omnes
961 625 1321 713 peripherias
1362 648 1547 713 usqne
1591 628 1663 691 ad
1708 630 1975 706 ultimas,
2027 634 2351 699 secundum

223 728 337 791 illa
357 774 374 802 ‚
431 746 582 811 quae
607 726 1142 790 'in'Transactione
1184 727 1256 789 de
1287 727 1641 794 Semproni
1670 729 1879 794 Saeua
1911 751 2086 820 supra
2119 755 2187 794 n:
2217 739 2345 797 267

232 828 318 892 ad
367 830 534 900 272,
604 835 838 890 ostensa
894 836 1045 890 sunt.
1117 827 1186 889 ln
1232 825 1348 892 hoc
1395 827 1595 893 Medio
1637 827 1972 894 Christiano
2015 831 2349 898 Reformati

229 927 434 993 sortiti
482 935 615 992 sunt
654 925 784 990 loca
812 927 1132 991 secundum
1168 930 1564 1016 receptionem
1601 929 1774 995 Lucis
1811 931 2130 1020 spiritualis
2170 953 2203 996 a
2232 933 2355 997 Do-

229 1029 435 1100 miuo;
490 1035 548 1090 et
574 1027 711 1112 quia
745 1026 1026 1091 Hollandi
1058 1027 1274 1092 Lucem
1303 1028 1462 1093 illam
1501 1029 1706 1093 lumini
1742 1031 2000 1095 naturali
2041 1054 2148 1097 suo
2190 1034 2353 1121 peni-

211 1128 368 1194 tius
386 1138 445 1191 et
474 1127 716 1214 plenius
739 1128 1062 1212 injunctam
1095 1129 1421 1216 possident,
1475 1140 1533 1194 et
1562 1131 1697 1193 inde
1725 1140 1858 1195 sunt
1888 1131 2014 1197 aliis
2041 1134 2353 1221 receptibi-

230 1229 422 1294 liores
462 1227 664 1291 talium
707 1249 859 1315 quae
899 1230 1145 1293 rationis
1178 1239 1345 1303 sunt,
1401 1231 1532 1293 ideo
1576 1232 1632 1292 in
1665 1231 1998 1297 Meditullio
2043 1233 2142 1298 illo
2180 1233 2352 1298 Chri·

232 1331 436 1395 stiano
463 1328 861 1393 habitationes
899 1331 1057 1392 nacti
1084 1339 1217 1393 sunt
1247 1330 1303 1392 in
1334 1330 1581 1394 Oriente
1614 1342 1671 1396 et
1700 1333 1969 1408 Meridie,
2016 1335 2073 1396 in
2103 1333 2351 1398 Oriente

234 1453 310 1495 ex
352 1429 635 1495 facultate
675 1429 995 1516 recipiendi
1036 1429 1308 1494 Calorem
1349 1431 1711 1518 spiritualem
1735 1482 1750 1508 ,
1804 1442 1863 1495 et
1903 1434 1961 1496 in
1989 1433 2238 1498 Meridie
2277 1456 2350 1498 ex

235 1531 527 1595 facultate
555 1530 870 1619 recipiendi
908 1530 1125 1594 Lucem
1158 1532 1540 1617 spiritualem.
1609 1532 1783 1611 Quod
1824 1532 2048 1622 Plagae
2086 1535 2145 1597 in
2174 1537 2350 1600 Mun-

237 1632 320 1696 do
364 1631 651 1719 spirituali
686 1651 805 1694 non
833 1630 948 1694 sint
976 1631 1373 1717 sicut-Plagae
1414 1634 1472 1694 in
1499 1634 1728 1699 Mundo
1755 1636 2047 1710 naturali,
2102 1645 2157 1698 et
2189 1635 2347 1722 quod

234 1730 638 1796 habitationes
678 1731 997 1795 secundum
1040 1732 1257 1818 Plagas
1299 1734 1415 1796 sint
1457 1731 1852 1798 habitationes
1896 1735 2215 1799 secundum
2259 1757 2349 1799 re·

237 1833 575 1919 ceptionem
604 1832 771 1896 Fidei
798 1841 857 1894 et
886 1830 1153 1908 AmoriS,
1205 1842 1265 1895 et
1291 1833 1449 1918 quod
1494 1836 1552 1896 in
1594 1836 1841 1900 Oriente
1878 1835 1999 1899 sint
2036 1835 2136 1922 qui
2180 1856 2347 1922 prae-

231 1944 397 1999 stant
426 1931 678 2010 Amore,
733 1944 789 1997 et
821 1934 877 1993 in
909 1932 1158 1998 Meridie
1192 1935 1290 2018 qui
1336 1941 1637 2018 praestant
1667 1923 2094 2023 Intelligentia,
2146 1936 2347 2002 videa—

233 2045 336 2099 tur
365 2035 426 2098 in
454 2036 654 2120 Opere
683 2035 755 2097 de
784 2032 995 2097 CAELo
1022 2055 1097 2097 ET
1125 2035 1433 2111 lum-:num
1487 2056 1554 2097 n:
1603 2038 1720 2099 14'1
1761 2036 1833 2099 ad
1868 2040 2010 2101 158.

325 2155 358 2180 ‘·
395 2139 542 2199 801.
611 2134 839 2208 Causa,
892 2134 1048 2219 quod
1090 2133 1387 2198 Hollandi·
1427 2135 1484 2196 in
1526 2135 1639 2199 illis
1679 2136 1989 2200 Meditullii
2027 2136 2342 2202 Christiani

230 2236 438 2322 Plagis
473 2236 590 2300 sint
612 2281 627 2309 ,
681 2245 778 2299 est
810 2254 1046 2321 quoque
1091 2236 1225 2322 quia
1268 2234 1612 2325 Negotiatio
1650 2246 1739 2301 est
1764 2234 1950 2301 Amor
1989 2235 2180 2303 finalis
2214 2238 2346 2304 illo·

231 2358 394 2411 rum,
445 2356 517 2402 ac
540 2335 800 2401 Pecunia
831 2332 1020 2401 Amor
1045 2335 1270 2401 medius
1297 2336 1640 2412 inserviens,
1693 2348 1752 2402 et
1779 2337 1875 2402 ille
1903 2336 2091 2405 Amor
2116 2349 2203 2406 est
2228 2340 2344 2428 spi-

234 2436 502 2507 ritualis;
558 2444 617 2498 at
652 2435 752 2498 ubi
778 2436 1036 2501 Pecunia
1079 2446 1164 2501 est
1196 2438 1385 2501 Amor
1423 2436 1645 2514 finalis,
1698 2449 1759 2503 et
1785 2439 2145 2527 Negotiatio
2172 2461 2342 2508 amor

240 2534 475 2600 medius
499 2535 835 2611 inserviens,
887 2537 1385 2624 quemadmodum
1414 2538 1569 2625 apud
1597 2539 1878 2616 Judaeos,
1916 2551 2005 2607 est
2030 2538 2341 2607 illeAmor

239 2635 559 2711 naturalis,
612 2646 672 2699 et
709 2635 883 2700 trahit
915 2659 987 2700 ex
1031 2639 1299 2703 avaritia.
1366 2640 1546 2720 Quod
1590 2638 1780 2705 Amor
1819 2642 2160 2727 negotiandi
2199 2642 2338 2706 dum

235 2745 332 2802 est
361 2734 579 2812 finalis,
631 2737 705 2801 sit
729 2737 1066 2823 spiritualis,
1118 2749 1203 2802 est
1232 2759 1304 2801 ex
1336 2761 1444 2804 usu
1473 2741 1628 2826 ejus,
1683 2741 1842 2828 quod
1870 2742 2153 2808 inserviat
2179 2765 2340 2806 com-

230 2838 402 2902 muni
449 2838 637 2913 hono,
693 2859 826 2902 cum
870 2860 990 2924 quo
1031 2840 1331 2928 proprium
1380 2841 1600 2904 bonum
1643 2840 1876 2928 quidem
1919 2840 2228 2916 cohaeret,
2281 2851 2343 2904 et

226 2937 350 3002 hoc
380 2959 522 3025 prae
550 2938 650 3002 illo
679 2948 957 3026 apparet,
1013 2940 1150 3027 quia
1180 2938 1359 3004 homo
1389 2962 1461 3004 ex
1490 2940 1750 3005 naturali
1778 2962 1884 3005 suo
1912 2940 2149 3003 homine
2179 2940 2340 3026 cogi-

230 3048 353 3110 tat;
408 3040 509 3103 sed
539 3060 718 3125 usque
748 3038 885 3101 dum
916 3040 1259 3126 Negotiatio
1287 3051 1373 3105 est
1405 3039 1561 3118 linis,
1615 3050 1702 3105 est
1730 3060 1967 3126 quoque
2012 3039 2110 3102 ille
2152 3060 2338 3115 amor,

229 3149 292 3202 et
348 3140 596 3227 quisque
648 3140 967 3204 secundum
1031 3162 1295 3206 amorem
1362 3140 1596 3204 finalem
1653 3148 1955 3227 spectatur
2017 3141 2074 3202 in
2129 3139 2341 3215 Caelo;

231 3237 422 3304 Amor
463 3241 616 3302 enim
662 3239 852 3303 finalis
889 3249 974 3304 est
1020 3242 1167 3306 sicut
1211 3241 1501 3306 Dominus
1539 3242 1765 3327 Regni,
1834 3249 1937 3302 aut
1975 3240 2125 3304 sicut
2164 3238 2342 3305 herus

229 3339 445 3415 Domi,
499 3351 554 3403 et
599 3341 805 3425 reliqui
849 3362 1081 3405 amores
1122 3353 1257 3407 sunt
1299 3340 1448 3406 sicut
1487 3343 1611 3427 ejus
1646 3340 1864 3404 subditi
1904 3351 1962 3403 et
1992 3341 2226 3413 famuli;
2282 3350 2340 3404 et

227 3462 474 3526 quoque
510 3440 697 3505 Amor
739 3440 929 3504 finalis
971 3441 1029 3503 in
1071 3442 1360 3528 supremis
1394 3462 1464 3504 ac
1492 3443 1709 3505 intimis
1738 3441 1948 3505 mentis
1979 3441 2228 3518 residet,
2281 3452 2341 3506 et

229 3561 470 3605 amores
513 3541 686 3605 medii
728 3551 862 3606 sunt
903 3541 1059 3605 infra
1103 3553 1161 3606 et
1191 3553 1353 3605 extra
1386 3541 1576 3618 illum,
1622 3550 1679 3605 et
1716 3543 1981 3606 serviunt
2025 3544 2077 3606 ei
2117 3543 2191 3608 ad
2232 3566 2341 3607 nu·

227 3651 388 3710 tum;
444 3642 500 3703 in
529 3642 812 3728 spirituali
841 3641 956 3705 hoc
1002 3664 1204 3707 amore
1243 3652 1379 3707 sunt
1410 3642 1691 3707 Hollandi
1734 3663 1874 3729 prae
1915 3644 2071 3708 aliis.
2125 3656 2185 3709 at
2229 3644 2342 3708 Ju-

226 3741 363 3805 daei
415 3742 473 3803 in
518 3740 737 3806 Amore
783 3742 1050 3818 inverso,
1119 3765 1305 3829 quare
1351 3744 1540 3808 Amor
1584 3743 1924 3830 negotiandi
1973 3745 2208 3809 illorum
2254 3753 2343 3808 est

226 3860 394 3905 mere
425 3843 748 3918 naturalis,
800 3843 860 3905 in
890 3865 1006 3931 quo
1038 3842 1180 3908 nihil
1222 3866 1293 3909 ex
1336 3845 1632 3910 communi
1670 3845 1862 3916 hono,
1915 3845 2028 3908 sed
2054 3846 2245 3910 solum
2271 3866 2341 3908 ex

227 3943 504 4032 proprio,
558 3943 717 4008 intus
745 3944 904 4010 latet.
2380 4032 2383 4033 γ

386 4047 533 4106 802.
592 4044 876 4108 Hollandi
911 4043 1205 4133 principiis
1243 4067 1386 4111 suae
1415 4042 1993 4131 Religionis'firmius
2029 4042 2344 4108 inhaerent

225 4164 408 4230 quam
439 4143 567 4219 alii,
623 4165 735 4208 nec
765 4145 1148 4209 dimoventur
1187 4148 1264 4210 ah
1296 4146 1438 4221 illis,
1492 4156 1553 4209 et
1577 4146 1624 4211 si
1654 4145 2127 4219 convincuntur,
2181 4138 2343 4229 quod

223 4243 344 4313 hoc
374 4253 474 4309 aut
500 4244 646 4309 illud
672 4266 791 4310 non
817 4264 1069 4310 concors
1097 4247 1189 4323 sit,
1244 4266 1431 4337 usque
1459 4266 1578 4310 non
1606 4245 1916 4317 affirmant,
1970 4241 2074 4305 sed
2102 4249 2350 4307 vertunt
