2750 4775
702 314 859 369 vlu.
936 313 1348 371 LIBERUM.
1415 314 1951 370 ARBITRIUM.
2328 327 2395 378 57

295 470 515 536 Libero
554 465 823 536 ,Arbitrio
867 466 1122 534 hominis
1159 468 1219 544 in
1268 468 1698 555 spiritualibus,
1762 467 1876 534 boc
1918 469 2030 535 fnit
2071 469 2129 534 in
2167 470 2397 538 Mundo

292 573 619 660 spirituali3
673 570 921 635 aderant
948 592 1020 633 ex
1040 570 1208 637 ,omni
1238 571 1410 656 plaga
1440 570 1617 645 docti,
1672 571 1770 657 qui
1797 571 1853 633 in
1883 572 2141 649 Mundo,
2186 572 2245 636 in
2274 596 2395 661 quo

292 676 457 764 prius
500 673 804 747 vixerunt,
856 672 927 736 de
969 672 1067 735 illo
1113 672 1555 758 cogitaverant,
1608 693 1676 736 ac
1718 670 1882 736 multi
1912 694 1982 736 ex
2008 673 2150 752 illis,
2203 674 2392 760 quiin

292 775 573 841 Conciliis
609 782 668 838 et
695 772 1113 838 conciliabulis
1153 781 1270 836 tam
1311 782 1449 836 aute
1479 771 1840 848 Nicaenum,
1893 794 2069 860 quam
2097 784 2227 861 post
2253 775 2396 840 illud

289 877 568 948 fuerant;
639 874 984 962 congregati
1027 883 1163 939 sunt
1209 874 1269 936 in
1323 872 1579 961 quodam
1626 873 1880 961 Templo
1926 876 2181 940 rotundo
2224 874 2398 940 simili

289 977 549 1065 Templo
591 976 855 1051 Romae,
907 975 1064 1062 quod
1110 984 1361 1039 vocatur
1401 973 1745 1047 Pantheon,
1798 974 1953 1060 quod
1997 975 2158 1063 prius
2201 974 2397 1042 fuerat

289 1089 703 1146 consecratum
748 1077 943 1142 Cultui
984 1077 1246 1142 omnium
1287 1076 1568 1151 deorum,
1637 1084 1695 1138 et
1740 1084 1938 1160 postea
1980 1076 2397 1164 inauguratum

288 1178 494 1245 cultui
535 1179 796 1244 omnium
838 1179 1189 1243 Sanctorum
1233 1177 1570 1265 Martyrum
1615 1199 1649 1240 a
1690 1177 1853 1240 Solio
1893 1175 2130 1267 Papali;
2185 1177 2243 1242 in
2282 1175 2398 1248 boc

289 1281 548 1365 Templo
590 1280 662 1344 ad
698 1281 948 1365 parietes
975 1280 1151 1342 etiam
1179 1286 1349 1342 erant
1373 1280 1522 1343 sicut
1553 1277 1779 1342 Altaria
1799 1326 1816 1355 ,
1857 1277 1961 1343 sed
1990 1275 2066 1343 ad
2091 1279 2397 1365 quodlibet

288 1380 601 1456 subsellia,
652 1401 830 1468 super
885 1400 1037 1466 quae
1090 1379 1434 1465 congregati
1473 1401 1536 1443 se
1587 1387 2008 1464 reposueruut,
2077 1401 2147 1446 ac
2185 1380 2396 1446 cubitis

288 1483 700 1547 innitebantur
737 1482 1023 1546 altaribus
1058 1481 1207 1546 sicut
1248 1480 1490 1546 totidem
1532 1482 1773 1550 meusis;
1826 1502 1944 1546 non
1972 1489 2100 1545 erat
2126 1480 2395 1569 designa-

291 1595 390 1649 tus
428 1583 640 1671 aliquis
666 1582 944 1658 Praeses‚
998 1581 1098 1669 qui
1138 1591 1343 1669 ageret
1368 1581 1691 1647 Primatem
1738 1581 1893 1668 apud
1938 1581 2101 1658 illos,
2150 1581 2252 1648 sed
2279 1582 2397 1647 sin-

289 1684 446 1771 guli,
500 1706 633 1749 cum
676 1684 892 1749 lubitus
933 1684 1062 1749 illos
1104 1682 1355 1758 afflavit,
1409 1695 1733 1767 eruperunt
1779 1684 1837 1748 in
1888 1682 2175 1759 medium,
2228 1692 2396 1748 etex

292 1798 534 1874 pectore
573 1783 903 1850 effuderunt
944 1795 1003 1849 et
1029 1785 1386 1870 evulgarunt
1414 1804 1583 1847 suum
1611 1783 1936 1854 sancitum;
1987 1793 2048 1847 et
2086 1784 2245 1871 quod
2287 1784 2397 1849 mi-

292 1897 457 1953 ratus
486 1909 648 1961 sum‘,
672 1945 675 1950 ,
701 1909 934 1962 omnes,
987 1886 1174 1974 quiin
1203 1884 1303 1948 illo
1332 1883 1586 1949 Comitio
1614 1894 1816 1960 erant,
1869 1885 2022 2000 pleni
2050 1894 2222 1950 erant
2251 1907 2393 1950 con-

292 1988 726 2055 firmationibus
766 2009 873 2074 pro
906 1985 1168 2074 plenaria
1206 1983 1460 2050 bominis
1493 1983 1832 2072 impotentia
1875 1987 1932 2050 in
1974 1985 2395 2073 spiritualibus,

292 2090 378 2156 ita
425 2090 883 2154 subsannatores
919 2086 1119 2152 Liberi
1144 2081 1451 2150 Arbitrii
1434 2106 1496 2148 iu
1548 2083 1672 2149 illis
1745 2086 1998 2166 Quando
2041 2087 2393 2178 congregati

296 2198 470 2263 sunt,
522 2210 596 2250 en
622 2188 818 2252 subito
847 2188 1039 2274 erupit
1066 2207 1218 2251 unus
1242 2185 1303 2249 in
1331 2185 1620 2262 medium,
1668 2175 1726 2249 et
1753 2187 1869 2250 alta
1902 2210 2046 2253 voce
2074 2188 2395 2276 exspiravit

299 2287 448 2363 hoc;
505 2310 622 2353 non
651 2296 737 2352 est
781 2287 1021 2375 aliquod
1049 2287 1328 2356 Liberum
1357 2282 1681 2352 Arbitrium
1721 2283 1998 2353 bomini
1981 2311 2040 2353 nu
2079 2289 2394 2378 spirituali

301 2391 451 2466 bus,
504 2391 633 2478 plus
659 2411 837 2476 quam
864 2387 973 2453 fuit
1010 2387 1174 2454 uxori
1201 2385 1366 2463 Loti,
1412 2398 1721 2477 postquam
1764 2412 2047 2457 conversa
2074 2402 2162 2458 est
2188 2393 2248 2456 iu
2271 2402 2394 2461 sta·

299 2500 462 2558 tuam
490 2491 654 2567 salis,
709 2490 758 2555 si
797 2491 953 2555 enim
988 2490 1208 2555 homini
1241 2488 1393 2553 foret
1423 2490 1671 2554 liberum
1701 2492 2008 2557 arbitrium
2040 2488 2200 2580 plus,
2250 2515 2396 2560 sane

293 2613 368 2656 ex
406 2614 470 2659 se
507 2592 618 2656 sibi
656 2592 981 2658 vindicaret
1023 2590 1194 2655 fidem
1221 2590 1522 2656 Ecclesiae
1553 2603 1821 2667 nostrae,
1878 2615 2031 2681 quae
2062 2603 2176 2672 est,
2231 2594 2392 2683 quod
2447 2669 2452 2672 ,

293 2693 456 2760 Deus
484 2694 663 2758 Pater
699 2694 859 2759 illam
899 2693 1079 2780 gratis
1116 2714 1188 2757 ex
1226 2701 1353 2756 toto
1381 2690 1599 2758 Libero
1644 2705 1703 2757 et
1740 2694 2121 2782 Beneplacito
2162 2694 2260 2760 det
2299 2695 2395 2759 cui

289 2796 420 2861 vult
440 2804 499 2858 et
526 2795 764 2881 quaudo
795 2797 938 2869 vult,
991 2793 1105 2858 boc
1135 2792 1564 2881 beneplacitum
1597 2805 1654 2859 et
1682 2795 1821 2861 illud
1853 2796 2176 2883 gratuitum
2204 2795 2396 2860 nulla-

292 2906 465 2961 tenus
506 2895 659 2960 soret
700 2897 863 2972 Deo,
924 2897 973 2961 si
1012 2895 1191 2961 homo
1231 2916 1303 2983 ex
1343 2897 1601 2980 quodam
1649 2897 1834 2961 libero
1876 2907 1978 2962 aut
2023 2897 2393 2986 beneplacito

288 2997 453 3063 illam
492 2998 602 3062 sibi
646 3019 882 3084 quoque
933 3005 1124 3082 posset
1176 2995 1507 3072 vindicare,
1573 2997 1658 3062 sic
1696 2999 1924 3061 etenim.
1957 2998 2132 3064 Fides
2169 3008 2393 3075 nostra,

288 3120 445 3184 quae
485 3107 571 3162 est
598 3098 771 3163 Sidus
810 3099 1010 3169 lucens
1046 3119 1251 3163 coram
1296 3097 1467 3162 nobis
1507 3098 1606 3165 diu
1649 3108 1706 3160 et
1750 3109 1961 3175 noctu,
2015 3098 2394 3186 dissiparetur

286 3200 441 3264 sicut
474 3200 646 3265 stella
687 3200 906 3265 caduca
950 3200 1009 3263 in
1049 3205 1267 3263 aetem.
1323 3200 1469 3265 Post
1509 3197 1666 3260 bunc
1705 3199 1853 3265 alius
1885 3220 1955 3262 ex
1982 3220 2088 3263 suo
2117 3199 2392 3265 subsellio

288 3304 518 3387 erupit,
567 3310 633 3362 et
656 3301 816 3377 dixit,
871 3323 987 3364 nou
1015 3309 1101 3364 est
1135 3299 1354 3385 homini
1388 3299 1517 3390 plus
1543 3298 1741 3363 Liberi
1772 3299 2002 3365 arbitrii
2028 3299 2086 3361 in
2116 3300 2391 3384 spiritua-

288 3401 446 3467 libus
487 3424 662 3487 quam
706 3409 791 3466 est
825 3401 1080 3478 bestiae,
1132 3402 1251 3466 imo
1283 3401 1447 3471 cani;
1501 3402 1781 3486 quoniam
1809 3402 1857 3464 si
1885 3399 1944 3464 id
1973 3398 2124 3464 soret
2151 3399 2393 3479 homini,

288 3502 515 3571 faceret
557 3504 774 3566 bonum
816 3524 848 3565 a
889 3503 1109 3588 seipso,
1166 3524 1296 3565 cum
1344 3512 1542 3564 tamen
1581 3522 1757 3565 omne
1798 3504 2017 3566 bonum
2060 3513 2146 3567 est
2176 3523 2209 3566 a
2239 3503 2391 3580 Deo,

289 3613 350 3666 et
379 3603 560 3669 homo
591 3602 732 3667 nihil
757 3602 868 3667 sibi
894 3624 1126 3673 sumere
1167 3611 1355 3690 potest
1400 3601 1556 3689 quod
1599 3624 1716 3673 non
1762 3604 1961 3668 datum
1996 3603 2070 3668 sit
2115 3626 2147 3669 e
2192 3603 2391 3670 Caelo.

290 3704 437 3787 Post
475 3702 633 3769 hunc
673 3703 900 3769 exsiluit
930 3727 1078 3768 uuus
1109 3726 1139 3768 e
1166 3704 1313 3768 solio
1342 3724 1483 3776 suo,
1534 3712 1592 3766 et
1621 3705 1678 3766 iu
1709 3705 1903 3769 medio
1933 3705 2138 3770 extulit
2165 3727 2393 3783 vocem,

290 3804 524 3881 diceus,
581 3805 735 3893 quod
775 3803 995 3868 homiui
1037 3827 1154 3870 non
1184 3804 1311 3889 plus
1337 3802 1508 3869 liberi
1536 3804 1761 3868 arbitrii
1789 3808 1863 3873 sit
1891 3807 1950 3870 in
1975 3804 2393 3893 spiritualibus,

287 3906 467 3972 etiam
513 3907 573 3970 in
620 3906 1034 3995 perspiciendis
1077 3905 1223 3977 inis.
1292 3927 1483 3992 quam-
1523 3914 1610 3970 est
1654 3907 1927 3975 Noctuae
1974 3909 2033 3971 iu
2079 3909 2209 3983 die,
2273 3906 2393 3971 imo

291 4029 468 4094 quam
499 4017 585 4072 est
613 4007 775 4095 pullo
803 4007 995 4072 adhuc
1016 4006 1228 4073 latenti
1254 4007 1311 4070 in
1341 4027 1490 4082 ovo,
1544 4015 1635 4070 est
1671 4009 1911 4072 omnino
1959 4007 2018 4071 in
2046 4007 2157 4074 illis
2185 4027 2397 4097 caecus

288 4107 436 4186 sicut
478 4109 671 4196 talpa,
740 4130 897 4173 nam·
928 4109 976 4173 si
1021 4109 1176 4179 foret
1216 4107 1461 4198 lynceus
1505 4108 1565 4169 in
1612 4108 2016 4197 perspiciendo
2056 4110 2186 4182 illa,
2242 4123 2396 4190 quae

289 4205 441 4287 fidei,
493 4211 711 4285 salutis.
733 4220 791 4274 et
822 4210 974 4281 vitae
1002 4220 1279 4277 aeternae
1308 4218 1465 4284 sunt,
1512 4208 1852 4274 credidisset,
1879 4207 2036 4294 quod
2065 4209 2184 4293 ipse
2209 4209 2396 4283 semet
