2750 4775
702 379 860 434 V111.
940 377 1344 433 LIBERUM
1396 379 1927 435 ARBITRIUM.
2300 394 2365 444 M

276 532 521 620 aliquod
561 532 816 608 bonum,
885 553 995 596 uec
1035 553 1285 599 movere
1322 533 1588 620 linguam
1623 534 1697 599 ad
1738 534 2093 622 loquendum
2134 533 2374 623 aliquod

277 656 488 701 verum
526 656 600 698 ex
624 634 819 708 bono,
869 655 1056 720 quare
1099 634 1361 699 Ecclesia
1402 655 1475 698 ex
1513 634 1871 721 sapientibus
1907 635 2025 701 suis
2068 635 2372 713 conclusit,

276 733 435 823 quod
478 732 655 801 homo
698 755 815 798 non
863 736 1042 823 possit
1083 734 1266 811 velle,
1320 734 1681 821 intelligere,
1733 746 1791 800 et
1831 737 2092 821 cogitare
2131 738 2371 825 aliquod

273 837 615 924 spirituale,
667 847 727 899 et
758 857 832 899 ne
859 835 1096 922 quidem
1127 857 1189 900 se
1222 837 1673 901 accommodare
1702 837 1776 901 ad
1804 838 2150 914 volendum,
2201 839 2371 912 intel-

272 936 573 1024 ligendum
611 946 695 1001 et.
721 937 1100 1022 cogitandum
1140 936 1320 1011 illud,
1373 937 1501 1024 plus
1539 958 1718 1024 quam
1761 945 1987 1014 statua,
2037 947 2278 1003 truncus
2313 949 2375 1004 et

273 1038 454 1125 lapis,
507 1048 566 1102 et
606 1039 766 1126 quod
802 1037 937 1103 ideo
979 1060 1013 1102 a
1041 1039 1205 1113 Deo,
1258 1038 1350 1101 cui
1378 1038 1502 1103 Soli
1542 1048 1629 1103 est
1664 1038 1937 1104 Potentia
1979 1038 2280 1104 liberrima
2318 1050 2377 1105 et

172 1174 193 1178 ,
271 1139 603 1215 illimitata,
655 1161 725 1203 ex
768 1140 1134 1226 beneplacito
1173 1139 1494 1227 inspiretur
1529 1139 1709 1214 fides,
1763 1160 1913 1227 quae
1955 1139 2176 1228 absque
2217 1142 2374 1204 omni

272 1261 459 1326 opera
501 1249 560 1304 et
609 1243 869 1327 potentia
916 1250 1153 1315 nostra,
1206 1249 1500 1328 ‚operante
1540 1241 1762 1326 Spiritu
1799 1239 2055 1316 Sancto,
2110 1240 2378 1327 producit

271 1342 509 1417 omnia,
558 1362 715 1428 quae
752 1340 1031 1407 ineruditi
1072 1341 1351 1406 addicunt
1382 1341 1622 1407 bomini.
1691 1341 1917 1407 Deinde
1945 1341 2220 1428 loquutus
2246 1363 2374 1407 sum

272 1464 408 1508 cum
437 1438 680 1518 Altero,
731 1443 833 1529 qui
877 1442 1097 1509 amavit
1139 1444 1360 1507 bonum
1405 1451 1465 1507 et
1505 1461 1744 1520 verum,
1794 1451 1854 1506 et
1898 1450 2026 1530 post
2069 1443 2264 1530 aliqua
2304 1445 2378 1510 de

269 1554 433 1608 sorte
461 1544 604 1630 ejus,
658 1565 790 1608 cum
820 1544 1123 1609 nominavi
1152 1543 1436 1608 Liberum
1464 1541 1828 1620 Arbitrium,
1876 1543 2020 1606 dixit
2041 1542 2169 1619 ille,
2221 1567 2375 1632 quae

269 1645 514 1709 ‘vesania
569 1654 653 1708 est
698 1666 914 1736 negare
957 1646 1240 1712 Liberum
1284 1644 1599 1710 arbitrium
1645 1645 1704 1708 in
1747 1644 2177 1731 spiritualibus,
2246 1648 2378 1731 quis

269 1768 392 1812 non
434 1753 625 1833 potest
654 1746 803 1811 velle
844 1757 905 1810 et
937 1746 1134 1813 facere
1160 1748 1420 1823 bonum,
1469 1767 1540 1811 ac
1566 1746 1828 1832 cogitare
1877 1755 1936 1809 et
1963 1744 2127 1833 loqui
2167 1765 2375 1811 verum

266 1868 342 1912 ex
370 1868 433 1911 se
464 1868 498 1911 a
527 1847 749 1923 Verbo,
797 1849 879 1913 ita
908 1870 940 1912 a
967 1848 1225 1915 Domino
1253 1848 1354 1933 qui
1382 1858 1468 1914 est
1494 1847 1790 1921 Verbum;
1841 1844 1987 1911 dixit
2021 1848 2197 1922 enim,
2254 1848 2374 1912 Fa-

265 1948 382 2012 cite
409 1947 635 2013 fructus
662 1949 882 2024 bonoS,
934 1960 991 2015 et
1019 1948 1243 2014 credite
1281 1950 1342 2011 in
1371 1948 1624 2023 Lucem,
1673 1956 1733 2011 et
1759 1968 1997 2035 quoque
2027 1957 2224 2013 amate
2267 1971 2375 2013 vos

265 2047 558 2125 invicem,
610 2059 672 2112 et
715 2058 912 2116 amate
952 2051 1183 2121 Deum;
1252 2058 1380 2112 tum
1426 2048 1524 2134 qui
1572 2049 1734 2113 audit
1775 2058 1833 2113 et
1876 2047 2016 2113 facit
2057 2059 2370 2138 praecepta

266 2170 434 2224 mea,
484 2149 583 2213 ille
611 2159 772 2214 amat
800 2151 935 2227 Me,
988 2160 1053 2224 et
1075 2150 1204 2235 Ego
1232 2147 1448 2214 amabo
1485 2147 1683 2221 illum;
1736 2159 1969 2234 praeter
2008 2150 2185 2218 millia
2210 2148 2373 2216 sinii-

269 2249 354 2313 lia
378 2250 438 2312 in
464 2258 591 2312 toto
620 2249 852 2313 Verbo:
888 2251 980 2315 -ad
1007 2249 1168 2336 quod
1211 2249 1413 2336 itaque
1439 2247 1701 2313 Verbum
1719 2294 1735 2323 ,
1786 2250 1833 2315 si
1860 2248 2040 2322 homo
2069 2251 2213 2316 nibil
2240 2274 2374 2338 pos-.-

271 2357 364 2414 set
390 2347 545 2415 velle
570 2357 630 2413 et
656 2351 952 2438 cogitare,
1009 2360 1066 2414 et
1105 2350 1241 2415 inde
1279 2349 1480 2416 facere
1506 2360 1567 2415 et
1592 2349 1784 2439 loqui,
1833 2352 2098 2440 quodibi
2127 2353 2370 2418 mauda-
2450 2337 2454 2346 ⁵

210 2484 217 2489 ·
273 2459 402 2515 tum
442 2458 575 2523 θεῖς’
612 2451 839 2538 absque
868 2452 974 2523 ,illa
1017 2452 1275 2542 potentia
1317 2449 1473 2539 apud
1517 2451 1844 2530 hominem,
1897 2453 2037 2541 quid
2070 2452 2372 2521 soret‘Re·

252 2550 415 2638 ,ligio
441 2560 501 2615 et
528 2551 790 2619 Ecclesia
807 2601 825 2630 ,
880 2554 989 2621 nisi
1016 2553 1168 2619 sicut
1192 2554 1360 2620 navis
1390 2550 1715 2641 naufraga,
1765 2575 1918 2642 quae
1945 2555 2005 2619 in
2037 2552 2220 2621 fundo
2243 2578 2374 2622 ma·

265 2653 350 2717 ris
374 2653 563 2736 jacet,
597 2675 776 2741 super
802 2655 967 2741 cujus
994 2653 1131 2719 mali
1161 2654 1497 2721 summitate
1522 2662 1639 2720 stat
1667 2654 2001 2732 nauclerus,
2048 2666 2107 2720 et
2136 2657 2372 2734 clamat,

265 2772 388 2817 non
426 2774 660 2842 possum
709 2759 1057 2844 quicquam,
1124 2765 1183 2822 et
1224 2756 1385 2821 videt
1437 2756 1702 2843 reliquos
1735 2766 1947 2821 nautas
1983 2756 2042 2820 in
2085 2758 2373 2823 naviculis

262 2854 538 2941 appensis
576 2855 725 2922 velis
764 2860 1120 2946 enavigare:
1197 2855 1643 2925 noune'datum
1685 2868 1775 2923 est
1813 2857 2045 2923 Adamo
2084 2858 2364 2923 Liberum

263 2950 477 3020 edendi
505 2978 576 3020 ex
601 2954 833 3022 Arbore
862 2960 1052 3036 vitae,
1102 2969 1163 3024 et
1188 2978 1425 3046 quoque
1463 2979 1536 3023 ex
1563 2957 1798 3023 Arbore
1822 2958 2102 3023 scientiae
2130 2959 2270 3024 boni
2309 2969 2369 3024 et

263 3057 439 3133 mali,
489 3066 549 3121 et
577 3059 714 3144 quia
742 3081 813 3122 ex
844 3061 1061 3126 Libero
1080 3078 1196 3127 suo
1223 3056 1343 3123 edit
1369 3081 1439 3123 ex
1465 3055 1580 3122 hac
1605 3056 1872 3131 Arbore,
1927 3058 2123 3125 fumus
2149 3081 2220 3124 ex
2247 3083 2370 3126 ser-

264 3168 479 3244 pente,
529 3157 646 3222 hoc
675 3169 799 3236 est,
844 3159 1123 3238 Inferno,
1169 3160 1702 3224 intravit-mentem
1733 3159 1893 3244 ejus,
1943 3171 2184 3248 propter
2211 3161 2370 3246 quod

263 3258 490 3342 ejectus
533 3269 620 3325 est
658 3262 1034 3336 eParadiso‚
1089 3272 1147 3329 et
1189 3260 1568 3333 maledictus;
1624 3269 1683 3323 et
1722 3270 1921 3325 tamen
1962 3283 2084 3325 nou
2123 3262 2373 3348 perdidit

261 3359 546 3424 Liberum
578 3361 939 3441 Arbitrium,
992 3385 1131 3428 uam
1154 3362 1376 3448 legitur
1417 3362 1577 3448 quod
1608 3362 1894 3429 custodita
1920 3363 1998 3427 sit
2027 3384 2060 3427 a
2093 3359 2373 3427 Cherubo

258 3460 363 3524 via
393 3461 469 3529 ad
495 3459 791 3527 Arborem
826 3465 1002 3539 vitae,
1057 3463 1217 3550 quod
1244 3462 1352 3527 nisi
1380 3461 1602 3539 factum
1630 3472 1813 3539 esset,
1866 3463 2150 3547 potuisset
2178 3459 2376 3530 adhuc
2435 3456 2442 3467 ’

261 3560 418 3627 velle
447 3563 524 3627 ab
550 3563 651 3628 illa
679 3565 875 3631 ederess
931 3566 1043 3630 His
1071 3564 1293 3640 edictis,
1317 3608 1323 3614 -
1346 3561 1515 3627 Alter
1535 3564 1644 3650 *qui
1673 3563 1894 3630 amavit
1924 3563 2143 3628 malum
2172 3573 2232 3629 et
2263 3564 2372 3632 sal·-

260 3683 429 3738 sum,
479 3663 654 3739 dixit,
695 3665 794 3729 illa
827 3650 989 3753 'quae
1031 3663 1237 3733 audivi
1274 3664 1578 3751 relinquo,
1629 3665 1855 3729 retineo
1897 3665 2054 3752 apud
2094 3688 2189 3730 me
2219 3689 2373 3754 quae

261 3765 511 3852 protuli,
565 3766 666 3830 sed
693 3766 826 3853 quis
853 3789 974 3835 non
1007 3766 1207 3841 novit,
1260 3765 1424 3852 quod
1453 3764 1612 3831 solus
1651 3765 1816 3830 Deus
1851 3767 1925 3830 'sit
1958 3767 2128 3835 vivus
2154 3775 2211 3830 et
2239 3768 2373 3834 inde

260 3865 523 3943 activus,
579 3876 637 3932 et
675 3868 834 3955 quod
870 3868 1051 3933 homo
1092 3887 1163 3932 ex
1194 3888 1256 3932 se
1284 3866 1356 3930 sit
1387 3872 1689 3942 mortuus,
1744 3875 1803 3930 et
1830 3866 1964 3930 inde
1991 3890 2160 3934 mere
2186 3872 2374 3955 passi-

260 3987 402 4044 vus,
455 3968 753 4055 quomodo
781 3970 941 4045 talis,
994 3968 1094 4056 qui
1134 3968 1195 4031 in
1235 3988 1298 4033 se
1339 3974 1609 4031 mortuus
1655 3975 1715 4030 et
1739 3988 1918 4033 ,mere
1959 3969 2226 4056 passivus
2264 3981 2373 4047 est,

259 4076 455 4153 potest
498 4067 611 4134 sibi
649 4090 952 4136 assumere
995 4068 1239 4157 aliquod*
1282 4066 1485 4135 vivum
1530 4075 1588 4130 et
1639 4067 1932 4133 activum:
2003 4070 2078 4133 ad
2119 4067 2234 4132 hoc
2275 4092 2370 4136 re·

257 4166 496 4255 spondi,
549 4167 746 4235 bomo⁴
769 4181 856 4237 est
883 4172 1193 4258 organum
1236 4169 1428 4244 vitae,
1481 4177 1541 4232 et
1563 4167 1738 4233 Deus
1761 4167 1935 4234 Solus
1969 4180 2059 4234 est
2086 4169 2258 4245 Vita,
2317 4178 2373 4233 et

260 4266 420 4338 Deus
454 4269 715 4341 infundit
750 4294 925 4339 suam.
960 4272 1142 4341 vitam
1181 4269 1434 4356 Organo
1472 4276 1531 4333 et
1576 4268 1824 4355 singulis
1864 4267 2017 4353 ejus,
2083 4269 2234 4332 sicut
2273 4264 2375 4332 Sol
