2750 4775
502 357 573 408 98
728 344 1185 400 Uvassnsa
1227 342 1763 398 THEOLOGIA
1804 345 1872 400 N.
1917 344 1983 400 C.
2023 344 2133 397 ΕΤ
2175 345 2241 400 Ν.
2287 343 2348 395 E.

498 510 560 566 et
584 498 744 587 quod
771 519 995 586 organa
1022 497 1136 563 illis
1160 519 1224 564 se
1252 498 1568 588 adaptent,
1618 498 1777 566 unde
1814 498 2103 564 sensatio:
2158 497 2288 586 quis
2315 497 2577 562 nonfinde

499 610 693 690 potest
718 601 1051 688 percipere,
1104 600 1262 686 quod
1288 602 1400 665 nisi
1426 600 1561 665 talis
1585 600 1740 665 actio
1766 610 1824 665 et
1859 600 2203 689 cooperatio
2239 620 2375 663 cum
2416 598 2579 665 influa

499 702 624 771 vita
660 699 1043 791 inspirituali
1084 702 1426 788 organismo
1450 701 1693 767 Cerehri
1734 700 1921 777 foret,
1968 722 2089 766 non
2119 711 2313 791 posset
2349 703 2580 766 existere

501 802 779 890 cogitatio
819 811 880 867 et
920 802 1223 876 voluntas3
1281 804 1404 867 vita
1442 802 1597 866 enim
1639 824 1674 866 a
1701 802 1962 867 Domino
2000 802 2057 865 in
2087 802 2485 887 organismum
2525 801 2584 867 il·

499 905 622 969 lum
646 902 875 981 influit,
918 905 1017 990 qui
1046 905 1184 990 quia
1212 914 1604 993 cooperatur,
1659 904 1983 989 percipitur
2007 903 2067 967 id
2095 903 2256 991 quod
2285 904 2583 988 cogitatur,

497 1004 767 1071 similiter
803 1005 862 1068 id
904 1007 1062 1092 quod
1094 1005 1173 1069 ibi
1201 1007 1586 1093 expenditur,
1637 1005 2036 1080 concluditur,
2090 1004 2149 1069 e't
2176 1005 2238 1066 in
2264 1014 2461 1068 actum
2499 1002 2584 1066 de·

498 1107 890 1181 terminatur;
960 1108 1005 1171 si
1049 1105 1176 1171 sola
1218 1107 1341 1172 vita
1384 1116 1620 1192 ageret,
1686 1114 1745 1168 et
1785 1126 1905 1169 non
1956 1105 2146 1170 homo*
2182 1115 2586 1193 cooperaretur

499 1208 653 1273 sicut
678 1228 750 1271 ex
776 1228 869 1283 se,
922 1229 1040 1270 non
1073 1217 1267 1294 posset
1310 1207 1439 1294 plus
1466 1209 1731 1294 cogitare
1760 1224 1936 1291 quam
1969 1217 2242 1283 truncus,
2296 1215 2402 1271 aut
2425 1226 2582 1292 quam

499 1307 817 1396 templum,
871 1331 1005 1372 cum
1037 1310 1427 1374 concionatur
1454 1309 1756 1383 Minister,
1807 1306 1906 1370 hic
1934 1308 2169 1393 quidem
2195 1329 2269 1371 ex
2298 1327 2586 1392 repercus-

501 1411 666 1475 sione
705 1408 835 1474 soni
860 1432 892 1474 e
921 1411 1111 1474 valvis
1139 1411 1265 1496 ejus
1293 1418 1486 1496 potest
1523 1410 1741 1474 sentire
1769 1409 1921 1473 sicut
1947 1408 2125 1484 echo,
2179 1410 2282 1475 sed
2312 1407 2455 1472 nihil
2478 1428 2585 1473 ser·

503 1510 720 1575 monis:
775 1511 909 1576 talis
935 1511 1091 1575 foret
1117 1510 1297 1574 homo
1327 1510 1435 1575 nisi
1476 1520 2074 1599 cooperareturcum
2104 1509 2367 1575 Domino
2406 1505 2583 1597 quoad

500 1609 848 1676 charitatem
881 1622 940 1676 et
972 1610 1164 1675 fidem.

655 1715 802 1777 5⁵18.
860 1713 1145 1775 Illustrari
1176 1733 1280 1799 per
1308 1711 1788 1797 comparationes
1811 1712 1989 1777 etiam
2017 1723 2225 1800 potest,
2283 1713 2470 1801 qualis
2492 1710 2583 1777 ho·

503 1834 601 1878 mo
629 1812 817 1887 foret,
867 1814 914 1877 si
940 1832 1063 1875 non
1099 1823 1524 1900 cooperaretur
1560 1834 1690 1876 cum
1721 1813 2014 1889 Domino,
2065 1812 2220 1880 foret
2247 1817 2389 1881 dum
2420 1810 2581 1900 perci·

502 1915 587 2000 pit
627 1925 688 1979 et
722 1915 900 1979 sentit
935 1913 1158 2000 aliquid
1188 1913 1491 2000 spirituale
1519 1913 1684 1978 Caeli
1714 1924 1772 1980 et
1800 1914 2130 1992 Ecclesiae,
2182 1918 2337 1982 sicut
2377 1915 2583 2001 antipa-

500 2015 726 2080 thicum
749 2024 873 2113 ‘aut
913 2013 1139 2079 discors
1178 2015 1317 2100 quid
1357 2014 1665 2090 influeret,
1715 2024 1775 2078 et
1809 2016 1960 2081 sicut
1992 2016 2257 2106 putidum
2287 2018 2346 2081 in
2378 2032 2580 2091 nasu-m,

501 2117 799 2187 dissonum
841 2116 899 2177 in
933 2135 1166 2191 aurem,
1219 2126 1611 2181 monstrosum
1641 2116 1702 2178 in
1731 2115 1998 2192 oculum,
2057 2138 2127 2181 ac
2155 2128 2376 2184 tetrum
2404 2119 2462 2181 in
2486 2115 2577 2179 lin·

500 2237 715 2303 guam;
767 2217 815 2281 si
856 2217 1175 2303 jucundum
1216 2217 1520 2282 charitatis
1550 2227 1608 2280 et
1636 2238 1948 2281 amaenum
1975 2217 2142 2297 fidei,
2197 2218 2508 2284 influerent
2529 2213 2577 2277 in

501 2318 865 2404 spiritualem
902 2318 1306 2404 organismum
1353 2319 1566 2382 mentis
1604 2317 1874 2394 illorum,
1911 2320 2023 2405 'qui
2066 2320 2126 2383 in
2164 2321 2425 2408 jucundo
2461 2312 2577 2381 mali

504 2427 563 2482 et
591 2417 721 2483 falsi
749 2429 904 2495 sunt,
957 2419 1015 2482 hi
1045 2422 1092 2485 si
1122 2420 1378 2507 jucunda
1402 2431 1461 2483 et
1493 2440 1742 2484 amaena
1769 2419 1867 2485 illa
1895 2422 2371 2499 intruderentur,
2425 2436 2579 2505 auge·

503 2530 712 2585 rentur
751 2530 811 2584 et
849 2517 1288 2598 cruciarentur,
1338 2532 1401 2584 et
1440 2521 1678 2586 tandem
1706 2521 1988 2586 caderent
2012 2523 2069 2585 in
2100 2523 2453 2610 deliquium;
2500 2537 2578 2582 or·

506 2621 803 2706 ganismus
838 2623 935 2686 ille
982 2624 1116 2708 quia
1162 2644 1233 2686 ex
1279 2624 1575 2711 perpetuis
1627 2620 1911 2687 helicibus
1949 2624 2245 2702 consistit,
2311 2624 2409 2688 hic
2445 2615 2575 2707 apud

499 2723 649 2786 tales
674 2744 737 2787 se
762 2724 1094 2789 involveret
1120 2724 1177 2786 in
1206 2724 1425 2811 spiraS,
1477 2732 1538 2786 et
1559 2732 1945 2809 >torqueretur
1983 2725 2135 2788 sicut
2162 2746 2405 2814 serpens
2428 2738 2578 2809 super

499 2844 720 2889 acervo
777 2823 1180 2889 formicarum.
1262 2822 1439 2902 Quod
1484 2824 1565 2887 ita
1615 2824 1720 2900 sit,
1787 2846 1858 2888 ex
1903 2824 2087 2890 multa
2132 2826 2489 2915 experientia
2528 2820 2576 2883 in

498 2924 727 2989 Mundo
765 2925 1053 3013 spirituali
1090 2925 1232 2989 mihi
1272 2934 1552 2989 testatum
1589 2924 1810 2990 factum
1853 2937 1956 2991 est.

505 3149 692 3234 Quod
726 3174 960 3229 omnes,
1006 3156 1150 3246 quia
1189 3177 1394 3218 omnes
1429 3151 1719 3248 redempti
1756 3168 1924 3229 sunt,
1969 3156 2308 3246 regenerari
2336 3151 2574 3247 possint,

970 3257 1221 3348 quisque
1271 3254 1599 3321 secundum
1651 3280 1824 3320 suum
1879 3268 2119 3320 statum.

668 3436 813 3494 579.
872 3431 954 3495 Ut
999 3431 1146 3495 haec
1195 3432 1630 3516 intelligantur,
1699 3431 2189 3518 praemittendum
2245 3441 2333 3500 est
2378 3419 2572 3514 aliquid

501 3532 574 3596 de
612 3532 1076 3616 Redemptione;
1145 3532 1436 3594 Dominus
1490 3532 1547 3594 in
1606 3533 1886 3596 mundum
1939 3534 2130 3606 venit,
2200 3529 2575 3622 principaliter

501 3641 742 3719 propter
764 3630 913 3693 haec
940 3632 1090 3705 duo,
1143 3640 1207 3694 ut
1235 3641 1574 3719 removeret
1613 3631 1909 3697 infernum
1951 3636 2027 3698 ab
2061 3634 2359 3720 angelo‘et
2389 3632 2460 3696 ab
2487 3628 2574 3692 ho·

502 3733 695 3805 mine,
745 3752 815 3793 ac
842 3740 908 3793 ut
935 3730 1291 3817 glorificaret
1320 3727 1663 3795 Humanum
1692 3755 1892 3807 suum,
1948 3756 2081 3799 nam
2113 3745 2249 3799 ante
2277 3734 2572 3798 adveutum

500 3829 771 3904 Domini,
823 3828 1117 3896 infernum
1147 3833 1472 3906 succrevit,
1528 3854 1707 3918 usque
1739 3843 1803 3900 ut
1830 3834 2136 3901 infestaret
2163 3836 2403 3922 angelos
2428 3825 2571 3898 caeli,

500 3942 566 3996 ut
593 3940 655 3993 et
680 3951 784 4017 per
811 3932 1313 4018 interpositionem
1340 3933 1496 3997 inter
1525 3933 1752 3997 caelum
1791 3945 1851 4002 et
1891 3937 2174 4001 mundum
2222 3932 2571 4021 interciperet

503 4032 1095 4096 communicationem
1125 4034 1361 4098 Domini
1390 4056 1522 4099 cum
1550 4034 1886 4101 hominibus
1915 4036 2169 4113 telluris,
2224 4059 2292 4102 ex
2323 4059 2438 4125 quo
2472 4044 2570 4094 ποῦ

503 4134 694 4223 potuit
749 4133 989 4222 aliquod
1031 4136 1312 4201 Divinum
1360 4137 1580 4203 Verum
1622 4147 1682 4201 et
1720 4136 1955 4202 Bonum
1997 4161 2031 4203 a
2072 4139 2332 4203 Domino
2377 4136 2447 4201 ad
2484 4131 2571 4195 ho·

504 4233 691 4299 mines
743 4239 1128 4324 pertransire:
1198 4238 1334 4304 inde
1379 4240 1572 4305 totalis
1614 4239 1936 4304 Damnatio
1979 4238 2274 4305 imminuit
2318 4239 2566 4306 universo
