2750 4775
813 361 964 415 xm.
1048 361 1396 416 SANCTA
1455 362 1774 419 COENA.
2241 379 2349 428 269

219 517 420 582 visuri
451 516 564 579 sint
599 515 832 603 nuptias
855 516 917 577 in
948 514 1150 579 Caelo.
1232 515 1379 581 Post
1404 516 1552 592 boc,
1606 515 1763 582 ducti
1791 526 1926 582 sunt
1955 517 2028 581 ad
2056 520 2354 606 quendam

215 616 654 682 Consiliarium
696 635 729 679 a
772 617 987 690 latere,
1041 625 1098 679 et
1138 627 1543 682 caenaverunt
1583 639 1715 681 cum
1764 617 1897 693 illo,
1950 627 2008 681 et
2052 628 2180 707 post
2220 642 2355 686 cae-

219 739 368 782 nam
417 716 761 793 redierunt,
810 725 869 780 et
906 727 1274 780 secesserunt
1322 719 1400 781 ab
1447 717 1730 793 invicem,
1784 719 2029 804 quisque
2075 720 2132 781 in
2179 743 2352 786 suum

219 820 609 892 cubiculum,
660 827 720 880 et
749 816 1157 882 dormiveruut
1201 839 1385 903 usque
1429 819 1502 882 ad
1548 838 1753 888 mane;
1807 828 1867 881 et
1904 825 2046 882 tunc
2090 820 2353 905 evigilati

218 919 557 983 audiebant
601 917 857 981 Cautum
907 918 1204 1004 virginum
1251 926 1308 981 et
1355 918 1685 1005 puellarum
1733 940 1765 981 e
1814 917 2086 982 domibus
2131 918 2352 986 circum

217 1020 496 1092 Forum,
551 1018 623 1079 de
652 1039 769 1103 quo
793 1037 1004 1105 supra;
1060 1018 1389 1081 canebatur
1430 1027 1574 1081 tunc
1612 1016 1849 1082 affectio
1892 1019 2114 1083 amoris
2152 1022 2356 1107 conju·

223 1120 439 1207 gialisz
482 1139 555 1181 ex
583 1120 752 1203 cujus
773 1119 1063 1183 suavitate
1091 1119 1321 1204 penitus
1357 1116 1552 1182 affecti
1578 1127 1636 1181 et
1668 1119 1903 1205 perciti,
1944 1118 2349 1207 percipiebant

220 1222 476 1285 beatam
523 1220 940 1284 amaenitatem
988 1217 1218 1283 insitam
1261 1219 1491 1304 gaudiis
1531 1218 1680 1293 suis,
1734 1240 1886 1305 quae
1915 1220 2189 1288 elevabat
2231 1221 2350 1297 illa,

219 1331 282 1385 et
311 1322 658 1385 innovabat
694 1318 808 1383 illa.
892 1318 1044 1383 Cum·
1071 1327 1301 1405 tempus
1326 1328 1491 1395 erat,
1543 1317 1687 1382 dixit
1716 1316 2008 1406 Angelus,
2061 1320 2352 1407 accingite

113 1493 116 1498 ⁴
222 1444 370 1496 vos,
432 1430 494 1484 et
517 1419 741 1483 induite
773 1429 963 1485 vestes
989 1418 1185 1495 Caeli,
1239 1440 1386 1506 quas
1413 1419 1696 1506 Princeps
1740 1428 1943 1484 noster
1982 1421 2055 1483 ad
2102 1443 2207 1486 vos
2244 1421 2354 1486 mi·

221 1530 427 1591 serat;
482 1542 552 1588 ac
579 1521 933 1596 induerunt,
986 1529 1043 1583 et
1084 1540 1219 1583 ecce
1268 1530 1460 1584 vestes
1505 1519 1892 1606 splendebant
1918 1518 2074 1585 sicut
2113 1540 2184 1586 ex
2223 1522 2354 1585 luce

221 1621 544 1694 flammea;
618 1631 675 1684 et
729 1619 1151 1707 quaesiverunt
1201 1617 1533 1707 Angelum,
1601 1620 1760 1685 unde
1814 1618 1961 1697 boc,
2034 1621 2358 1708 respondit,

225 1723 374 1810 quia
406 1723 480 1786 ad
506 1722 743 1808 nuptias
769 1721 908 1786 ituri
939 1721 1107 1793 estis,
1161 1720 1317 1807 apud
1348 1742 1457 1787 nos
1484 1730 1629 1785 tunc
1663 1722 1971 1808 splendent
2013 1728 2237 1797 vestes,
2290 1730 2352 1786 et

225 1824 387 1887 fiunt
416 1822 724 1908 nuptiales.

394 1928 544 1988 747..
598 1921 741 1987 Post
768 1921 916 1986 haec
946 1922 1109 1985 duxit
1134 1917 1400 2008 Angelus
1439 1920 1568 1986 illos
1596 1920 1671 1985 ad
1700 1921 1957 1986 Domum
1989 1921 2351 2008 nuptiarum,

229 2034 294 2088 et
338 2025 563 2110 janitor
591 2023 824 2108 aperuit
860 2021 1050 2094 fores;
1104 2031 1164 2085 et
1204 2043 1341 2086 mox
1384 2022 1536 2085 intra
1567 2022 1744 2088 limen
1776 2022 1996 2110 recepti
2030 2031 2087 2086 et
2117 2022 2358 2088 salutati

232 2125 314 2189 ab
357 2124 586 2209 Angelo
617 2123 791 2187 misso
820 2142 855 2186 a
881 2124 1143 2210 sponso,
1201 2143 1272 2185 ac
1309 2121 1628 2185 introducti
1668 2132 1840 2198 sunt,
1896 2132 1954 2186 et
2001 2123 2236 2188 adducti
2277 2123 2353 2187 ad

227 2227 404 2290 sedes
431 2246 542 2312 pro
571 2223 684 2288 illis
710 2223 1074 2308 designatas;
1129 2232 1187 2286 et
1215 2244 1351 2288 mox
1378 2223 1610 2286 invitati
1640 2224 1698 2286 in
1729 2222 2219 2299 Antithalamnm,
2248 2224 2352 2287 ubi

233 2325 522 2392 viderunt
563 2326 620 2387 in
648 2323 852 2387 Medio
879 2324 1183 2400 Mensam,
1236 2344 1416 2409 super
1457 2343 1572 2412 qna
1618 2325 1869 2412 positum
1913 2333 2038 2387 erat
2085 2321 2355 2413 magnifi-

237 2448 376 2489 eum
429 2425 863 2489 Candelabrum
913 2425 1262 2488 instructum
1315 2433 1540 2508 septem
1594 2425 1832 2489 calamis
1883 2433 1941 2489 et
1985 2424 2220 2515 scyphis
2265 2446 2336 2490 ex

245 2546 428 2596 auro;
473 2535 529 2586 et
558 2527 629 2588 ad
661 2525 912 2610 parietes
939 2525 1274 2612 pendebant
1300 2524 1640 2614 Lycbnaria
1675 2548 1746 2589 ex
1786 2534 2064 2613 argentm
2108 2547 2183 2591 ex
2216 2526 2345 2614 qui·

243 2625 359 2689 bus
386 2626 639 2689 accensis
667 2626 936 2713 apparuit
965 2625 1380 2711 atmospbaera
1410 2626 1559 2690 sicut
1598 2646 1810 2691 aurea:
1862 2636 1919 2690 et
1960 2627 2235 2693 viderunt
2271 2627 2348 2701 ad

236 2724 429 2790 latera
461 2725 797 2789 candelabri
826 2724 996 2789 binas
1021 2727 1286 2801 Mensas,
1342 2746 1522 2811 super
1548 2727 1760 2811 quibus
1800 2727 1858 2789 in
1900 2726 2112 2813 triplici
2143 2728 2351 2791 ordine

231 2828 476 2915 repositi
505 2835 676 2891 erant
702 2827 928 2900 Panes3
982 2826 1127 2889 etin
1160 2835 1417 2912 quatuor
1445 2826 1671 2913 angulis
1701 2828 1973 2901 Mensas,
2015 2847 2193 2914 super
2220 2829 2351 2911 qui·

234 2929 350 2991 bns
389 2938 556 2992 erant
598 2926 814 3015 Cyathi
857 2926 1204 3015 crystallini.
1285 2926 1443 2992 Dum
1475 2928 1572 2990 illa
1614 2925 1979 2998 lustrabant,
2033 2945 2172 2988 ecce
2210 2944 2349 3010 ape-

232 3029 507 3092 riebatur
532 3027 708 3112 janua
738 3046 772 3090 e
805 3026 1073 3092 conclavi
1102 3028 1266 3112 juxta
1302 3027 1657 3099 thalamum,
1703 3035 1760 3087 et
1794 3024 2061 3097 viderunt
2088 3044 2191 3087 sex
2216 3023 2352 3087 Vir-

232 3129 402 3216 gines
430 3138 742 3202 exeuntes,
797 3137 856 3191 et
882 3138 1011 3215 post
1040 3128 1165 3193 illas
1194 3128 1484 3213 Sponsum
1519 3136 1577 3190 et
1604 3127 1926 3212 Sponsam,
1980 3132 2349 3188 tenentes-se

232 3229 543 3302 manibus,
587 3237 645 3289 et
674 3228 956 3292 ducentes
979 3249 1041 3292 se
1072 3228 1143 3292 ad
1171 3227 1431 3302 Solium,
1475 3226 1632 3313 quod
1660 3247 1693 3289 e
1724 3226 1964 3311 regione
1993 3222 2350 3288 Candelabri

231 3329 490 3415 positum
519 3338 679 3401 erat,
734 3348 912 3414 super
939 3350 1057 3414 quo
1087 3350 1150 3391 se
1179 3335 1604 3413 reposuerunt,
1642 3326 1906 3413 Sponsus
1932 3324 2005 3387 ad
2033 3324 2349 3398 sinistram,

228 3438 290 3493 et
316 3429 547 3514 Sponsa
578 3428 651 3492 ad
683 3429 950 3492 dextram
979 3429 1137 3512 ejus,
1168 3437 1226 3489 et
1254 3446 1355 3492 sex
1387 3427 1646 3511 virgines
1673 3427 2064 3489 constiterunt
2095 3424 2169 3491 ad
2199 3423 2352 3489 latus

226 3529 367 3596 solii
405 3529 565 3609 juxta
593 3529 901 3612 Sponsam.
979 3529 1240 3615 Sponsus
1284 3526 1523 3590 indutus
1570 3536 1700 3591 erat
1742 3524 1932 3590 Pallio
1971 3545 2043 3588 ex
2086 3546 2346 3614 purpura

225 3632 502 3702 lucente,
554 3640 613 3692 et
640 3630 870 3693 Tunica
916 3649 985 3691 ex
1021 3630 1199 3717 bysso
1239 3627 1622 3715 splendente,
1676 3647 1808 3690 cum
1838 3625 2123 3712 prodo,
2175 3648 2353 3714 super

226 3748 357 3819 quo
387 3739 516 3792 erat
547 3730 790 3794 bractea
819 3750 1000 3793 aurea
1030 3727 1444 3792 adamantibus
1473 3728 1923 3799 circumobsita;
1979 3737 2036 3790 et
2072 3728 2349 3792 bracteae

222 3829 561 3914 insculptus
589 3838 718 3895 erat
745 3830 951 3895 Pullus
979 3829 1244 3915 aquilae,
1298 3828 1527 3913 insigne
1558 3830 1820 3916 nuptiale
1852 3827 2025 3911 hujus
2056 3827 2354 3892 societatis

224 3928 418 3994 caeli:
474 3939 530 3994 et
567 3929 778 4017 Sponsi
828 3938 1004 4019 caput
1044 3930 1283 4015 tegebat
1324 3928 1574 3992 cidaris:
1627 3928 1855 4016 Sponsa
1898 3936 2093 3990 autem
2135 3927 2353 3990 amicta

223 4040 362 4095 erat
395 4029 707 4119 chlamyde
750 4031 1078 4105 coccinea‚-
1107 4031 1300 4101 etsub
1327 4029 1426 4092 illa
1469 4038 1605 4114 toga
1648 4029 1949 4115 acupicta,
2007 4026 2288 4090 continua
2318 4045 2353 4088 a

230 4130 392 4196 collo
422 4131 497 4194 ad
532 4132 738 4218 pedes,
794 4139 853 4194 et
881 4131 991 4195 sub
1023 4141 1259 4218 pectore
1288 4150 1438 4193 zona
1468 4150 1685 4202 aurea,
1737 4137 1795 4190 et
1823 4146 2001 4212 super
2035 4124 2226 4211 capite
2256 4145 2355 4187 co·

227 4252 388 4297 rona
409 4251 482 4295 ex
511 4237 662 4297 auro
692 4254 827 4296 cum
856 4231 1056 4297 insitis·
1084 4229 1326 4296 rubinis.
1407 4228 1552 4292 Cum
1603 4229 1683 4291 ita
1731 4225 2161 4296 consederunt,
2213 4241 2355 4285 con·
