2750 4775
441 371 549 423 124
715 357 1177 413 UNIVERSA
1220 358 1759 412 THEOLOGIA
1801 359 1867 411 N.
1911 358 1975 413 C.
2019 358 2127 410 ET
2170 360 2237 414 N.
2281 360 2347 414 Ε.

438 536 573 579 cum
602 512 986 579 daemonibus
1014 511 1198 578 missis
1222 512 1283 577 in
1310 534 1524 599 porcos
1548 534 1581 576 a
1610 512 1902 588 Domino,
1955 513 2055 598 qui
2093 534 2158 578 se
2198 520 2402 598 postea
2431 515 2538 578 im—

438 624 767 678 merserunt
797 614 975 689 mari,
1030 635 1134 702 per
1160 634 1325 678 mare
1354 613 1452 680 hic
1480 624 1539 677 et
1568 614 1707 678 alibi
1737 613 1792 674 in
1824 615 2025 680 Verbo
2056 614 2423 700 significatur
2451 618 2539 679 in-

438 716 688 782 fernum.
769 714 1113 801 Comparari
1173 716 1349 779 etiam
1408 723 1597 803 potest
1638 737 1769 778 cum
1812 716 1986 780 turba
2029 716 2330 792 draconis,
2385 738 2541 803 quae

437 825 705 905 separata
735 838 767 878 e
796 815 976 880 Caelo
1004 817 1255 903 primum
1285 815 1501 880 invasit
1531 826 1784 892 terram,
1837 828 1896 879 et
1936 828 2136 905 postea
2178 818 2408 903 dejecta
2453 828 2540 884 est

436 920 496 982 in
525 917 835 989 infernum,
916 916 1261 1004 Comparari
1288 917 1464 981 etiam
1500 926 1689 1005 potest
1727 918 1965 1008 sylvae,
2021 919 2119 983 ubi
2161 929 2298 983 sunt
2340 920 2541 984 multi·

440 1020 617 1107 plices
676 1017 871 1096 ferae,
946 1038 1064 1104 qua
1121 1018 1375 1083 abscissa
1429 1019 1742 1104 aufugiunt
1794 1019 1958 1085 ferae
2008 1020 2066 1082 in
2120 1019 2376 1084 Dumeta
2431 1022 2545 1086 cir-

436 1143 568 1185 cum
614 1120 804 1195 circa,
873 1130 930 1185 et
977 1129 1118 1183 tunc
1166 1129 1326 1183 terra
1380 1121 1751 1207 complanata
1796 1122 1855 1184 iu
1901 1121 2096 1187 medio
2142 1123 2435 1186 excolitur
2480 1124 2546 1186 in

437 1243 666 1310 agrum.

445 1446 629 1535 Quod
673 1448 1068 1540 Regeneratio
1122 1473 1245 1514 non
1304 1447 1533 1515 dabilis
1602 1453 1682 1514 sit
1745 1449 1973 1543 absque
2025 1451 2241 1516 Libero
2287 1453 2540 1519 arbitrio

1211 1553 1274 1614 in
1323 1549 1757 1643 spiritualibus.

595 1728 740 1792 615.
821 1727 969 1807 Quis
1020 1736 1255 1811 praeter
1309 1728 1605 1816 stupidum
1664 1748 1782 1792 uon
1833 1738 2027 1816 potest
2073 1729 2302 1804 videre,
2377 1731 2537 1817 quod

438 1830 615 1894 homo
644 1830 864 1914 absque
891 1828 1109 1891 Libero
1137 1828 1386 1893 arbitrio
1424 1830 1484 1892 in
1509 1830 1907 1916 spiritualibus
1934 1853 2053 1894 non
2085 1831 2264 1917 possit
2295 1851 2540 1917 regene-

439 1931 596 2006 rari,
647 1950 786 1993 num
816 1932 1039 2014 absque
1065 1927 1165 1992 illo
1197 1939 1386 2014 potest
1414 1930 1739 1995 Dominum
1769 1932 1966 2006 adire,
2019 1943 2078 1995 et
2115 1932 2310 2019 Ipsum
2353 1954 2540 2020 agno-

438 2054 601 2099 scere
631 2031 1089 2117 Redemptorem
1118 2038 1176 2093 et
1202 2029 1594 2107 salvatorem,
1633 2042 1690 2095 et
1721 2053 1827 2119 pro
1855 2024 1986 2096 Deo
2016 2033 2175 2098 Caeli
2203 2045 2266 2096 et
2291 2036 2539 2111 Terrae,

438 2136 585 2200 sicut
615 2133 746 2218 Ipse
773 2132 944 2195 docet
972 2130 1189 2195 Matth.
1220 2131 1515 2199 XXVIII:
1571 2137 1668 2196 18.
1750 2133 1899 2213 Quis
1928 2135 2149 2220 absque
2180 2134 2400 2200 Libero
2429 2132 2542 2199 Ar-

438 2235 617 2300 bitrio
647 2234 747 2297 illo
780 2240 968 2320 potest
1005 2232 1293 2308 Credere,
1344 2232 1461 2297 hoc
1505 2243 1624 2311 est,
1676 2253 1747 2296 ex
1787 2234 1901 2298 fide
1942 2236 2203 2323 aspicere
2248 2247 2308 2299 et
2346 2235 2541 2301 colere

442 2336 642 2425 Ipsum
661 2381 676 2410 ‚
727 2342 787 2396 et
813 2355 876 2398 se
902 2333 1194 2421 applicare
1224 2334 1298 2398 ad
1326 2333 1660 2422 recipienda
1690 2334 1878 2400 media
1921 2344 1981 2399 et
2023 2333 2304 2401 beneficia
2332 2337 2541 2404 salutis

439 2438 519 2501 ab
545 2436 711 2520 Ipso,
765 2444 823 2497 et
852 2434 925 2498 ad
955 2436 1051 2500 illa
1082 2437 1417 2520 recipienda
1459 2458 1531 2499 ex
1573 2436 1708 2524 Ipso
1748 2439 2085 2524 cooperari:
2141 2439 2271 2524 quis
2315 2441 2541 2527 absque

442 2538 658 2603 Libero
689 2536 934 2600 arbitrio
963 2547 1153 2624 potest
1184 2535 1379 2601 facere
1415 2537 1651 2624 aliquod
1684 2538 1900 2602 bonum
1929 2539 2197 2626 proximo
2220 2535 2245 2614 ξ
2275 2550 2346 2603 et
2374 2562 2543 2606 exer-

443 2657 576 2702 cere
606 2634 999 2712 charitatem,
1053 2647 1288 2724 praeter
1328 2638 1530 2723 plura,
1583 2660 1734 2725 quae
1765 2639 1926 2703 Fidei
1956 2649 2015 2703 et
2042 2639 2361 2710 charitatis
2385 2651 2543 2717 sunt,

442 2738 661 2803 inferre
702 2738 763 2800 in
791 2739 1209 2824 cogitationem
1250 2749 1309 2802 et
1356 2738 1753 2816 voluntatem,
1808 2751 1866 2804 et
1912 2761 2257 2830 expromere
2300 2743 2432 2820 illa,
2486 2752 2544 2807 et

443 2838 711 2904 emittere
756 2838 815 2902 in
859 2850 1084 2913 actum;
1145 2839 1281 2927 quid
1324 2840 1586 2924 alioquin
1627 2841 2027 2927 Regeneratio
2072 2843 2180 2908 nisi
2221 2864 2387 2907 mera
2428 2865 2545 2910 vox

441 2942 642 3026 elapsa
673 2961 743 3003 ex
770 2962 871 3003 ore
900 2941 1170 3018 Domini,
1211 2939 1349 3005 Job.
1382 2940 1505 3015 111;
1562 2963 1714 3028 quae
1747 2943 1840 3007 vel
1867 2942 1926 3006 in
1955 2965 2098 3007 aure
2124 2945 2405 3020 subsistit,
2447 2944 2545 3011 vel

442 3043 504 3105 in
533 3061 637 3103 ore
665 3062 734 3103 ex
764 3042 1117 3127 cogitatione
1150 3043 1413 3129 proxima
1442 3041 1713 3128 loquelae
1743 3044 1938 3131 elapsa
1969 3044 2033 3107 fit
2058 3066 2238 3110 sonus
2264 3046 2544 3112 articula-

356 3211 357 3214 ,
443 3154 538 3207 tus
564 3162 637 3204 ex
662 3141 797 3205 solis
829 3144 1095 3208 undecim
1129 3145 1344 3218 literiS,
1399 3143 1498 3231 qui
1526 3164 1706 3208 sonus
1733 3166 1837 3230 per
1867 3145 2120 3231 aliquem
2153 3167 2388 3211 sensum
2423 3167 2543 3211 non

418 3251 633 3332 „potest
679 3243 736 3304 in
788 3243 1044 3329 aliquam
1076 3246 1449 3333 superiorem
1501 3244 1710 3310 mentis
1763 3248 2063 3333 regionem
2109 3247 2372 3323 elevari,
2437 3247 2539 3320 sed

444 3344 597 3409 cadit
625 3343 684 3406 in
711 3349 906 3408 a‘erem
937 3348 1035 3410 ubi
1064 3348 1394 3433 dissipatur.

601 3447 748 3510 616.
802 3445 989 3526 Dicite
1016 3448 1064 3511 si
1092 3446 1363 3535 potestis,
1405 3467 1557 3509 -num
1577 3469 1831 3533 usquam
1863 3448 1991 3512 dari
2019 3449 2198 3535 possit
2234 3448 2543 3538 stupidi-tas

445 3544 675 3611 caecior
711 3545 782 3608 de
824 3548 1334 3634 Regeneratione,
1393 3568 1570 3632 quam
1602 3547 1789 3634 qualis
1817 3559 1904 3614 est
1931 3550 2085 3634 apud
2121 3549 2285 3625 illos,
2339 3551 2441 3634 qui
2479 3573 2542 3615 se

442 3649 500 3711 in
529 3646 812 3732 hodierna
844 3648 987 3713 Fide
1015 3648 1403 3722 confirmant,
1456 3670 1610 3734 quae
1642 3660 1761 3725 est,
1817 3648 1972 3736 quod
2015 3649 2159 3714 fides
2195 3649 2542 3715 infundatur

354 3779 358 3786 ·
440 3747 663 3812 homini
694 3769 825 3810 cum
855 3758 943 3814 est
968 3751 1117 3815 sicut
1147 3759 1392 3813 truncus
1421 3759 1523 3814 aut
1556 3749 1731 3839 lapis,
1785 3759 1844 3813 et
1881 3750 2036 3838 quod
2083 3761 2223 3815 tunc
2263 3752 2426 3816 illam
2455 3753 2544 3815 in-

439 3849 630 3915 fusam
684 3859 963 3935 sequatur
1007 3849 1373 3935 justificatio,
1448 3873 1600 3936 quae
1645 3861 1769 3927 est,
1832 3852 2096 3917 remissio
2144 3863 2543 3939 peccatorum,

441 3954 852 4036 regeneratio,
924 3961 1158 4039 praeter
1203 3951 1372 4042 plura
1420 3952 1606 4026 dona;
1679 3960 1737 4015 et
1774 3952 1930 4040 quod
1978 3953 2246 4038 operatio
2289 3952 2545 4018 hominis

442 4071 685 4138 prorsus
713 4051 1073 4136 excludenda
1101 4054 1205 4128 sit,
1259 4064 1503 4141 propter
1532 4075 1799 4136 causam,
1853 4075 1926 4117 ne
1956 4054 2164 4117 merito
2194 4053 2413 4120 Christi
2443 4055 2546 4119 ali-

444 4173 621 4239 quam
650 4153 768 4217 vim
799 4141 1041 4232 inserat,
1097 4154 1255 4243 quod
1295 4154 1514 4241 dogma
1556 4165 1624 4219 ut
1660 4154 1853 4219 adhuc
1894 4153 2116 4236 firmius
2159 4154 2543 4234 stabiliretur,

443 4253 869 4346 hominiomne
897 4256 1147 4324 liberum
1185 4256 1493 4322 arbitrium
1535 4255 1594 4318 in
1626 4254 2023 4344 spiritualibus
2064 4257 2544 4346 praeripuerunt,
