2750 4775
419 334 528 386 318
645 322 1104 379 vulansa
1135 320 1687 392 -TuEQLOGu
1732 321 1798 373 N.
1840 319 1904 373 C.
1943 319 2054 372 ΕΤ
2094 321 2161 374 Π.
2200 320 2270 373 Ε.

419 481 477 543 3.
531 475 706 557 Quod
732 476 1015 543 Divinum
1046 478 1188 545 Esse
1215 477 1290 544 sit
1319 476 1462 543 Esse
1489 475 1551 540 in
1573 475 1653 541 Se
1670 523 1688 551 ‚
1741 484 1802 539 et
1834 474 2008 540 simul
2033 471 2299 540 Existere
2327 474 2385 538 in
2409 474 2508 552 Se,

420 683 477 743 4.
532 600 706 761 Quloil
731 582 1014 746 {iivniim
1046 680 1185 745 Esse
1211 689 1273 744 et
1300 678 1566 744 Existere
1592 677 1652 739 in
1681 675 1791 754 Se,
1834 698 1952 741 non
1982 677 2161 764 possit
2189 676 2517 763 producere

616 780 774 846 aliud
808 781 1127 856 Divinum,
1176 779 1336 868 quod
1372 778 1449 845 sit
1488 778 1630 843 Esse
1669 788 1730 841 et
1768 776 2032 844 Existere
2061 778 2121 840 in
2147 778 2259 854 Se,
2310 799 2517 843 conse·

617 892 866 970 quenter
905 881 1063 969 quod
1105 881 1271 947 Deus
1309 881 1457 945 alius
1494 879 1757 966 ejusdem
1796 877 2104 945 Essentiae
2147 900 2266 943 non
2307 878 2517 944 dabilis

419 1088 476 1147 5.
531 992 726 1167 Qusotl’
756 986 1059 1170 &origia
1114 1083 1380 1148 Deorum
1422 1081 1482 1145 in
1524 1080 1788 1147 Saeculis
1840 1081 2124 1168 antiquiS,
2176 1090 2237 1145 et
2277 1102 2519 1167 quoque

616 1184 942 1261 hodiernis,
994 1205 1112 1249 non
1141 1182 1376 1249 aliunde
1405 1183 1722 1258 exstiterit,
1765 1204 1942 1272 quam
1972 1204 2043 1248 ex
2068 1203 2189 1245 non
2214 1180 2517 1247 intellecto

615 1286 836 1350 Divino
863 1286 1039 1361 Esse,
1086 1306 1155 1347 n:
1199 1286 1303 1350 24.

535 1500 647 1567 DE
695 1498 837 1566 DEI
892 1497 1375 1565 INFINITATE
1395 1549 1413 1576 ,
1462 1499 1619 1565 SEU
1676 1500 2247 1568 IMMENSITATE
2290 1502 2400 1568 ET

1151 1598 1763 1668 AETERNITATE.

466 1793 477 1804 .
532 1739 708 1822 Quod
749 1740 944 1814 Deus.
994 1739 1272 1826 quoniam
1315 1735 1435 1829 {Est
1478 1747 1541 1803 'et
1586 1739 1794 1805 Existit
1839 1742 1903 1812 in,
1942 1739 2049 1816 Se,
2105 1752 2165 1804 et
2209 1741 2407 1805 omnia
2455 1743 2517 1806 in

624 1841 920 1907 Universo
944 1846 1081 1905 mt
1107 1850 1167 1904 et
1194 1841 1447 1906 existunt
1473 1861 1545 1905 ex
1572 1840 1739 1931 Ipso,
1792 1842 2061 1907 Infinitus
2091 1843 2184 1917 sit,
2224 1865 2295 1905 n:
2335 1847 2438 1907 28.

469 1995 481 2007 .
536 1942 709 2026 Quod
756 1943 946 2015 Deus,
1001 1942 1280 2027 quoniam
1326 1953 1463 2006 ante
1506 1943 1798 2008 Mundum
1851 1943 1990 2019 fuit,
2061 1945 2141 2007 ita
2198 1954 2518 2031 antequam

620 2045 923 2129 Tempora
950 2051 1009 2105 et
1034 2043 1236 2130 Spatia
1265 2053 1397 2114 orta
1428 2053 1597 2120 sunt,
1651 2042 1923 2109 Infinitus
1946 2046 2050 2120 sit,
2095 2068 2165 2110 n:
2208 2050 2312 2108 29.

466 2195 482 2210 .
536 2145 714 2227 Quod
757 2145 953 2218 Deus,
1025 2153 1335 2231 postquam
1380 2147 1639 2212 Mundus
1681 2145 1870 2210 sactus
1912 2157 2032 2219 est,
2094 2146 2169 2209 sit
2209 2148 2268 2209 in
2311 2146 2524 2232 Spatio

616 2247 839 2331 absque
867 2245 1091 2329 spatio,
1142 2254 1203 2308 et
1229 2247 1289 2309 in
1317 2246 1613 2336 Tempore
1644 2247 1864 2332 absque
1893 2256 2190 2335 tempore,
2233 2269 2303 2310 n:
2346 2251 2451 2313 30.

468 2397 478 2408 .
534 2345 713 2424 Quod
753 2344 1018 2411 Infinitas
1054 2346 1164 2411 Dei
1205 2349 1530 2434 respective
1560 2346 1631 2411 ad
1659 2346 1857 2436 Spatia
1879 2397 1895 2421 ‚
1950 2347 2182 2412 dicatur
2213 2349 2525 2415 Immensi—

620 2457 743 2524 tas,
808 2458 868 2513 et
918 2449 1243 2533 respective
1297 2449 1370 2515 ad
1414 2451 1713 2536 Tempora
1764 2449 1994 2513 dicatur
2037 2449 2410 2526 Aeternitas,
2460 2460 2525 2514 et

615 2549 774 2635 quod
818 2550 1050 2614 tametsi
1103 2548 1164 2612 bi
1215 2561 1517 2638 respectus
1573 2559 1739 2623 sunt,
1804 2571 1990 2637 usque
2046 2550 2191 2614 nibil
2229 2551 2402 2640 spatii
2445 2553 2524 2615 sit

618 2652 676 2713 in
704 2651 893 2739 Ipsius
920 2649 1321 2716 Immensitate
1341 2699 1358 2728 ,
1410 2662 1469 2715 et
1497 2648 1642 2716 nihil
1674 2642 1953 2739 temporis
1991 2652 2049 2715 in
2089 2651 2277 2739 Ipsius
2306 2649 2521 2735 Aeter-

618 2754 836 2830 nitate,
879 2772 947 2816 n:
996 2756 1097 2816 31.

420 2858 479 2919 5.
531 2853 705 2935 Quod
736 2853 1022 2918 illustrata
1052 2852 1232 2918 Ratio
1272 2874 1343 2916 ex
1373 2851 1678 2940 permultis
1714 2853 1776 2916 in
1814 2853 2042 2918 Mundo
2088 2853 2289 2916 videre
2338 2853 2521 2940 possit

459 2959 464 2965 '
619 2954 975 3020 Infinitatem
1015 2952 1162 3028 Dei,
1211 2975 1282 3016 n:
1323 2957 1435 3017 32.

421 3061 480 3120 6.
536 3057 711 3140 Quod
741 3077 915 3120 omne
944 3054 1221 3120 Creatum
1259 3056 1333 3119 sit
1374 3055 1665 3129 Finitum‚
1712 3063 1771 3118 et
1810 3055 1967 3141 quod
2009 3052 2309 3119 Infinitum
2350 3056 2518 3120 sitin

617 3157 825 3233 finitis,
881 3157 1032 3221 utin
1062 3154 1508 3243 Receptaculis‚
1560 3164 1621 3219 et
1664 3155 1822 3244 quod
1865 3157 1922 3218 in
1953 3155 2314 3221 Hominibus
2351 3167 2415 3220 ut
2454 3158 2519 3219 in

615 3259 703 3323 sui
745 3257 1146 3345 Imaginibus,
1197 3279 1263 3320 n:
1314 3256 1419 3320 33.
1466 3259 1568 3321 34.
2006 3252 2013 3259 ⁸

421 2350 459 2409 t&-
419 2149 458 2210 ω
420 1947 458 2007 10
420 1744 450 1805 θ’·

419 3453 531 3519 DE
582 3453 722 3519 DEI
773 3448 1197 3525 ESSENTIA,
1250 3446 1479 3530 QUAE
1536 3452 1687 3518 EST
1741 3452 2078 3519 DlVlNUS
2130 3452 2376 3521 AMOR
2412 3454 2521 3520 ET

1062 3551 1351 3618 DlleA
1409 3553 1885 3620 SAPIENTIA·

424 3697 477 3758 1.
534 3686 725 3781 Quod{
741 3691 900 3755 Deus
924 3689 998 3754 sit
1026 3690 1151 3777 ipse
1178 3690 1367 3757 Amor
1392 3703 1453 3756 et
1480 3694 1602 3781 ipsa
1632 3692 1957 3780 Sapientia,
1998 3701 2059 3756 et
2085 3694 2243 3778 quod
2273 3694 2372 3758 illa
2400 3693 2517 3758 duo

617 3792 836 3856 saciant
865 3790 1192 3856 Essentiam
1221 3792 1440 3881 Ipsius,
1486 3817 1558 3859 n:
1610 3798 1711 3860 37.

420 3899 479 3967 2.
531 3893 711 3975 Quod
737 3891 900 3956 Deus
923 3891 998 3957 sit
1027 3893 1214 3982 ipsum
1242 3893 1478 3959 Bonum
1507 3906 1567 3960 et
1596 3895 1783 3984 ipsum
1812 3895 2067 3971 Verum,
2112 3896 2253 3982 quia
2280 3895 2518 3961 Bonum

618 4004 704 4059 est
729 3992 996 4071 Amoris,
1039 4005 1099 4059 et
1126 3994 1350 4060 Verum
1376 4006 1467 4061 est
1491 3997 1863 4085 Sapientiae,
1901 4018 1971 4059 n:
2013 4000 2116 4060 38.

421 4100 478 4160 3.
532 4094 712 4182 Quod
735 4096 898 4160 Deus
913 4136 956 4187 ³1
971 4096 1107 4189 quia
1147 4105 1234 4161 est
1273 4097 1401 4184 ipse.
1423 4095 1609 4163 Amor
1634 4106 1695 4162 et
1731 4098 1856 4185 ipsa
1895 4092 2193 4185 Sapientia
2215 4146 2233 4175 ,
2285 4097 2362 4162 sit
2397 4097 2516 4186 ipsa

529 4212 544 4229 ·
619 4194 841 4275 Vitain
868 4217 967 4269 se,
1009 4217 1079 4259 n:
1123 4199 1225 4259 39.
1273 4199 1372 4261 40.
