2750 4775
444 327 516 376 28
675 316 1133 372 UNIVERSA
1191 314 1722 384 THEOLOGIA
1767 317 1835 371 N.
1880 315 1947 372 G.
1989 317 2104 368 ET
2146 316 2212 368 Ν.
2258 318 2323 372 Ε.

447 470 780 546 Ecclesiae,
836 492 986 555 quae
1026 469 1206 534 homo
1248 491 1317 535 ex
1350 491 1555 536 amore
1581 469 1815 546 haurit,
1870 492 1939 534 ac
1966 469 2295 535 intellectus
2336 470 2548 537 confir-

446 581 608 646 mat,
665 580 941 635 maneant
984 571 1139 657 apud
1181 570 1520 648 bominem,
1572 592 1691 634 non
1730 581 1925 634 autem
1957 571 2226 635 similiter
2271 572 2464 636 civilia
2493 583 2554 637 et

448 671 716 758 politica,
770 672 906 756 quia
937 670 1260 757 spiritualia
1311 674 1367 733 in
1404 693 1738 760 supremam
1784 673 1995 737 mentis
2037 672 2339 758 regionem
2381 695 2551 737 scau—

447 774 627 848 dunt,
679 781 737 834 et
778 773 860 836 ibi
896 794 957 837 se
996 771 1288 843 formant;
1344 793 1518 835 causa
1551 783 1671 848 est,
1726 773 1860 857 quia
1892 774 1970 836 ibi
2001 784 2087 838 est
2128 774 2400 837 introitus
2428 775 2548 839 Do·

447 874 591 937 mini
631 894 760 936 cum
790 873 1021 937 Divinis
1062 874 1218 937 veris
1254 883 1310 936 et
1341 874 1511 937 bonis
1541 875 1693 959 apud
1722 872 2054 948 bominem,
2108 885 2166 937 et
2206 875 2355 939 sicut
2403 886 2551 940 tem·

445 974 604 1059 plum
649 974 709 1036 iu
753 996 869 1060 quo
909 982 1026 1047 est;
1083 984 1143 1037 at
1185 974 1375 1038 civilia
1421 983 1477 1035 et
1508 976 1776 1061 politica,
1833 976 1969 1060 quia
2000 976 2207 1040 Mundi
2236 986 2407 1052 sunt,
2453 978 2553 1044 ju-

448 1074 665 1139 seriora
710 1074 922 1139 mentis
963 1085 1284 1162 occupant,
1338 1084 1397 1137 et
1440 1075 1726 1160 quaedam
1771 1076 1849 1139 ibi
1877 1087 2014 1141 sunt
2051 1078 2202 1140 sicut
2246 1078 2553 1142 aediculae

445 1186 610 1240 extra
658 1175 973 1260 templum,
1031 1184 1088 1238 et
1136 1175 1429 1261 quaedam
1470 1176 1620 1240 sicut
1655 1177 1837 1250 atria,
1895 1198 2179 1264 perquae
2209 1178 2555 1242 intrandum

445 1285 564 1349 est;
619 1277 776 1361 quod
804 1276 1127 1362 spiritualia
1157 1275 1456 1339 Ecclesiae
1489 1277 1549 1339 in
1590 1298 1863 1364 suprema
1913 1279 2156 1365 regione
2201 1280 2409 1343 mentis
2449 1279 2554 1343 ha-

426 1376 669 1451 bitent,
721 1387 808 1441 est
852 1398 1091 1463 quoque
1136 1397 1345 1452 causa,
1399 1377 1537 1461 quia
1577 1377 1674 1441 illa
1724 1379 1962 1465 propria
2006 1390 2141 1444 sunt
2175 1381 2440 1455 animae,
2498 1389 2559 1443 et

444 1486 712 1565 spectant
753 1479 879 1565 ejus
920 1477 1104 1541 vitam
1151 1486 1487 1553 aeternam,
1554 1488 1612 1540 et
1653 1478 1850 1542 anima
1890 1489 1976 1544 est
2022 1481 2078 1542 in
2121 1482 2440 1568 supremis,
2494 1491 2557 1544 et

446 1580 691 1644 nutritio
721 1580 844 1665 ejus
872 1600 991 1641 non
1020 1598 1090 1639 ex
1120 1576 1246 1639 aliis
1287 1577 1430 1642 cibis
1472 1600 1648 1664 quam
1680 1600 1749 1642 ex
1776 1580 2178 1662 spiritualibus
2206 1590 2324 1652 est;
2368 1604 2556 1668 quare
2609 1590 2613 1594 '

443 1680 737 1744 Dominus
767 1701 827 1743 se
863 1686 1036 1741 vocat
1064 1677 1306 1749 Panem,
1364 1678 1503 1740 dicit
1534 1678 1710 1752 enim,
1764 1680 1905 1769 Ego
1932 1706 2066 1745 sum
2093 1682 2293 1747 Panis
2318 1687 2556 1759 vivens,

445 1785 552 1871 qui
574 1778 823 1844 eVCaelo
851 1777 1197 1852 descendit,
1252 1781 1470 1869 siquis
1508 1778 1824 1845 comederit
1865 1805 1946 1845 ex
1990 1781 2104 1846 hoc
2126 1783 2337 1860 Pane,
2389 1787 2557 1849 vivet

444 1885 508 1945 in
548 1894 880 1955 aeternum,
934 1878 1078 1942 Joh.
1110 1879 1220 1943 VI:
1253 1885 1365 1952 51;
1420 1880 1479 1942 in
1522 1881 1617 1943 illa
1651 1883 1890 1967 regione
1920 1884 2094 1946 etiam
2126 1885 2341 1950 residet
2383 1906 2556 1950 amor

439 1981 727 2057 bominis,
783 1984 882 2065 qui
913 1978 1051 2043 facit
1083 1981 1208 2065 ejus
1238 1981 1661 2046 beatitudinem
1694 1992 1823 2069 post
1850 1994 2121 2060 mortem,
2177 1994 2234 2047 et
2262 1985 2341 2047 ibi
2371 1986 2553 2050 etiarn

446 2082 847 2169 principaliter
909 2081 1123 2145 residet
1181 2082 1306 2166 ejus
1350 2082 1631 2146 Liberum
1674 2084 1984 2146 arbitrium
2031 2084 2088 2146 in
2130 2086 2552 2173 spiritualibus,

441 2193 498 2247 et
525 2203 594 2246 ex
623 2181 735 2247 boc
763 2203 937 2245 omne
970 2183 1270 2257 Liberum,
1326 2183 1484 2267 quod
1512 2182 1735 2246 homini
1766 2184 1822 2244 in
1853 2186 2220 2251 naturalibus
2250 2197 2366 2262 est,
2420 2187 2552 2252 des-

441 2283 657 2357 cendit,
710 2292 768 2346 et
795 2284 932 2369 quia
963 2284 1131 2369 origo
1165 2284 1290 2367 ejus
1318 2283 1398 2345 ibi
1429 2294 1546 2359 est,
1595 2285 1992 2349 communicat
2020 2287 2076 2348 id
2108 2310 2236 2350 cum
2268 2288 2550 2351 omnibus

376 2409 383 2413 ·
438 2379 639 2448 liberis
666 2382 943 2453 Arbitriis
982 2383 1042 2447 in
1081 2383 1487 2458 naturalibus,
1543 2394 1600 2447 et
1636 2408 1738 2472 per
1767 2385 1866 2448 illa
1896 2389 2135 2451 assumit
2165 2412 2333 2452 amor
2362 2390 2420 2450 in
2450 2411 2550 2471 su·

444 2486 659 2570 premis
699 2506 955 2569 regnans
1008 2505 1181 2549 omne
1223 2485 1381 2570 quod
1426 2484 1535 2548 sibi
1583 2487 1892 2560 conducit;
1958 2498 2047 2551 est
2092 2488 2551 2553 communicatio

439 2586 587 2649 sicut
620 2608 818 2671 ⁶venae
846 2586 1034 2650 ‘fontis
1082 2608 1212 2648 cum
1255 2588 1421 2669 aquis
1463 2587 1586 2668 ejus
1627 2586 1798 2664 inde,
1853 2599 1910 2651 et
1938 2590 2087 2653 sicut
2115 2591 2297 2675 ipsum
2331 2587 2552 2679 prolifi-

441 2708 572 2749 cum
616 2688 852 2769 seminis
895 2709 1027 2751 cum
1067 2685 1340 2755 omnibus
1381 2697 1439 2750 et
1478 2688 1720 2773 singulis
1763 2689 2027 2766 arboris,
2091 2693 2376 2778 imprimis
2411 2712 2548 2753 cum

439 2786 759 2864 fructibus,
804 2788 875 2849 fin
916 2788 1128 2874 quibus
1171 2808 1232 2850 se
1277 2799 1545 2851 renovat.
1613 2789 1676 2852 Si
1711 2810 1852 2853 vero
1883 2790 2011 2876 quis
2041 2802 2218 2879 negat
2265 2793 2549 2856 Liberum

441 2888 752 2951 arbitrium
798 2891 856 2951 in
886 2886 1318 2976 spirituatibus,
1375 2899 1432 2950 et
1462 2890 1597 2950 inde
1629 2889 1814 2973 rejicit
1842 2891 2003 2964 illud,
2058 2893 2105 2956 is
2133 2892 2271 2956 facit
2300 2893 2410 2958 sibi
2439 2892 2550 2956 ali—

441 3011 538 3053 um
568 2990 790 3053 fontem
813 3039 826 3064 ,
882 3000 938 3052 et
973 2991 1111 3053 illuc
1141 2989 1327 3074 aperit
1359 3011 1573 3053 venam
1594 3038 1610 3064 ,
1665 3001 1721 3052 et
1752 2999 2074 3055 commutat
2106 2994 2387 3057 Liberum
2429 2992 2550 3080 spi-

435 3090 650 3157 rituale
678 3092 738 3157 in
770 3090 1051 3154 Liberum
1093 3111 1253 3159 mere
1283 3091 1575 3164 naturale,
1615 3100 1677 3154 et
1709 3092 1946 3155 tandem
1978 3095 2032 3154 in
2065 3089 2384 3158 infernale:
2431 3092 2550 3158 boc

354 3207 367 3211 ·
435 3191 716 3256 Liberum
760 3192 939 3255 etiam
986 3190 1050 3254 fit
1090 3191 1238 3254 sicut
1269 3188 1595 3277 prolificum
1639 3194 1912 3269 seminis,
1965 3196 2124 3279 quod
2155 3198 2328 3260 etiam
2362 3194 2549 3258 libere

435 3294 645 3359 transit
687 3293 990 3357 caudicem
1033 3302 1092 3355 et
1133 3313 1333 3355 ramos
1372 3292 1434 3355 in
1475 3292 1743 3369 fructuS,
1789 3295 1887 3379 qui
1931 3316 1999 3359 ex
2043 3298 2401 3383 scaturigine
2437 3316 2552 3360 sua

436 3392 596 3458 in‘tus
626 3404 760 3459 sunt
791 3405 1006 3481 putres.
1739 3468 1748 3475 x
2487 3386 2494 3389 ⁴

590 3500 736 3557 495.
797 3493 993 3555 Omne
1024 3491 1339 3567 Liberum,
1389 3492 1544 3578 quod
1576 3515 1608 3557 a
1641 3494 1901 3559 Domino
1928 3507 2049 3571 est,
2104 3507 2191 3562 est
2219 3498 2407 3582 ipsum
2446 3495 2549 3558 Li-

433 3592 672 3668 berum,
727 3602 787 3656 at
832 3591 990 3678 quod
1033 3593 1109 3655 ab
1155 3592 1387 3656 inferno
1446 3603 1532 3659 est
1579 3604 1637 3657 et
1683 3596 1819 3660 inde
1866 3597 2019 3684 apud
2067 3598 2403 3673 bominem,
2456 3605 2546 3660 est

430 3713 700 3765 servum3
755 3692 813 3756 at
842 3713 1027 3775 usque
1056 3713 1174 3754 non
1204 3704 1394 3780 potest
1417 3696 1605 3771 aliter,
1666 3719 1846 3781 quam
1877 3698 2038 3782 quod
2064 3699 2346 3763 Liberum
2372 3696 2549 3784 spiri-

432 3793 590 3856 tuale
617 3793 698 3857 illi
729 3793 828 3879 qui
858 3793 915 3854 in
946 3791 1164 3857 Libero
1193 3794 1466 3859 infernali
1495 3806 1612 3872 est,
1668 3807 1954 3884 appareat
1985 3809 2047 3862 ut
2075 3821 2311 3864 servum
2333 3847 2349 3874 ,
2402 3797 2547 3884 quia

429 3902 566 3956 sunt
606 3895 904 3980 opposita;
961 3902 1220 3958 attamen
1267 3919 1508 3973 omnes,
1564 3897 1663 3983 qui
1709 3897 1769 3959 in
1797 3899 2018 3963 Libero
2058 3900 2345 3986 spirituali
2386 3908 2546 3973 sunt,

429 4013 552 4058 non
598 3995 775 4060 modo
813 3996 1037 4071 sciunt,
1089 3994 1192 4060 sed
1223 3998 1399 4061 etiam
1431 3998 1795 4084 percipiunt,
1849 3999 2007 4085 quod
2034 4001 2317 4065 Liberum
2362 3999 2548 4062 infer-

427 4096 565 4159 nale
604 4116 839 4163 servum
874 4097 989 4174 -sit,
1046 4119 1233 4184 quare
1275 4094 1488 4184 Angeli
1531 4109 1886 4165 aversantur
1926 4100 2041 4169 hoc
2081 4103 2234 4166 sicut
2271 4101 2546 4165 nidorem

426 4196 891 4275 cadaverosum,
941 4206 1003 4263 at
1031 4197 1361 4289 Infernales
1402 4198 1544 4263 illud
1586 4198 1739 4263 idem
1778 4200 2089 4267 attrahunt
2115 4204 2268 4268 sicut
2296 4200 2543 4292 odorem
