2750 4775
409 364 478 414 5⁶
660 349 1117 405 umvssnsa
1162 352 1694 406 'rut-:onoma
1739 354 1805 407 N.
1847 353 1913 409 e.
1957 353 2062 406 ET
2104 353 2172 410 N.
2215 332 2307 409 Es

406 526 546 571 nam
574 504 1082 581 benedictionem,
1134 527 1287 593 qnae
1314 516 1402 571 est
1430 494 1552 570 v‘ita
1581 516 1842 571 aeterua.
1896 508 2012 582 Sed
2039 508 2112 571 de
2139 507 2515 574 contritione

407 606 521 671 hac
574 608 1017 694 expendendum
1071 617 1174 671 est.
1255 610 1310 669 1.
1353 608 1516 671 Num
1553 609 1629 673 sit
1669 608 2042 695 paenitentia.
2115 614 2173 673 2.
2229 609 2387 675 Num
2435 611 2511 676 sit

409 708 655 793 alicujus
682 709 981 773 momenti.
1039 712 1095 771 3.
1123 708 1285 772 Num
1313 709 1501 772 detur.

566 810 715 873 513.
776 808 936 872 Num
980 808 1333 873 Gonu-rto
1378 815 1515 874 rua
1562 830 1660 874 st‘r
1702 830 2153 888 memma-ra,
2208 831 2323 876 νει,
2358 830 2513 887 non,

402 907 680 974 concludi
738 920 929 996 potest
989 932 1021 971 a
1078 908 1488 976 paenitentiae
1546 911 1938 1000 descriptione
1991 911 2052 974 iu
2105 912 2512 998 sequentibus,

408 1011 565 1097 quod
607 1031 725 1074 non
772 1010 983 1075 dabilis
1019 1010 1124 1084 sit,
1197 1012 1306 1075 nisi
1344 1011 1526 1076 homo
1573 1034 1690 1077 non
1735 1011 1915 1076 modo
1953 1012 2363 1077 universaliter
2406 1014 2513 1078 sed

407 1111 586 1176 etiam
639 1111 1014 1198 singulariter
1050 1112 1198 1175 sciat
1238 1113 1399 1199 quod
1447 1122 1725 1200 peccator
1759 1114 1871 1189 sit,
1938 1113 2097 1201 quod
2143 1134 2319 1177 nemo
2358 1115 2510 1178 scire

407 1222 630 1299 potest,
687 1211 791 1276 uisi
820 1213 1081 1300 exploret
1107 1233 1201 1287 se,
1245 1223 1302 1275 et
1332 1214 1528 1277 videat
1558 1214 1656 1279 illa
1685 1213 1838 1302 apud
1866 1235 1962 1288 se,
2013 1224 2069 1276 et
2099 1224 2413 1301 propterea
2445 1237 2510 1279 se

411 1312 667 1380 damnet.
722 1313 1027 1378 Contritio
1059 1321 1257 1377 autem
1286 1313 1416 1389 illa,
1470 1336 1640 1400 quae·
1663 1316 2036 1402 praedicatur
2072 1318 2398 1380 necessaria
2435 1317 2512 1377 ad

407 1411 618 1489 fidem,
671 1412 814 1477 nihil
842 1435 1154 1478 commune
1194 1424 1354 1477 tenet
1385 1437 1514 1479 cum
1545 1416 1685 1492 illis,
1740 1437 1875 1480 nam
1906 1425 1994 1481 est
2022 1416 2200 1480 modo
2226 1418 2511 1501 cogitatio

409 1525 470 1579 et
506 1514 643 1579 iude
681 1515 1004 1591 confessio,
1059 1515 1217 1601 quod
1259 1517 1319 1579 in
1359 1526 1663 1603 peccatum
1696 1516 1945 1591 Adami‚
1996 1525 2054 1580 et
2084 1517 2141 1579 in
2170 1517 2512 1605 proclivita-

408 1624 528 1680 tem
569 1615 643 1680 ad
686 1617 838 1681 mala
878 1616 1013 1680 inde
1054 1613 1434 1680 scaturientia
1477 1626 1650 1683 natus
1677 1619 1791 1694 sit,
1840 1629 1902 1683 et
1927 1617 2087 1705 quod
2114 1627 2425 1707 propterea
2457 1618 2512 1681 ei

408 1717 485 1782 sit
527 1717 615 1782 ira
656 1716 799 1791 Dei,
867 1726 926 1780 et
970 1718 1105 1782 inde
1160 1738 1231 1780 ex
1277 1719 1489 1782 merito
1529 1718 1861 1794 damuatio,
1918 1719 2194 1795 devotio,
2245 1730 2305 1784 et
2350 1741 2509 1784 mors

408 1828 682 1883 aeterua:
735 1837 810 1882 ex
851 1817 1064 1904 quibus
1103 1828 1294 1904 patet,
1348 1819 1507 1906 quod
1551 1819 1832 1885 contritio
1873 1819 2021 1885 haec
2062 1839 2182 1884 non
2208 1821 2282 1885 sit
2310 1820 2511 1910 paeni·

407 1919 607 1984 tentia.

567 2021 713 2083 514.
768 2018 1034 2084 Alterum
1066 2030 1427 2085 momentum
1454 2030 1573 2093 esu
1632 2022 1908 2108 quoniam
1939 2021 2228 2086 Contritio
2262 2021 2360 2087 illa
2391 2044 2512 2087 non

410 2130 499 2187 est
525 2120 926 2197 Paenitentia,
980 2142 1126 2187 nun
1153 2143 1249 2186 su·
1281 2142 1578 2187 Amemus
1603 2143 1931 2195 nummu
1984 2123 2197 2187 dieitur
2221 2125 2380 2209 quod
2409 2123 2512 2188 illa

384 2220 679 2290 conferat
719 2220 792 2285 ad
821 2220 1028 2297 fidem,
1075 2224 1225 2287 sicut
1267 2224 1626 2309 praecedens
1664 2224 2046 2312 adsequens,
2095 2224 2201 2289 sed
2230 2225 2387 2310 quod
2416 2243 2514 2290 us·

413 2344 528 2411 que
570 2342 688 2385 non
733 2323 911 2393 intret
949 2324 1138 2400 illam,
1193 2334 1251 2392 et
1290 2347 1420 2390 cum
1465 2324 1563 2390 illa
1591 2347 1652 2390 se
1681 2326 2038 2413 conjungat,
2091 2324 2386 2391 miscendo
2414 2346 2514 2399 se;

410 2424 513 2488 sed
554 2423 693 2509 quid
726 2423 909 2515 fides,
946 2447 1114 2511 -quae
1157 2427 1451 2512 sequitur,
1504 2428 1660 2490 aliud
1702 2449 1878 2514 quam
1922 2426 2079 2513 quod
2119 2427 2284 2493 neue.
2327 2427 2514 2491 Patet

409 2525 659 2612 imputet
702 2526 982 2611 justitiam
1014 2527 1144 2591 Filii
1172 2529 1293 2604 sui,
1345 2537 1406 2590 et
1432 2537 1571 2590 tunc
1601 2526 1897 2593 hominem
1933 2548 2052 2592 non
2090 2527 2336 2612 alicujus
2382 2544 2515 2613 p'ec·

412 2625 532 2691 cati
579 2627 871 2691 conscium
917 2627 1176 2692 declaret
1220 2628 1472 2713 justum,
1527 2648 1748 2692 novum
1781 2638 1841 2691 et
1870 2637 2175 2705 sanctum,
2227 2640 2283 2691 et
2313 2630 2397 2694 sic
2425 2629 2515 2691 in·

411 2727 555 2790 duat
597 2727 746 2794 stola
798 2750 902 2817 per
942 2730 1291 2815 sanguinem
1329 2726 1482 2814 Agui
1546 2728 1741 2793 lavata
1796 2738 1854 2793 et
1900 2729 2147 2793 candida
2189 2729 2377 2799 iacta:
2450 2730 2510 2792 in

412 2849 529 2914 qua
561 2828 708 2893 stola
741 2852 872 2894 cum
904 2830 1135 2904 incedit,
1191 2829 1328 2914 quid
1360 2838 1502 2894 tunc
1529 2829 1681 2894 mala
1723 2833 1879 2894 vitae
1911 2830 2065 2915 ejus,
2117 2832 2223 2893 nisi
2250 2834 2400 2897 sicut
2428 2831 2514 2895 la·

409 2927 907 3020 pidessulphurei
951 2930 1193 3017 projecti
1239 2931 1298 2992 in
1337 2930 1584 2995 fundum
1617 2932 1824 3001 maris,
1879 2942 1936 2993 et
1967 2930 2103 3018 quid
2133 2922 2512 3019 tunc'pecca·

412 3039 537 3093 tum
566 3026 806 3107 Adami,
859 3033 967 3095 nisi
995 3029 1111 3094 tale
1151 3032 1309 3118 quod
1340 3032 1433 3095 vel
1463 3043 1680 3097 tectum
1705 3081 1721 3108 ,
1774 3032 1867 3096 vel
1897 3041 2190 3096 remotum
2213 3084 2228 3104 ‚
2283 3033 2378 3097 vel
2407 3053 2513 3121 per

410 3129 758 3216 imputatam
788 3131 1003 3199 Christi
1040 3133 1321 3219 justitiam
1351 3135 1703 3205 abductum;
1757 3156 1889 3199 cnm
1921 3132 2100 3196 homo
2140 3156 2208 3197 ex
2253 3133 2348 3197 illa
2397 3132 2509 3196 fide

410 3232 469 3295 in
494 3230 716 3318 justitia
758 3242 813 3297 et
843 3246 983 3296 tnnc
1011 3236 1182 3297 simul
1217 3235 1273 3296 in
1311 3235 1646 3298 innocentia
1675 3234 1786 3298 Dei
1812 3233 2170 3309 salvatoris,
2224 3235 2510 3321 ambulat,

416 3334 552 3421 quid
599 3344 739 3399 tunc
778 3334 1072 3403 Contritio
1113 3335 1208 3397 illa
1250 3335 1525 3407 inservit,
1580 3334 1689 3398 nisi
1735 3335 1809 3397 ad
1852 3334 2124 3401 fiduciam
2165 3336 2323 3420 quod
2347 3337 2423 3398 sit
2451 3335 2510 3397 iu

411 3435 544 3499 sinu
573 3432 927 3510 Abraham,
980 3444 1038 3497 et
1084 3434 1218 3498 iude
1258 3443 1483 3520 spectet
1519 3454 1641 3497 non
1682 3435 1967 3499 contritos
2008 3445 2143 3498 ante
2185 3433 2397 3510 fidem,
2450 3445 2511 3498 ut

411 3537 656 3601 miseros
694 3538 752 3598 in
795 3534 1058 3609 inferno,
1115 3543 1215 3599 aut
1256 3545 1320 3605 ut
1360 3543 1652 3600 mortuos:
1707 3555 1842 3598 nam
1873 3536 2119 3613 dicitur,
2172 3535 2332 3622 quod
2366 3536 2511 3601 fides

412 3635 550 3701 viva
593 3658 710 3698 non
753 3635 911 3698 sitin
940 3634 1078 3709 illis,
1133 3638 1231 3719 qui
1262 3634 1616 3698 contritione
1646 3646 1879 3709 carent;
1934 3659 2119 3723 quare
2160 3637 2271 3700 dici
2301 3647 2512 3723 potest,

411 3735 570 3821 quod
610 3735 690 3798 illi
731 3733 777 3798 si
822 3757 881 3798 se
926 3735 1349 3811 immerserint,
1423 3746 1524 3801 aut
1565 3757 1628 3800 se
1671 3736 2023 3824 immergant
2075 3737 2510 3805 damnabilibus

411 3834 614 3911 malis,
669 3854 788 3898 non
830 3833 1306 3924 plusattendant
1347 3837 1420 3900 ad
1450 3836 1581 3913 illa,
1633 3847 1692 3901 et
1723 3839 1978 3907 sentiant
2008 3839 2139 3914 illa,
2194 3861 2369 3925 quam
2414 3860 2512 3903 ca-

409 3934 519 3998 tuli
551 3935 712 4024 porci
740 3934 998 4022 jacentes
1024 3936 1082 4000 in
1123 3957 1306 4002 caeno
1335 3939 1394 4001 in
1428 3932 1600 4005 fossis
1621 3939 1851 4027 plateae
1882 3939 2366 4027 graveolentiam.
2424 3939 2512 4004 Ex

408 4033 500 4100 his
528 4046 717 4125 patet,
772 4037 928 4127 quod
958 4036 1249 4104 Contritio
1291 4038 1422 4118 illa,
1475 4040 1612 4106 dum
1652 4063 1773 4108 non
1814 4050 1900 4107 est
1926 4038 2334 4115 Paenitentia,
2389 4060 2509 4107 non

408 4136 483 4211 sit
513 4139 751 4227 aliquid.

570 4246 715 4309 515.
769 4241 1039 4309 Tertium
1065 4244 1457 4319 Momentum,
1509 4243 1667 4332 quod
1695 4241 2161 4332 expendendum,
2217 4252 2323 4321 est,
2366 4262 2512 4307 mm
