2750 4775
939 340 1059 393 xll.
1142 338 1679 395 BAPTlsMUS.
2261 351 2365 401 ¹85

253 500 284 561 1
325 491 481 581 Reg.
526 493 676 562 Vll:
725 496 808 560 23
840 492 914 557 ad
949 497 1052 557 39.
1100 493 1220 557 imo
1270 493 1432 578 quod
1477 492 1732 559 laverint
1781 514 1923 560 vasa
1970 503 2028 558 et
2074 494 2364 573 utensilia,

244 596 405 662 sicut
436 615 699 670 mensas,
750 614 1024 670 scamna,
1076 592 1290 667 lectos,
1346 593 1609 679 patinas,
1663 604 1722 657 et
1749 593 1994 682 pocula,
2046 595 2189 661 Lev.
2236 596 2362 661 XI:

242 700 358 761 32.
405 696 549 785 Cap.
580 695 756 761 XIVz
802 700 858 757 8.
895 699 949 758 9.
1009 694 1151 781 Cap.
1181 694 1326 759 XV:
1370 698 1407 756 5
1436 693 1510 757 ad
1549 697 1646 758 12.
1703 694 1847 782 Cap.
1876 693 2080 761 XVII:
2121 698 2219 760 15.
2258 701 2358 760 16.

244 796 472 864 Manu.
493 794 735 861 xxm:
778 799 879 860 25.
906 799 1006 858 26.
1041 798 1140 858 27.
1207 793 1324 859 Sed
1352 793 1712 859 Lavationes
1736 803 1795 858 et
1823 793 1993 881 plura
2017 794 2249 870 similia,
2275 796 2360 858 in-

240 898 458 984 juncta
500 905 557 961 et
587 896 864 961 mandata
892 896 1130 960 fuerunt
1162 892 1293 958 filiis
1324 893 1591 970 Israelis,
1635 916 1710 959 ex
1739 915 1949 971 causa,
1993 894 2131 980 quia
2161 894 2367 959 Eccle-

240 999 334 1063 sia
378 997 538 1085 apud
583 995 1019 1066 illesinstituta
1061 995 1170 1058 suit
1216 994 1481 1059 Ecclesia
1528 996 2061 1082 repraesentativa,
2113 1005 2171 1059 et
2220 993 2369 1060 haec

239 1098 386 1163 talis
427 1097 537 1162 fuit
579 1107 643 1161 ut
684 1095 967 1184 figuraret
1009 1095 1333 1160 Ecclesiam
1383 1103 1694 1162 venturam
1738 1095 2164 1169 Christianam3
2219 1116 2367 1183 qua—

242 1207 496 1286 propter
539 1219 674 1263 cum
714 1197 1007 1264 Dominus
1048 1197 1106 1259 in
1150 1194 1443 1262 Mundum
1495 1195 1698 1272 venit,
1742 1196 2052 1282 abrogavit
2097 1196 2367 1284 Reprae-

238 1300 584 1374 sentativa,
635 1319 787 1385 quae
830 1298 1025 1364 omnia
1072 1304 1243 1362 eraut
1293 1304 1571 1372 externa,
1626 1306 1685 1361 el
1729 1296 1976 1360 instituit
2021 1296 2366 1374 Ecclesiam,

240 1400 421 1486 cujus
461 1399 658 1464 omnia
692 1407 885 1464 essent
926 1398 1192 1473 iuterna,
1245 1398 1324 1460 ita
1354 1396 1648 1463 Dominus
1691 1396 1912 1484 figuras
1952 1396 2250 1471 discussit,
2306 1407 2364 1461 et

240 1500 409 1588 ipsas
462 1499 695 1586 effigies,
735 1499 1053 1574 revelavit,
1124 1499 1273 1563 sicut
1320 1498 1454 1582 quis
1500 1499 1696 1564 velum
1745 1497 1941 1562 aufert
1990 1505 2092 1560 aut
2124 1497 2362 1580 januam

237 1600 475 1690 aperit,
529 1609 588 1663 et
631 1599 770 1664 facit
811 1611 877 1664 ut
914 1599 1198 1665 interiora
1239 1618 1360 1662 non
1404 1598 1582 1663 modo
1625 1599 1974 1676 videantur,
2039 1597 2141 1662 sed
2186 1596 2361 1662 etiam

239 1702 576 1776 adeanturz
631 1701 921 1766 Dominus
948 1721 1019 1764 ex
1061 1700 1289 1763 cunctis
1328 1698 1440 1762 illis
1486 1700 1728 1764 retinuit
1770 1697 1962 1773 solum
2004 1698 2156 1772 duo,
2209 1720 2362 1784 quae

240 1803 454 1867 omnia
485 1800 801 1872 Ecclesiae-
820 1802 1092 1866 internae
1133 1802 1191 1863 in
1236 1819 1356 1872 uno
1398 1801 1707 1887 complexu
1752 1799 2156 1875 continerent,
2210 1819 2363 1884 quae

238 1911 387 1967 sunt
415 1901 750 1989 Baptismus
779 1902 911 1965 loco
945 1900 1373 1980 Lavationum,
1426 1908 1485 1962 et
1522 1899 1743 1964 Sancta
1786 1899 1985 1966 Caena
2026 1900 2162 1964 loco
2185 1896 2363 1985 Agni,

243 2002 354 2089 qui
383 2003 595 2089 quovis
621 2001 716 2066 die
741 2001 1222 2074 sacrificabatur,
1276 2008 1337 2063 et
1364 1999 1534 2086 plene
1561 2000 1620 2062 in
1651 2001 1828 2066 Festo
1858 1997 2178 2064 paschatis.

409 2105 556 2166 671.
626 2101 802 2180 Quod
851 2102 1211 2165 Lavationes
1253 2121 1431 2188 supra
1475 2110 1838 2165 memoratae
1877 2098 2264 2186 figuraverint
2306 2111 2364 2164 et

239 2202 776 2276 adumbravcrint,
825 2201 940 2265 boc
985 2210 1106 2275 est,
1161 2201 1740 2287 repraesentaverint
1790 2201 2152 2265 Lavationes
2194 2201 2364 2289 spiri-

239 2303 473 2377 tuales,
527 2322 680 2390 quae
706 2310 843 2364 sunt
873 2299 1316 2386 purificationes
1341 2322 1372 2363 a
1404 2301 1572 2365 malis
1598 2309 1656 2365 et
1684 2300 1875 2378 falsis,
1914 2311 2147 2367 constat
2174 2302 2360 2366 mani·

241 2404 403 2469 feste
430 2424 500 2466 ex
524 2401 647 2475 his;
703 2400 850 2465 Cum
888 2400 1097 2469 laverit
1123 2401 1425 2466 Dominus
1460 2417 1896 2469 excrementum
1906 2401 2197 2495 filiarum
2223 2401 2358 2471 Sio-

247 2504 356 2567 nis
373 2549 390 2577 ,
443 2514 500 2565 et
542 2505 874 2591 sanguines
917 2500 1211 2577 abluerit,
1280 2505 1342 2566 in
1387 2506 1604 2595 spiritu
1636 2502 1888 2592 judicii,
1941 2519 1998 2570 et
2033 2508 2100 2570 in
2142 2509 2358 2598 spirim

242 2605 748 2694 expurgationiS,
802 2602 958 2692 Esaj.
1009 2603 1124 2668 IV:
1174 2605 1230 2667 4.
1310 2600 1384 2668 Si
1405 2601 1625 2669 laveris
1657 2618 1713 2669 te
1749 2608 1926 2682 nitro,
1976 2619 2032 2671 et
2070 2604 2356 2699 multipli-

243 2706 484 2769 caveris
532 2703 641 2768 tibi
682 2726 980 2793 smegma,
1031 2726 1223 2795 usque
1264 2702 1540 2770 maculas
1586 2706 1857 2773 retinebit
1898 2709 2188 2798 iniquitas
2230 2720 2354 2784 tua,

239 2805 469 2869 Jerem.
517 2803 608 2866 ll:
655 2808 759 2868 22.
824 2805 997 2873 Hiob
1040 2805 1156 2870 1X=
1216 2809 1319 2870 30.
1364 2809 1468 2870 31.
1564 2805 1738 2871 Lava
1778 2831 1869 2871 me
1912 2807 1992 2872 ab
2038 2808 2356 2898 iniquitate

241 2927 413 2979 mea,
465 2919 522 2968 et
555 2927 708 2997 prae
734 2907 866 2969 nive
895 2904 1077 2971 albus
1100 2929 1236 2982 ero,
1290 2905 1507 2971 Psalm.
1556 2905 1670 2970 LI:
1718 2909 1777 2970 4.
1806 2911 1876 2970 ’9.
1960 2909 2199 2972 Lavaa
2227 2930 2355 2970 ma-

241 3003 383 3070 litia
419 3018 760 3081 cortuum,
813 3004 1279 3099 Hierosolyma,
1331 3021 1396 3072 ut
1448 3005 1742 3083 salveris,
1792 3006 2015 3070 Jerem.
2065 3004 2184 3071 IV:
2248 3009 2349 3070 14.

235 3107 477 3172 Lavate
516 3100 671 3181 vos,
737 3105 1022 3172 mundate
1063 3131 1215 3183 vos,
1282 3120 1572 3172 removete
1613 3106 1907 3173 malitiam
1953 3130 2198 3200 operum
2241 3130 2353 3171 ve-

234 3221 505 3271 strorum
534 3204 613 3271 ab
637 3204 834 3272 oeulis
872 3210 1051 3282 meis,
1106 3220 1336 3272 cessate
1379 3205 1603 3273 malum
1625 3203 1882 3294 faeere,
1939 3207 2096 3293 Esaj.
2139 3205 2197 3270 1:
2251 3210 2350 3270 16.

237 3306 423 3389 Quod
449 3306 669 3371 lavatio
684 3307 933 3392 „spiritus
957 3306 1212 3373 hominis
1241 3307 1540 3371 intellecta
1578 3309 1653 3372 sit
1693 3328 1796 3392 per
1835 3307 2195 3373 lavationem
2224 3328 2355 3371 cor-

178 3490 183 3494 .
234 3407 407 3494 poris
450 3406 607 3491 ejus,
660 3417 719 3471 et
764 3407 922 3493 quod
963 3407 1205 3474 Interna
1249 3394 1548 3472 Ecclesiae
1601 3417 2042 3494 repraesentata
2085 3407 2203 3472 sint
2248 3428 2354 3494 per

234 3508 538 3582 Externa,
589 3508 785 3592 qualia
831 3507 1071 3572 suerunt
1118 3507 1177 3572 in
1228 3508 1488 3572 Ecclesia
1536 3506 1890 3584 Israelitica‚
1962 3516 2122 3598 patet
2167 3508 2354 3572 mani·

230 3606 388 3672 feste
418 3629 490 3670 ex
516 3605 606 3670 his
632 3609 870 3672 Domini
899 3608 1097 3675 verbis
1113 3659 1128 3685 ,
1175 3606 1510 3675 Pharisaei
1531 3622 1588 3674 et
1611 3605 1858 3674 Scribae
1881 3608 2162 3675 videntes
2186 3609 2357 3703 quod

233 3705 554 3802 Discipuli
588 3708 802 3802 Ipsius
841 3706 1033 3773 illotis
1070 3709 1348 3775 manibus
1390 3707 1765 3775 comederent
1804 3734 2003 3804 panes
2023 3760 2039 3787 ,
2091 3709 2351 3803 sugilla-

232 3822 412 3881 πωπω
461 3831 603 3875 nam
647 3808 981 3876 Pharisaei
1015 3824 1072 3874 et
1108 3833 1316 3881 omnes
1339 3808 1596 3885 Judaei,
1650 3812 1775 3875 nisi
1800 3835 2013 3905 pugno
2053 3825 2225 3878 tenus
2254 3811 2349 3877 la·

233 3913 442 3976 verint
467 3932 718 3985 manus,
772 3909 1289 3995 noneomedunn
1331 3925 1580 4004 praeter
1618 3907 1748 3976 alia
1775 3910 2002 3989 multa,
2052 3935 2208 4004 quae
2250 3934 2352 3977 ac-

235 4025 526 4104 ceperunt
564 4023 791 4089 tenere,
845 4025 909 4076 ut
948 4008 1298 4077 lavationes
1329 4010 1689 4105 poculorum
1729 4027 1788 4078 et
1819 4025 2241 4087 testaceorum,
2294 4024 2351 4075 et

235 4134 594 4186 aeneorum,
643 4126 700 4177 et
727 4110 1042 4188 lectorum,
1084 4110 1174 4178 ad
1195 4135 1352 4203 quos
1381 4111 1555 4178 etad
1579 4112 1815 4179 turbam
1842 4111 2144 4178 Dominus
2171 4109 2352 4183 dixit,

238 4211 450 4281 audite
476 4212 589 4279 Me
614 4235 852 4289 omnes,
905 4227 983 4279 et·
1002 4210 1352 4303 intelligite,
1405 4210 1565 4278 nihil
1593 4226 1683 4285 est
1720 4225 1902 4277 extra
1941 4208 2235 4274 hominem
2266 4210 2356 4269 in·-
