2750 4775
461 378 567 431 1312
734 364 1197 419 UNIVEBSA
1240 362 1778 417 THEOLOGJA
1821 363 1887 415 N.
1929 361 1994 417 G.
2037 361 2144 413 ΕΤ
2184 363 2253 417 Ν.
2298 363 2363 416 Ε.

456 542 592 586 cum
621 518 1006 583 daemonibus
1032 517 1217 584 missis
1243 518 1303 581 in
1331 539 1544 605 porcos
1569 539 1602 581 a
1629 516 1921 591 Domino,
1974 517 2074 602 qui
2112 537 2175 581 se
2214 526 2420 602 postea
2445 515 2540 579 im—

457 630 788 686 merserunt
816 620 994 695 mari,
1050 641 1154 708 per
1181 640 1345 684 mare
1378 617 1473 684 bic
1501 629 1559 682 et
1589 618 1728 682 alibi
1757 618 1813 680 in
1843 619 2045 683 Verbo
2076 617 2443 704 significatur
2467 618 2543 681 in-

460 722 709 788 fernum.
789 721 1134 807 Comparari
1193 722 1369 785 etiam
1428 729 1618 808 potest
1658 740 1790 783 cum
1833 720 2006 783 turba
2049 720 2355 794 draconis,
2407 739 2546 805 quae

457 833 725 912 separata
756 843 788 885 e
817 822 997 886 Caelo
1025 823 1276 909 primum
1306 820 1522 885 invasit
1552 830 1804 896 terram,
1858 830 1917 884 et
1956 831 2157 909 postea
2199 821 2431 906 dejecta
2472 828 2549 885 est

457 927 517 990 in
545 922 857 993 infernum,
937 923 1282 1009 Comparari
1310 924 1486 987 etiam
1520 931 1709 1010 potest
1748 922 1986 1013 sylvae,
2042 922 2141 985 ubi
2180 932 2324 986 suut
2367 922 2551 985 multi·

461 1027 639 1114 plices
696 1024 892 1103 ferae,
967 1045 1085 1110 qua
1143 1025 1398 1089 abscissa
1450 1024 1763 1109 aufugiunt
1815 1023 1979 1089 serae
2029 1024 2086 1085 in
2141 1022 2403 1089 Dumeta
2456 1024 2556 1087 cir·

458 1151 590 1193 cum
635 1126 825 1203 circa,
895 1136 952 1191 et
998 1135 1141 1190 tunc
1189 1135 1345 1189 terra
1401 1127 1771 1212 complanata
1816 1126 1875 1188 in
1922 1124 2116 1191 medio
2163 1125 2460 1189 excolitur
2500 1125 2559 1189 in

459 1250 688 1318 agrum.

468 1453 651 1543 Quod
695 1455 1090 1547 Regeneratzb
1144 1478 1267 1519 non
1326 1451 1555 1519 dabilis
1624 1457 1704 1518 sit
1767 1452 1994 1547 absque
2047 1454 2266 1519 Libero
2314 1455 2558 1520 arbilrio

1233 1558 1297 1620 in
1345 1552 1779 1648 spiritualibus.

619 1735 762 1798 615.
843 1733 992 1813 Quis
1043 1741 1277 1818 praeter
1332 1731 1628 1820 stupidum
1687 1751 1805 1796 uon
1858 1741 2048 1820 potest
2096 1732 2330 1808 videre,
2408 1732 2556 1819 quod
2661 1782 2662 1811 1

462 1837 638 1901 bomo
666 1836 887 1920 absque
916 1833 1131 1897 Libero
1160 1832 1408 1897 arbitrio
1446 1835 1506 1896 in
1533 1833 1930 1919 spiritualibus
1956 1855 2075 1897 non
2107 1834 2291 1919 possit
2323 1854 2560 1920 regene-
2661 1820 2662 1829 ¹

463 1939 619 2014 rari,
670 1957 809 1999 num
838 1936 1062 2019 absque
1088 1932 1189 1997 illo
1220 1944 1409 2020 potest
1437 1935 1762 2000 Dominum
1792 1936 1990 2010 adire,
2042 1945 2100 1998 et
2139 1934 2340 2021 Ipsum
2384 1956 2560 2023 agno-

462 2061 624 2105 scere
655 2037 1111 2123 Redemptorem
1142 2043 1200 2097 et
1226 2035 1617 2111 Salvatorem,
1655 2045 1713 2099 et
1744 2057 1850 2124 pro
1878 2026 2008 2100 Deo
2038 2036 2199 2101 Caeli
2221 2040 2294 2100 εἰ
2319 2039 2560 2109 Terrae,
2663 2112 2664 2115 Ἴ

461 2142 609 2207 sicut
638 2138 770 2224 lpse
796 2137 967 2201 docet
996 2133 1212 2200 Matth.
1242 2135 1538 2203 XXVIII:
1594 2140 1691 2200 18.
1773 2136 1922 2217 Quis
1951 2137 2173 2223 absque
2203 2137 2430 2202 Libero
2460 2134 2562 2200 Ar·
2663 2146 2664 2149 ’

465 2242 641 2307 bitrio
671 2240 771 2303 illo
803 2246 991 2325 potest
1029 2236 1316 2313 Credere,
1368 2236 1484 2301 boc
1529 2248 1648 2315 est,
1700 2257 1770 2299 ex
1811 2237 1924 2301 fide
1966 2239 2226 2326 aspicere
2274 2250 2334 2302 et
2377 2238 2561 2303 colere

466 2342 665 2431 lpsum
684 2389 700 2415 ,
751 2347 811 2402 et
838 2360 899 2404 se
926 2338 1218 2427 applicare
1248 2338 1322 2402 ad
1350 2339 1684 2426 recipienda
1714 2338 1903 2403 media
1944 2347 2004 2402 et
2046 2336 2330 2404 beneficia
2362 2338 2561 2407 salutis

463 2445 543 2508 ab
571 2443 735 2526 Ipso,
789 2450 846 2502 et
877 2440 950 2505 ad
979 2442 1075 2505 illa
1105 2440 1441 2525 recipienda
1483 2462 1555 2503 ex
1596 2439 1733 2528 Ipso
1772 2442 2109 2528 cooperari:
2163 2442 2297 2526 quis
2341 2444 2562 2529 absque

466 2544 683 2609 Libero
713 2541 959 2606 arbitrio
988 2552 1177 2630 potest
1208 2540 1404 2605 facere
1438 2540 1675 2627 aliquod
1709 2542 1924 2604 bonum
1953 2542 2222 2629 proximo
2244 2538 2270 2617 ξ
2311 2554 2376 2607 et
2405 2562 2563 2607 exer-

467 2664 601 2709 cere
630 2640 1023 2719 charitatem,
1077 2650 1312 2729 praeter
1353 2642 1554 2727 plura,
1607 2664 1759 2728 quae
1789 2643 1950 2706 Fidei
1981 2654 2038 2707 et
2066 2642 2391 2712 Charitatis
2415 2652 2563 2715 suut,

467 2745 686 2810 inferre
726 2744 787 2806 in
816 2744 1233 2830 cogitationem
1275 2751 1333 2806 et
1382 2742 1779 2819 voluntatem,
1833 2753 1890 2807 et
1937 2765 2282 2832 expromere
2325 2746 2462 2823 illa,
2511 2751 2565 2807 et

467 2843 840 2909 emittere-in
884 2855 1108 2919 actum;
1169 2843 1306 2932 quid
1348 2844 1610 2929 alioquin
1652 2844 2052 2931 Regeneratio
2097 2846 2206 2911 nisi
2246 2866 2416 2911 mera
2458 2865 2566 2913 vox

467 2948 668 3033 elapsa
699 2967 768 3009 ex
795 2969 896 3009 ore
925 2946 1195 3022 Domini,
1236 2944 1373 3010 Job.
1407 2944 1530 3018 111;
1587 2967 1740 3031 quae
1771 2946 1866 3011 vel
1893 2946 1950 3009 in
1980 2967 2123 3010 aure
2149 2947 2435 3023 subsistit,
2476 2945 2566 3014 vel

467 3049 529 3112 in
558 3067 662 3110 ore
689 3068 759 3109 ex
789 3048 1142 3133 cogitatione
1175 3047 1439 3134 proxima
1467 3045 1738 3133 loquelae
1768 3047 1963 3133 elapsa
1992 3045 2058 3110 fit
2083 3069 2264 3112 sonus
2291 3047 2565 3113 articula-

469 3160 562 3213 tus
589 3168 661 3211 ex
688 3146 823 3212 solis
853 3148 1121 3214 undecim
1153 3149 1370 3222 literis,
1424 3147 1524 3235 qui
1551 3168 1732 3212 sonus
1758 3170 1863 3235 per
1893 3148 2146 3236 aliquem
2178 3170 2417 3214 sensum
2453 3166 2564 3213 nou

443 3258 659 3338 „potest
701 3249 761 3319 in
815 3248 1069 3336 aliquam
1101 3250 1475 3338 superiorem
1527 3248 1736 3313 mentis
1790 3251 2089 3336 regionem
2135 3249 2400 3327 elevari,
2465 3246 2560 3318 sed

469 3350 623 3416 cadit
651 3349 709 3411 in
737 3356 932 3414 a‘erem
965 3353 1063 3416 ubi
1089 3354 1420 3439 dissipatur.

627 3453 774 3516 ⁶16.
828 3451 1014 3516 Dicite
1042 3454 1089 3516 si
1118 3451 1391 3540 potestis,
1431 3471 1857 3537 num-usquam
1889 3450 2017 3515 dari
2045 3451 2225 3538 possit
2261 3448 2563 3539 stupiditas

472 3550 701 3617 caecior
737 3551 808 3613 de
852 3554 1325 3639 Regeneratione
1347 3602 1361 3625 ,
1420 3572 1596 3636 quam
1628 3551 1816 3639 qualis
1844 3562 1931 3617 est
1957 3552 2111 3637 apud
2147 3552 2313 3628 illos,
2366 3553 2467 3638 qui
2504 3572 2562 3616 se

470 3655 528 3717 in
554 3650 839 3716 hodierna
869 3654 1014 3718 Fide
1042 3653 1430 3726 confirmant,
1482 3674 1636 3738 quae
1668 3663 1787 3729 est,
1842 3652 1998 3739 quod
2042 3652 2186 3717 fides
2223 3651 2563 3719 infundatur

465 3752 690 3817 homini
720 3775 852 3817 cum
882 3764 969 3820 est
994 3755 1144 3819 sicut
1175 3764 1420 3818 truncus
1448 3763 1550 3818 aut
1582 3754 1758 3843 lapis,
1811 3763 1868 3817 et
1908 3754 2064 3841 quod
2111 3764 2251 3818 tunc
2291 3755 2454 3819 illam
2479 3754 2563 3816 iu-

467 3855 657 3922 fusam
712 3865 990 3940 sequatur
1034 3853 1401 3941 justificatio,
1475 3876 1628 3940 quae
1671 3863 1795 3930 est,
1860 3856 2123 3920 remissio
2171 3867 2561 3943 peccatorum,

468 3959 880 4041 regeneratio,
951 3966 1186 4044 praeter
1231 3955 1400 4045 plura
1447 3955 1634 4030 dona;
1706 3964 1766 4020 et
1800 3955 1957 4042 quod
2004 3956 2273 4042 operatio
2318 3954 2563 4021 hominis

470 4077 712 4145 prorsus
739 4056 1102 4140 excludenda
1128 4058 1233 4134 sit,
1287 4068 1530 4145 propter
1559 4077 1827 4138 causam,
1881 4078 1954 4120 ne
1983 4056 2192 4122 merito
2222 4056 2439 4122 Christi
2468 4055 2564 4120 ali-

471 4178 650 4246 quam
679 4158 796 4222 vim
825 4158 1069 4236 inferam
1125 4156 1283 4247 quod
1324 4158 1540 4245 dogma
1584 4169 1648 4222 ut
1687 4156 1881 4222 adbuc
1922 4156 2144 4240 firmius
2187 4157 2560 4234 stabiliretur,

471 4258 897 4352 bominiomne
926 4260 1176 4328 liberum
1213 4260 1521 4326 arbitrium
1565 4258 1621 4322 in
1654 4258 2051 4348 spiritualibus
2093 4261 2560 4349 praeripuerunt,
