2750 4775
449 362 560 411 111⁰
679 348 1136 405 UNIVERSA
1181 345 1715 401 THEOLOGIA
1754 346 1824 402 R.
1866 345 1932 402 C.
1972 346 2081 398 ET
2122 347 2201 406 N„
2237 346 2310 399 Ε..

547 503 936 591 Epulationes
981 522 1114 566 cnm
1155 499 1531 579 Abraham,
1597 500 1766 566 Isaeo
1805 509 1867 564 et
1906 500 2176 576 Jacobo,
2229 501 2290 564 in
2331 501 2535 567 similia

549 606 662 671 illis
703 604 1022 670 intromissi
1063 612 1231 679 sunt,
1293 602 1397 668 sed
1436 604 1573 691 quia
1617 611 2041 690 perceperunt,
2105 603 2265 687 quod
2312 602 2540 667 Gaudia

549 706 648 771 illa
677 717 870 772 essent
903 705 1082 769 modo
1107 713 1382 781 externa,
1434 715 1495 769 et
1534 724 1655 768 non
1690 703 1960 779 interna,
2012 703 2238 768 taeduit
2270 704 2434 780 illos,
2482 713 2540 767 et

548 808 900 881 abiverunt‚
953 828 1024 869 n:
1062 809 1210 870 135.

447 945 549 962 --
597 908 879 975 Similiter
903 907 1122 972 sactum
1150 915 1239 972 est
1264 928 1398 971 cum
1426 907 1557 982 illis,
1596 907 1695 994 qui
1723 904 2095 969 crediderant
2121 903 2359 970 Gaudia
2389 905 2546 970 Caeli

549 1021 609 1076 et
636 1009 1001 1076 Felicitatem
1031 1018 1331 1074 aeternam
1373 1010 1689 1074 consistere
1727 1007 1788 1070 in
1826 1006 2402 1093 supereminentibus
2429 1007 2550 1071 Do-

549 1111 776 1188 miniis,
824 1110 1276 1197 opulentissimis
1299 1108 1505 1185 Getis,
1545 1118 1605 1173 et
1628 1109 1690 1171 in
1715 1108 2055 1195 supertegia
2083 1108 2554 1194 Magnificentia,

550 1234 620 1276 nt
666 1216 812 1276 786.

452 1350 550 1365 —
599 1312 878 1379 Similiter
903 1313 1080 1378 etiam
1109 1333 1238 1376 cum
1281 1312 1421 1386 illis,
1476 1311 1575 1399 qui
1616 1310 1987 1378 crediderant
2012 1309 2246 1375 Gaudia
2277 1310 2551 1375 caelestia

548 1424 609 1478 et
661 1413 796 1479 inde
848 1414 1210 1480 Felicitatem
1265 1422 1567 1477 aeternam
1633 1434 1757 1477 esse
1813 1412 2068 1476 Delicias
2120 1411 2552 1487 Paradisiacas,

550 1537 622 1579 n:
672 1518 817 1580 ⁸187.
1141 1524 1150 1533 '

452 1657 552 1671 —
599 1615 881 1682 Similiter
924 1625 1125 1702 postea
1162 1614 1466 1691 cumillis,
1500 1600 1617 1702 'qui
1649 1612 2026 1678 crediderant
2062 1613 2300 1678 Gaudia
2346 1613 2551 1678 Caele-

551 1718 660 1784 stia
689 1726 748 1782 et
775 1717 1136 1783 Felicitatem
1165 1726 1466 1780 aeternam
1511 1736 1636 1781 esse
1671 1725 2010 1804 perpetuam
2037 1714 2547 1780 Glorificationem

554 1819 701 1894 Dei,
768 1840 841 1883 ac
886 1818 1125 1883 Festum
1165 1838 1495 1904 perennans
1548 1818 1608 1879 in
1660 1827 1996 1882 aeternum:
2050 1815 2109 1879 hi
2164 1816 2413 1879 tandem
2465 1816 2548 1878 iu—

553 1919 758 1986 structi
784 1929 949 1995 sunt,
987 1916 1128 2004 quid
1155 1919 1215 1982 in
1243 1918 1446 1982 Verbo
1474 1939 1579 2005 per
1605 1916 2109 1983 Glorificationem
2132 1918 2252 1981 Dei
2281 1916 2549 2004 intelligi-

556 2031 683 2097 tur,
733 2041 801 2082 n:
853 2024 997 2084 138.

453 2162 554 2176 —-
603 2119 885 2187 Similiter
910 2120 1144 2185 demum
1174 2119 1395 2186 factum
1435 2130 1522 2184 est
1566 2141 1699 2184 cum
1737 2119 1881 2197 illis,
1937 2120 2035 2207 qui
2076 2119 2458 2184 crediderant
2491 2140 2551 2184 se

555 2223 615 2285 in
655 2220 885 2288 Gaudia
923 2220 1210 2287 Caelestia
1256 2231 1317 2285 et
1354 2223 1414 2284 in
1455 2220 1819 2286 Felicitatem
1862 2223 2092 2297 venire,
2146 2221 2327 2284 modo
2372 2221 2550 2284 intro-

553 2323 865 2387 mittantur
889 2323 950 2386 in
978 2321 1250 2399 Caelum,
1305 2331 1366 2386 et
1402 2322 1563 2410 qnod
1598 2321 1710 2387 illis
1743 2331 1886 2386 tunc
1909 2322 2183 2389 similiter.
2201 2320 2443 2386 Gaudia
2468 2320 2547 2385 so-

555 2432 719 2497 rent,
768 2423 1264 2511 quemadmodum
1294 2434 1381 2489 est
1409 2424 1520 2488 illis
1546 2424 1645 2512 qui
1682 2424 1908 2488 intrant
1946 2425 2005 2488 in
2047 2424 2288 2489 domum
2321 2424 2549 2512 nuptia·

556 2546 685 2589 rum
715 2534 775 2589 et
797 2525 972 2590 simul
996 2534 1136 2589 tunc
1149 2526 1223 2588 in
1250 2524 1626 2597 festivitatem
1680 2533 1742 2589 at
1779 2526 1917 2611 quia
1959 2526 2071 2590 illis
2110 2546 2216 2611 per
2259 2525 2433 2592 vivas
2456 2545 2551 2588 ex-

553 2627 871 2714 perientias
899 2638 1194 2691 ostensum
1224 2636 1342 2702 est,
1396 2625 1555 2713 quod
1594 2626 1654 2689 in
1683 2626 1861 2691 Caelo
1891 2643 2010 2692 non
2036 2626 2151 2691 siut
2177 2624 2418 2690 Gaudia
2445 2623 2547 2690 nisi

557 2728 710 2805 inis,
756 2730 853 2816 qui
881 2729 1062 2795 vitam
1095 2728 1274 2802 caeli,
1325 2725 1442 2790 hoc
1469 2737 1583 2801 est,
1643 2729 1817 2791 vitam
1859 2725 2162 2792 charitatis
2191 2737 2251 2789 et
2292 2723 2430 2790 fidei
2471 2725 2546 2788 vi-

559 2840 802 2906 xerunt,
854 2840 912 2895 et
940 2829 1097 2917 quod
1126 2829 1376 2893 vicissim
1415 2828 1658 2893 Caelum
1691 2828 1801 2893 illis
1840 2814 1939 2915 qui
1969 2829 2326 2892 contrariam
2371 2829 2546 2892 vitam

560 2941 840 3019 egerunt,
907 2933 982 2996 sit
1028 2931 1347 3004 cruciatus,
1416 2939 1810 3004 recesserunt,
1882 2939 1942 2992 et
1992 2950 2121 2993 cum
2163 2928 2455 2993 similibus
2491 2948 2546 2993 se

493 3047 500 3054 '
566 3034 1088 3107 consociaverunt,
1138 3052 1208 3095 n:
1253 3035 1405 3094 139.
1630 3027 1639 3036 ’

462 3132 757 3214 Quoniam
815 3143 1154 3223 perceptum
1206 3142 1295 3196 est
1347 3133 1424 3196 ab
1477 3125 1745 3218 Angelis,
1799 3125 1956 3217 quod
2005 3128 2196 3194 adhuc
2248 3128 2448 3193 nullus
2493 3128 2546 3190 iu

563 3234 789 3299 Mundo
829 3235 1085 3299 naturali
1132 3234 1306 3299 sciret
1353 3232 1550 3320 qualia
1597 3241 1733 3296 sunt
1772 3230 2005 3296 Gaudia
2052 3230 2244 3305 Caeli,
2319 3240 2380 3293 et
2422 3230 2545 3294 inde

564 3335 754 3421 qualis
777 3347 864 3401 est
891 3334 1165 3400 Felicitas
1195 3344 1470 3409 aeterna,
1522 3334 1737 3397 dictum
1779 3343 1864 3396 est
1907 3332 1980 3396 ad
2022 3330 2313 3417 Angelum
2358 3332 2547 3407 tubae,

563 3445 627 3498 ut
671 3436 915 3523 eligeret
959 3459 1026 3499 ex
1073 3435 1412 3500 convocatis
1454 3436 1692 3508 decem,
1764 3456 1834 3496 ac
1879 3433 2279 3497 introduceret
2323 3430 2456 3497 illos
2495 3432 2547 3493 in

567 3557 743 3601 unam
770 3537 1125 3601 Societatem
1156 3536 1349 3611 Caeli,
1404 3547 1466 3599 ut
1498 3536 1616 3599 suis
1642 3534 1825 3599 oculis
1853 3534 2122 3598 viderent
2160 3541 2220 3596 et
2260 3534 2549 3598 mentibus

566 3639 936 3726 perciperent
963 3636 1103 3720 quid
1130 3625 1407 3713 Caelum}
1460 3647 1519 3701 et
1545 3635 1739 3723 qualia
1780 3636 1862 3697 ibi
1892 3634 2107 3719 gaudia
2150 3644 2321 3709 sunt,
2374 3645 2437 3698 et
2471 3632 2549 3697 fa·

499 3815 506 3822 Ι
568 3747 723 3802 ctum
770 3746 857 3801 est
885 3736 1014 3806 .ita;
1071 3745 1130 3797 et
1170 3746 1297 3822 post
1339 3737 1866 3812 intromissionem,
1921 3736 2171 3822 primum
2213 3736 2425 3799 datum
2472 3744 2549 3799 est

565 3839 678 3903 illis
723 3837 923 3901 videre
965 3835 1341 3923 magnificum
1375 3838 1679 3904 'Palatium
1734 3837 2021 3922 Principis
2078 3835 2195 3912 ihi,
2256 3855 2333 3897 n:
2410 3838 2546 3899 140.

566 3940 722 4003 Tum
749 3937 1097 4004 Paradisum
1132 3938 1291 4022 juxta
1322 3937 1501 4015 illud,
1553 3959 1628 4001 u:
1677 3942 1822 4002 141.
1905 3938 2119 4003 Postea
2160 3935 2349 4025 ipsum
2391 3937 2551 4002 Prin-

569 4040 784 4127 cipem,
850 4047 911 4103 et
952 4038 1077 4124 ejus
1116 4040 1429 4126 Magnetes
1472 4039 1533 4102 in
1580 4039 1843 4104 vestibus
1884 4037 2229 4127 splendidis,
2283 4060 2354 4100 n:
2412 4041 2551 4101 742..

567 4139 797 4204 Deinde
816 4139 1045 4206 invitati
1066 4141 1139 4203 ad
1163 4142 1430 4205 Mensam
1446 4139 1734 4226 Principis
1750 4140 2030 4206 viderunt
2055 4147 2396 4227 apparatus,
2417 4160 2552 4226 quos

562 4237 771 4324 aliquis
799 4240 1088 4305 oculnsin
1117 4239 1288 4303 terris
1324 4259 1446 4301 non
1477 4238 1704 4324 viderat
1717 4268 1737 4317 ,-
1790 4249 1852 4303 et
1893 4240 1966 4304 ad
2009 4242 2276 4305 Mensam
2319 4240 2549 4306 audive-
