2750 4775
818 359 822 368 ·
918 338 1010 390 lx.
1094 336 1734 392 PAEMTENTIA.
2301 351 2369 398 55

269 492 562 556 Dominus
589 490 901 555 duodecim
926 488 1242 578 Apostolis,
1292 500 1350 554 et
1381 512 1616 578 quoque
1640 491 2024 579 Septuaginta
2051 513 2199 579 quos
2224 493 2370 560 emi-

268 594 378 670 sit,
404 592 760 665 mandavit,
814 600 879 656 ut
906 593 1315 680 praedicarent
1341 591 1799 656 Paenitentiam:
1853 614 1921 655 ex
1952 593 2161 680 quibus
2187 602 2369 682 patet,

266 694 430 783 quod
459 693 709 780 primum
738 692 1036 758 Ecclesiae
1063 695 1136 757 sit
1165 693 1555 758 Paenitentia.

400 798 569 860 511.
625 793 800 874 Quod
830 794 989 880 apud
1021 792 1321 859 hominem
1365 814 1484 858 non
1528 794 1687 880 prius
1728 793 1988 858 Ecclesia
2027 795 2133 871 sit,
2187 816 2365 883 quam

264 904 580 985 postquam
633 895 787 981 apud
829 895 991 959 illum
1035 905 1261 960 remota
1292 904 1430 959 sunt
1458 903 1728 981 peccata,
1783 894 2031 980 quisque
2070 904 2259 981 potest
2298 917 2370 961 ex

262 998 500 1061 ratione
541 997 922 1072 concludere,
978 1005 1035 1059 et
1075 995 1222 1059 haec
1263 1005 1451 1083 potest
1493 995 1772 1059 illustrari
1796 1013 1905 1081 per
1929 995 2036 1060 bas
2062 1017 2371 1082 compara-

265 1101 492 1171 tiones;
546 1097 676 1184 quis
703 1106 895 1183 potest
935 1098 993 1160 in
1023 1117 1261 1184 campos
1300 1105 1403 1161 aut
1429 1096 1660 1185 sylvas,
1714 1096 1772 1157 in
1804 1096 2015 1183 quibus
2045 1106 2183 1161 sunt
2210 1097 2370 1162 serae

264 1200 466 1263 omnis
507 1200 768 1285 generis,
823 1198 1196 1264 introducere
1225 1218 1400 1274 oves,
1456 1198 1676 1261 haedos
1703 1207 1759 1260 et
1792 1215 2008 1281 agnos,
2053 1208 2368 1285 antequam

262 1301 429 1364 feras
455 1300 770 1385 expulerit:
826 1310 885 1363 et
913 1302 1042 1386 quis
1070 1310 1258 1387 potest
1286 1299 1544 1385 aliquam
1575 1310 1814 1374 terram,
1866 1299 2060 1386 spinis,
2107 1299 2368 1365 sentibus

263 1413 331 1465 et
389 1401 591 1465 urticis
642 1401 895 1465 obsitam
958 1422 1312 1488 praeparare
1368 1403 1429 1463 in
1490 1400 1783 1475 Hortum,
1855 1401 2198 1487 priusquam
2241 1399 2371 1466 illas

266 1523 458 1566 noxas
497 1502 935 1586 exstirpaverit;
987 1504 1116 1589 quis
1158 1513 1347 1587 potest
1387 1503 1447 1565 in
1479 1502 1702 1565 Urbem
1731 1503 1807 1564 ab
1839 1500 2371 1588 hostibusposses·

262 1626 395 1669 sam
436 1603 660 1669 inferre
686 1604 962 1667 ‘formam
1017 1602 1540 1669 administrationis
1583 1602 1841 1687 justitiae
1884 1623 1956 1665 ex
1993 1602 2244 1686 judicio,
2311 1610 2370 1665 et

265 1706 575 1772 civitatem
615 1705 905 1781 condere,
958 1704 1534 1792 priusquam-hostes
1572 1702 1844 1787 ejecerit:
1895 1703 2084 1767 simile
2123 1712 2211 1768 est
2238 1723 2367 1767 cum

267 1807 440 1870 malis
479 1805 634 1892 apud
677 1806 1007 1881 bominem,
1071 1827 1223 1891 quae
1265 1814 1402 1870 sunt
1440 1806 1590 1868 sicut
1633 1804 1826 1877 serae,
1878 1807 2032 1868 sicut
2070 1813 2264 1869 sentes
2309 1812 2369 1867 et

264 1908 507 1992 spinae,
561 1915 621 1968 et
658 1907 812 1970 sicut
851 1906 1078 1981 hostes,
1142 1927 1277 1970 cum
1324 1905 1533 1990 quibus
1561 1905 1824 1969 Ecclesia
1865 1927 1983 1970 non
2026 1903 2368 1970 cohabitare

268 2018 462 2094 potest
523 2007 650 2094 plus
690 2028 869 2092 quam
928 2008 1059 2093 quis
1102 2015 1293 2092 potest
1339 2004 1609 2067 habitare
1653 2007 1712 2068 in
1752 2006 2045 2070 Bestiario
2089 2006 2191 2068 ubi
2233 2014 2370 2071 sunt

269 2108 517 2192 tigrides
544 2116 602 2168 et
630 2107 921 2193 leopardi;
982 2127 1093 2169 nec
1120 2106 1249 2190 plus
1276 2126 1454 2189 quam
1484 2106 1613 2191 quis
1641 2116 1830 2194 potest
1856 2108 2079 2171 cubare
2106 2107 2166 2170 in
2192 2109 2366 2183 lecto,

275 2209 371 2276 cui
411 2205 636 2272 herbae
664 2206 951 2270 toxicatae
978 2216 1113 2270 sunt
1141 2206 1505 2283 substratae,
1557 2227 1626 2270 ac
1654 2206 2057 2294 pulvinaribus
2083 2208 2369 2282 insertae,-

276 2327 470 2393 neque
518 2305 644 2392 plus
689 2327 863 2393 quam
912 2308 1039 2394 quis
1076 2316 1265 2396 potest
1306 2317 1483 2370 noctu
1528 2306 1783 2371 dormire
1825 2309 1881 2370 in
1921 2308 2203 2398 Templo,
2253 2309 2364 2378 sub

277 2409 444 2493 cujus
488 2409 827 2494 pavimento
871 2419 1005 2472 sunt
1047 2408 1351 2496 sepulchra
1403 2409 1464 2472 in
1511 2409 1721 2495 quibus
1769 2410 2097 2490 cadavera,
2145 2433 2367 2478 numne

271 2509 435 2574 illum
468 2509 547 2570 ibi
572 2520 803 2597 spectra
832 2509 980 2574 sicut
1010 2510 1195 2574 suriae
1221 2510 1581 2575 infestarent.

300 2735 486 2819 Quod
549 2735 868 2812 ContritiO,
944 2735 1019 2801 de
1088 2760 1212 2828 qua
1271 2735 1452 2802 hodie
1512 2736 1735 2803 dicitur
1795 2737 1963 2827 quod
2017 2738 2344 2832 praecedat

370 2836 607 2911 Fidem,
669 2852 724 2901 et
769 2862 945 2930 quam
976 2843 1245 2932 sequitur
1269 2837 1607 2904 consolatio
1635 2838 1984 2937 Evangelii,
2029 2866 2152 2906 non
2187 2845 2267 2906 sit

1116 2940 1516 3004 Paenitentia.

435 3121 586 3179 51‘2.
661 3116 729 3178 ln
772 3115 1108 3180 Christiano
1156 3116 1508 3181 Reformato
1553 3118 1718 3181 Orbe
1766 3119 2019 3181 traditur
2072 3118 2363 3201 quaedam

260 3217 489 3305 species
527 3218 875 3290 anxietatis,
926 3218 1164 3293 doloris,
1215 3228 1272 3280 et
1306 3220 1581 3292 terroriS‚
1636 3238 1812 3302 quarn
1854 3229 2072 3283 vocant
2098 3218 2367 3283 Comm-

259 3337 514 3382 'nom-:m
535 3367 549 3391 ,
605 3340 759 3403 quae
786 3319 939 3405 apud
972 3319 1410 3403 regenerandos
1449 3321 1742 3403 praecedit
1779 3321 2011 3383 illorum
2041 3318 2213 3385 fidem
2238 3364 2254 3391 ,
2305 3327 2365 3382 et

261 3441 449 3504 quam
491 3419 756 3503 sequitur
810 3419 1136 3484 consolatio
1178 3420 1521 3505 Evangelii;
1595 3421 1828 3494 dicunt,
1881 3419 2040 3505 quod
2080 3419 2365 3483 contritio

246 3521 365 3584 illa
408 3519 564 3607 apud
605 3541 709 3582 eos
752 3521 1053 3583 exoriatur
1094 3544 1161 3583 ex
1208 3520 1419 3584 timore
1466 3543 1574 3607 pro
1610 3521 1760 3603 justa
1810 3522 1891 3583 ira
1935 3520 2076 3596 Dei,
2127 3521 2365 3586 et·inde

261 3631 508 3689 aeterna
548 3620 924 3684 damnatione
943 3669 960 3696 ,
982 3650 991 3655 ·
1013 3620 1197 3683 cuivis
1233 3643 1301 3683 ex
1333 3632 1578 3706 peccato
1605 3620 1816 3686 Adami
1846 3633 1902 3684 et
1930 3622 2065 3686 inde
2093 3622 2369 3710 proclivi-

262 3732 393 3785 tate
416 3721 490 3784 ad
520 3721 673 3784 mala
700 3722 1073 3797 inhaerente,
1117 3732 1176 3783 et
1205 3721 1361 3806 quod
1394 3723 1618 3807 absque
1645 3723 1744 3786 illa
1774 3721 2161 3800 Contritione,
2205 3722 2367 3799 fides,

262 3844 418 3911 quae
456 3832 545 3885 est
585 3820 931 3910 imputativa
977 3823 1171 3885 meriti
1199 3833 1257 3885 et
1288 3823 1544 3906 justitiae
1572 3823 1811 3919 Domini
1838 3825 2192 3899 Salvatoris,
2247 3844 2367 3886 non

263 3924 557 3998 donetur,
608 3934 666 3986 et
695 3924 852 4010 quod
881 3922 993 3996 illi,
1047 3924 1330 4012 quibanc
1359 3922 1533 3988 fidem
1555 3924 1761 4010 -adepti
1785 3935 1957 4000 sunt,
2015 3924 2369 3990 consolatio·

262 4044 399 4089 uem
432 4023 741 4111 Evangelii
768 4024 1077 4110 recipiant,
1129 4047 1280 4112 quae
1308 4035 1415 4100 est,
1471 4025 1629 4111 quod
1656 4026 2072 4111 justificentur,
2121 4025 2234 4088 hoc
2259 4032 2365 4097 est,

263 4124 647 4201 innoventur,
700 4135 1126 4213 regenerentur
1154 4135 1211 4189 et
1236 4123 1698 4202 sanctificentur,
1736 4127 1956 4213 absque
1985 4127 2101 4190 ulla
2127 4124 2366 4187 illorum
2403 4178 2414 4193 ,

269 4226 720 4316 cooperatione,
776 4236 835 4292 et
863 4227 1029 4314 quod
1048 4224 1131 4295 sic
1156 4249 1191 4292 a
1224 4225 1601 4293 damnat-ione
1633 4227 2064 4292 transferantur
2088 4225 2152 4285 in
2178 4230 2367 4291 aeter-
