2750 4775
476 366 582 416 106
696 352 1153 408 UMVERSA
1209 350 1747 406 TREOLOGIA
1799 352 1867 404 N.
1905 350 1971 409 C.
2011 351 2119 404 ΕΤ
2159 351 2228 407 Ν.
2269 352 2333 404 Ε.

471 507 612 596 quid
639 506 800 572 illum
827 514 1059 596 oportet
1088 504 1240 571 velle
1268 516 1325 572 et
1353 505 1490 570 inde
1518 505 1749 582 facere,
1795 514 1860 571 ut
1885 526 2131 594 prosper
2153 505 2226 570 sit
2250 505 2310 569 in
2329 505 2551 575 Mundo

473 610 548 675 ad
592 619 855 697 tempus,
904 606 1214 693 et-beatus
1260 618 1389 693 post
1435 616 1687 672 mortem
1728 586 1788 670 in
1832 617 2171 679 aeternum
2225 628 2469 695 prosper
2499 617 2555 671 et

470 712 683 776 beatus
708 709 791 786 fit,
841 709 887 773 si
917 717 1224 796 comparat
1250 709 1359 773 sibi
1388 708 1735 796 sapientiam
1753 752 1770 785 ‚
1814 728 1886 773 ac
1913 710 2280 775 voluntatem
2306 708 2417 773 sub
2444 709 2558 796 ejus

470 810 807 878 obedientia
848 818 1043 882 tenet;
1094 818 1156 874 at
1194 809 1526 898 improsper
1563 818 1623 872 et
1648 808 1885 885 infelix,
1934 809 1985 873 si
2010 810 2372 875 intellectum
2399 829 2558 874 suum

475 914 650 978 mittit
686 911 799 977 sub
837 910 1229 976 obedientiam
1260 911 1616 976 voluntatis:
1671 931 1846 976 causa
1871 922 1987 987 est,
2043 911 2180 998 quia
2207 911 2496 979 Voluntas
2529 931 2560 975 a

473 1014 783 1080 nativitate
828 1013 1070 1076 inclinat
1102 1012 1176 1076 ad
1208 1013 1395 1087 mala,
1448 1013 1624 1077 etiam
1653 1013 1949 1088 enormia,
2003 1033 2189 1098 quare
2215 1013 2324 1076 nisi
2355 1011 2453 1077 illa
2479 1033 2559 1075 re·

470 1115 775 1181 fraenetur
819 1133 922 1199 per
946 1113 1308 1178 intellectum
1325 1161 1342 1188 ,
1395 1112 1575 1179 homo
1605 1112 1794 1177 libero
1820 1113 2140 1179 voluntatis
2164 1135 2312 1178 suae
2336 1114 2561 1191 relictus

473 1225 676 1282 rueret
716 1215 775 1278 in
815 1210 1078 1291 nefaria,
1130 1224 1190 1279 et
1230 1235 1303 1303 ex
1342 1215 1515 1278 insita
1557 1214 1746 1279 ferina
1777 1224 1987 1279 natura
2019 1202 2480 1302 depopularetur
2514 1223 2566 1277 et

476 1317 797 1382 trucidaret
841 1317 929 1381 sui
960 1337 1135 1380 causa
1165 1337 1574 1404 quoscunque,
1630 1316 1729 1402 qui
1754 1316 1863 1405 sitii
1891 1336 2011 1380 non
2038 1314 2241 1381 favent
2268 1325 2329 1379 et
2356 1315 2564 1401 cupidi·

478 1419 697 1483 tatibus
749 1417 876 1500 ejus
935 1417 1258 1503 indulgent.
1335 1417 1656 1482 Praeterea
1702 1418 1811 1480 nisi
1869 1416 2207 1481 Intellectus
2255 1415 2562 1504 separatim

478 1519 759 1609 potuisset
787 1516 1006 1603 perlici,
1061 1529 1118 1582 et
1145 1518 1435 1582 Voluntas
1462 1538 1567 1604 per
1593 1517 1754 1582 illum
1771 1565 1788 1594 ,
1841 1516 2020 1582 homo
2048 1539 2168 1581 non
2198 1518 2354 1582 soret
2381 1518 2565 1591 homo,

473 1621 573 1686 sed
603 1621 808 1696 bestia,
861 1640 981 1683 non
1011 1619 1167 1682 enim
1196 1618 1419 1705 absque
1446 1619 1820 1706 separatione
1848 1618 1980 1695 illa,
2032 1630 2098 1682 et
2119 1619 2346 1706 absque
2377 1640 2563 1683 ascen·

473 1745 543 1787 su
569 1721 901 1788 intellectus
926 1741 1105 1806 supra
1134 1719 1537 1795 voluntatem,
1583 1720 1864 1807 potuisset
1891 1721 2177 1806 cogitare,
2229 1730 2290 1785 et
2321 1742 2393 1785 ex
2420 1719 2565 1806 cogi-

474 1825 699 1888 tatione
738 1823 933 1910 loqui,
984 1820 1086 1886 sed
1112 1820 1302 1886 solum
1328 1842 1543 1886 sonare
1568 1842 1735 1886 suam
1763 1819 2165 1895 affectionum
2220 1844 2336 1886 nec
2364 1821 2565 1908 potuis·

472 1933 563 1989 set
589 1945 661 1987 ex
686 1924 920 1991 ratione
946 1941 1145 2008 agere,
1195 1922 1298 1986 sed
1325 1943 1400 1987 ex
1427 1922 1734 1993 instinctu;
1790 1923 1984 1987 minus
2010 1923 2293 2008 potuisset
2333 1926 2590 2010 cogno&

478 2047 613 2090 cere
641 2024 739 2089 illa
768 2044 920 2111 quae
947 2022 1056 2087 Dei
1085 2032 1248 2099 suut,
1302 2034 1360 2088 et
1389 2044 1495 2113 per
1529 2022 1629 2087 illa
1656 2014 1882 2098 Deum,
1934 2024 2104 2088 etsie
2131 2025 2412 2111 conjungi
2443 2021 2565 2110 ipsi,

477 2136 537 2191 et
566 2128 768 2192 vivere
795 2125 855 2188 in
876 2133 1212 2198 aeternum3
1268 2127 1487 2213 cogitat
1513 2126 1669 2188 enim
1697 2133 1757 2188 et
1784 2123 1912 2188 vult
1936 2123 2117 2188 horno
2142 2127 2295 2190 sicut
2326 2147 2362 2189 a
2388 2146 2482 2200 se,
2515 2132 2568 2187 et

476 2227 593 2293 hoc
630 2226 781 2292 sicut
822 2246 855 2291 a
895 2246 989 2300 se,
1041 2236 1126 2292 est
1165 2224 1532 2312 reciprocum
1562 2225 2022 2313 conjunctionis,
2073 2246 2209 2289 nam
2239 2225 2565 2314 conjunctio

479 2327 702 2414 absque
728 2326 1031 2415 reciproco
1073 2348 1195 2394 non
1233 2326 1444 2393 dabilis
1483 2337 1606 2404 est,
1657 2328 1806 2400 sicut
1853 2348 1970 2391 non
2016 2327 2357 2414 conjunctio
2402 2324 2563 2396 activi

480 2451 616 2494 cum
655 2429 884 2516 passivo
929 2429 1150 2517 absque
1191 2428 1571 2517 adaptatione
1612 2449 1718 2494 seu
1755 2428 2180 2517 applicatione;
2232 2430 2396 2496 solus
2422 2430 2567 2494 Deus

479 2531 622 2616 agit,
675 2540 733 2594 et
759 2529 937 2594 homo
963 2552 1025 2595 se
1055 2530 1272 2619 patitur
1298 2531 1429 2616 agi,
1481 2539 1541 2594 et
1567 2526 1923 2617 cooperatur
1956 2532 2015 2592 in
2046 2530 2205 2594 omni
2232 2527 2564 2618 apparentia

478 2632 629 2696 sicut
671 2654 713 2696 a
742 2653 838 2707 se,
890 2632 1123 2696 tametsi
1166 2632 1414 2697 interius
1454 2653 1487 2695 a
1529 2631 1678 2696 Deo.
1748 2631 1865 2698 Sed
1904 2651 1977 2694 ex
2016 2629 2106 2695 his
2144 2633 2257 2696 rite
2287 2629 2566 2719 perceptis

479 2734 668 2800 videri
712 2742 932 2819 potest,
987 2733 1178 2821 qualis
1215 2742 1303 2795 est
1342 2754 1513 2797 amor
1554 2733 1873 2798 voluntatis
1897 2732 2185 2811 hominis,
2234 2735 2282 2797 si
2311 2734 2566 2798 elevatur

479 2856 584 2922 per
616 2834 1015 2910 intellectum,
1067 2844 1193 2899 tum
1234 2833 1426 2920 qualis
1464 2842 1551 2897 est
1589 2834 1784 2898 sinon
1813 2832 2113 2909 elevatur,
2166 2836 2249 2898 ita
2276 2834 2469 2921 qualis
2492 2838 2567 2896 est

478 2935 675 3001 homo.
751 2984 757 2990 .
1294 2989 1299 2994 .
1370 2977 1380 2992 ,

634 3042 781 3102 589.
848 3035 1163 3101 Sciendum
1202 3046 1320 3111 est,
1384 3035 1543 3122 quod
1592 3035 1843 3101 facultas
1888 3037 2158 3101 elevandi
2215 3036 2567 3101 intellectum

482 3138 785 3225 usquead
814 3136 1260 3224 intelligentiam
1302 3139 1362 3201 in
1404 3158 1518 3225 qua
1556 3148 1694 3203 sunt
1721 3134 1931 3224 Angeli
1960 3136 2154 3213 Caeli,
2206 3160 2243 3203 a
2282 3137 2567 3203 creatione

483 3238 668 3305 cuivis
707 3238 930 3303 homini
974 3239 1146 3315 insit,
1205 3248 1326 3304 tam
1373 3238 1532 3303 malo
1571 3258 1748 3325 quam
1796 3238 2002 3317 bono‚-
2039 3240 2157 3302 imo
2200 3239 2380 3303 etiam
2423 3232 2566 3302 omni

483 3340 721 3406 diabolo
749 3341 810 3404 iu
841 3339 1105 3417 inferno,
1148 3361 1288 3406 nam
1316 3361 1522 3405 omnes
1546 3343 1647 3426 qui
1676 3338 1733 3401 in
1759 3337 1993 3405 inferno
2018 3350 2160 3405 sunt
2197 3338 2440 3406 fuerunt
2475 3336 2571 3402 ho·

481 3442 701 3514 mines:
745 3441 860 3507 hoc
888 3440 1030 3505 mihi
1058 3461 1162 3528 per
1189 3442 1391 3506 vivam
1430 3438 1853 3530 experientiam
1881 3441 2113 3530 saepius
2140 3451 2440 3507 ostensum
2466 3445 2569 3507 esu

456 3549 573 3607 ‘ast
599 3543 758 3631 quod
786 3563 905 3606 nou
931 3541 1139 3606 sintin
1180 3541 1602 3628 intelligentia,
1652 3539 1755 3607 sed
1796 3542 1859 3604 in
1896 3541 2122 3609 insania
2161 3544 2222 3606 in
2268 3536 2573 3628 spirituali·

484 3644 628 3720 bus,
678 3654 768 3709 est
794 3643 934 3729 quia
961 3663 1079 3707 non
1111 3639 1320 3706 volunt
1358 3642 1582 3707 bonum
1624 3642 1727 3707 sed
1771 3643 2022 3718 malum,
2073 3641 2209 3708 inde
2235 3647 2572 3710 aversantur

483 3743 637 3810 scire
673 3753 731 3806 et
777 3741 1105 3830 intelligere
1148 3763 1328 3816 vera5
1382 3762 1523 3806 nam
1565 3764 1707 3809 vera
1744 3754 1884 3808 sunt
1912 3766 2017 3833 pro
2047 3744 2238 3819 bono,
2292 3753 2350 3807 et
2378 3747 2572 3810 contra

486 3843 726 3908 malum.
797 3842 886 3907 Ex
914 3843 1004 3908 his
1034 3842 1210 3907 etiam
1240 3850 1435 3931 patet,
1487 3844 1645 3929 quod
1671 3844 1939 3912 Primum
1973 3865 2164 3909 novae
2190 3835 2574 3931 generationis

482 3943 558 4014 sit
600 3943 861 4031 receptio
886 3943 1218 4009 ‘veritatum
1257 3944 1592 4022 intellectu,
1660 3956 1721 4010 et
1758 3946 1914 4031 quod
1944 3944 2283 4011 Secundum
2323 3946 2447 4034 ejus
2489 3939 2572 4014 sil»

486 4043 644 4130 qnod
684 4043 828 4109 velit
869 4044 1064 4110 facere
1107 4045 1427 4111 secundum
1472 4045 1783 4122 veritates,
1838 4055 1896 4113 et
1936 4046 2173 4112 tandem
2212 4046 2407 4112 facere
2439 4041 2568 4107 illas.

487 4142 709 4209 Verum
751 4145 906 4210 enim
955 4168 1099 4213 vero
1144 4168 1263 4213 non
1291 4156 1483 4237 potest
1509 4146 1720 4234 aliquis
1743 4146 1858 4212 dici
1900 4145 2257 4213 reformatus
2293 4168 2399 4238 per
2433 4142 2573 4209 solas

489 4245 856 4332 cognitiones
891 4247 1208 4315 veritatum
1229 4300 1243 4327 ,
1299 4269 1440 4313 nam
1465 4244 1648 4313 homo
1688 4267 1760 4311 ex
1797 4246 2076 4317 facultate
2114 4247 2386 4320 elevandi
2421 4241 2574 4311 intel·
