2750 4775
942 387 1034 439 xl.
1116 387 1646 441 lMPUTATlo.
2222 400 2319 448 151

237 541 460 615 listam‚
511 540 610 626 qui
655 542 749 605 vel
792 539 1008 616 credit,
1058 538 1238 627 ‘quod
1286 540 1519 605 Natura
1565 541 1809 627 seipsam
1856 541 2179 618 creaverit,
2230 541 2327 607 vel

240 642 398 729 quod
424 651 554 728 post
592 650 858 707 naturam
890 642 1173 707 exstiterit
1207 641 1397 714 Deus,
1455 641 1547 703 vel
1589 643 1742 728 quod
1784 642 2014 706 Natura
2060 652 2118 706 et
2164 643 2325 711 Deus

236 765 421 808 unum
449 744 593 817 sint,
645 743 800 829 quod
832 763 1066 828 prorsus
1100 741 1459 805 contrarium
1500 743 1602 817 sit,
1654 765 1869 807 numne
1907 742 2000 805 ille
2042 743 2325 829 aspiceret

236 854 295 908 te
330 843 595 908 vel-sicut
623 866 659 908 a
684 844 896 908 sabulis
925 844 1405 932 presbyterorum
1448 842 1732 918 delusum,
1775 844 1866 906 vel
1898 853 1959 905 ut
1987 834 2325 931 simplicem,

235 946 339 1017 ,vel
382 954 445 1008 ut
485 943 788 1021 hebetem,
841 946 937 1009 vel
974 954 1040 1007 ut
1079 946 1441 1016 dementem;
1507 945 1690 1007 simile
1739 953 1822 1008 est
1866 965 1993 1006 cum
2040 944 2328 1021 omnibus,

234 1067 395 1134 quae
441 1046 739 1133 persuasio
779 1054 839 1111 et
883 1040 1253 1109 confirmatio
1297 1042 1508 1118 fixam,
1575 1067 1725 1130 quae
1770 1053 2051 1132 apparent
2095 1043 2327 1109 demum

233 1149 392 1212 sicut
420 1147 555 1234 picti
583 1156 808 1235 tapetes
830 1146 1043 1233 'parieti
1073 1168 1141 1210 ex
1170 1145 1374 1232 lapillis
1402 1146 1679 1210 obsoletis
1706 1145 2107 1232 conglutinate
2134 1145 2330 1211 multis

237 1249 426 1313 cla'vis
450 1247 622 1313 affixi.

298 1472 485 1557 Quod
518 1475 846 1568 Imputatio
870 1456 1077 1540 meriti
1108 1489 1163 1539 et
1183 1478 1458 1563 justitiae
1501 1472 1726 1538 Christi
1761 1478 1840 1537 sit
1877 1473 2277 1567 impossibilis.

401 1652 544 1715 640.
601 1652 681 1716 Ut
721 1653 938 1716 sciatur
977 1653 1133 1739 quod
1173 1650 1491 1739 Imputatio
1538 1650 1735 1713 Meriti
1775 1661 1833 1712 et
1876 1650 2151 1716 ,Iustitiae
2185 1650 2331 1714 Jesu

241 1751 463 1818 Christi
500 1752 1010 1841 sitimpossibilis,
1062 1775 1360 1818 necessum
1400 1762 1496 1815 est·
1525 1752 1705 1822 scire,
1761 1752 1898 1837 quid
1943 1752 2221 1816 Meritum
2270 1760 2328 1814 et

216 1853 486 1926 ,justitia
539 1852 724 1941 Ipsius
774 1864 938 1925 sunt;
1009 1855 1288 1923 Meritum
1348 1851 1589 1917 Domini
1646 1854 1828 1918 nostri
1873 1852 2201 1917 Salvatoris
2244 1859 2331 1916 est

238 1954 633 2040 Redemptio,
686 1975 837 2042 quae
868 1955 1058 2040 qualis
1097 1954 1239 2027 suit,
1290 1953 1346 2015 in
1394 1975 1498 2018 suo
1527 1953 1729 2041 Capite
1768 1976 1943 2041 supra
1986 1975 2055 2017 n:
2101 1955 2223 2017 114
2255 1952 2329 2019 ad

247 2059 412 2131 133,
466 2055 763 2130 videatur,
818 2054 1176 2142 quaexquod
1229 2054 1405 2118 fuerit
1459 2055 1791 2139 subjugatio
1850 2054 2220 2118 Infernorum
2274 2063 2333 2117 et

244 2155 544 2220 ordinatio
591 2155 937 2230 Caelorum,
990 2164 1047 2218 et
1094 2165 1293 2241 postea
1338 2155 1681 2218 instauratio
1725 2155 2050 2231 Ecclesiae,
2103 2155 2194 2217 ibi*
2228 2154 2328 2219 de·
2424 2196 2432 2205 ·

240 2258 555 2331 scribitur«,
609 2266 667 2318 et
711 2256 990 2341 sic.quod
1019 2255 1371 2341 Redemptio
1411 2253 1586 2318 suerit
1624 2256 1789 2341 Opus
1830 2279 1973 2345 pure
2015 2256 2326 2321 Divinum:

242 2359 328 2422 ibi
358 2358 532 2421 etiam
562 2366 856 2448 ostensum
895 2365 1016 2432 est,
1069 2355 1222 2442 quod
1265 2356 1553 2422 Dominus
1600 2378 1700 2443 per
1740 2358 2220 2447 Redemptionem
2265 2377 2332 2423 se

246 2457 477 2521 miserit
503 2457 561 2517 in
603 2457 919 2542 potentiam
948 2458 1333 2541 regenerandi
1368 2468 1425 2521 et
1453 2456 1713 2522 salvandi
1740 2458 2037 2537 homines,
2075 2460 2173 2547 qui
2202 2480 2328 2524 cre·

247 2558 399 2621 dunt
438 2557 496 2619 in
541 2557 768 2643 Ipsum,
823 2569 880 2621 et
918 2557 1139 2622 faciunt
1180 2568 1487 2646 praecepta
1530 2559 1746 2647 Ipsius,
1798 2570 1856 2624 et
1903 2560 2059 2648 quod
2104 2560 2329 2648 absque

246 2659 684 2746 Redemptione
725 2659 821 2723 illa
863 2660 1022 2723 nulla
1053 2659 1206 2724 Caro
1233 2660 1449 2724 salvari
1496 2662 1764 2746 potuerit.
1843 2662 2135 2742 Quoniam
2173 2683 2330 2726 nunc

188 2767 192 2771 *
246 2760 607 2847 Redemptio
640 2760 747 2824 fuit
774 2763 939 2849 Opus
966 2782 1110 2848 pure
1138 2761 1449 2835 Divinum,
1501 2772 1557 2825 et
1596 2762 1775 2826 solius
1804 2763 2071 2840 Domini,
2126 2783 2195 2832 ac
2231 2761 2333 2827 illa

242 2871 334 2926 est
350 2863 642 2926 Meritum
674 2863 888 2948 Ipsius,
934 2861 1201 2946 sequitur
1227 2863 1383 2948 quod
1412 2862 1527 2927 hoc
1554 2864 1697 2927 nulli
1724 2862 1942 2926 homini
1970 2863 2334 2951 applicabile‚

242 2962 635 3036 addicabile,¹
668 2975 723 3027 et
753 2963 1092 3051 imputabile
1125 2964 1229 3039 sit,
1280 2985 1400 3029 non
1441 2964 1569 3050 plus
1606 2986 1781 3052 quam
1811 2965 2044 3029 Creatio
2085 2976 2141 3030 et
2180 2964 2337 3029 Con-

243 3066 511 3134 servatio
541 3064 838 3139 Universi‚
858 3066 1227 3149 Redemptio
1256 3066 1432 3130 etiam
1462 3065 1565 3129 fuit
1596 3068 1883 3151 quaedam
1912 3066 2146 3130 Creatio
2174 3064 2337 3130 Caeli

242 3163 513 3248 Angelici
542 3186 793 3240 enovo,
836 3176 894 3229 et
921 3187 1155 3250 quoque
1187 3165 1498 3230 Ecclesiae.
1565 3167 1738 3247 Quod
1768 3167 2023 3232 Ecclesia
2051 3166 2331 3231 hodierna

241 3261 535 3329 attribuat
567 3268 706 3330 illud
738 3269 1006 3330 meritum
1036 3268 1270 3331 Domini
1300 3268 1734 3353 Redemptoris.
1756 3270 1896 3342 illis,
1949 3269 2048 3352 qui
2090 3288 2159 3330 ex
2202 3286 2334 3349 gra-

244 3366 328 3430 tia
384 3353 589 3430 Fidem
644 3367 1072 3452 adipiscuntur,
1144 3377 1303 3454 patet
1344 3389 1412 3430 ex
1449 3369 1821 3455 dogmatibus
1863 3368 2127 3439 illorum,
2181 3365 2332 3430 inter

226 3461 400 3555 'quae
428 3467 541 3531 hoc
571 3468 883 3554 principale
912 3478 1018 3544 est,
1062 3489 1197 3530 nam
1227 3467 1438 3532 dicitur
1467 3471 1541 3532 ab
1571 3470 1867 3533 Ecclesiae
1896 3468 2057 3532 istius
2087 3467 2330 3531 Hierat-

245 3566 373 3632 chis
402 3578 459 3633 ct
487 3570 562 3640 ab
593 3567 826 3632 illorum
857 3567 1209 3644 Clientibus,
1262 3579 1380 3632 tam
1421 3569 1479 3632 in
1511 3565 1767 3634 Ecclesia
1811 3567 2334 3634 Romano-Catho-

243 3671 390 3743 lica,
442 3691 616 3755 quam
660 3671 718 3732 in
759 3668 1583 3744 EcclesiisReformatorum‚
1636 3671 1792 3757 quod
1844 3693 1946 3756 per
1985 3671 2332 3757 Imputatio-

244 3791 384 3834 nem
414 3770 613 3835 Metili
642 3770 893 3847 Christi,
942 3770 1023 3833 illi
1053 3770 1149 3857 qui
1178 3770 1378 3835 Fidem
1412 3772 1605 3859 adepti
1630 3782 1791 3842 sunt,
1845 3794 1962 3838 uon
1995 3774 2169 3838 modo
2197 3772 2330 3858 justi

247 3882 308 3936 et
353 3871 540 3936 sancti
587 3881 961 3961 reputentur,
1028 3872 1127 3934 sed
1171 3871 1344 3935 etiam
1397 3875 1556 3959 quod
1596 3875 1741 3946 siut,
1793 3883 1848 3936 et
1895 3876 2052 3961 quod
2093 3884 2334 3962 peccata

242 3973 481 4037 illorum
510 3994 629 4036 non
654 3974 769 4038 sint
803 3982 1042 4062 peccata
1085 3993 1283 4036 coram
1311 3974 1475 4048 Deo,
1528 3975 1663 4060 quia
1708 3976 1976 4049 remissa,
2032 3985 2088 4038 et
2130 3973 2210 4036 illi
2242 3974 2332 4060 ju·

241 4073 525 4148 stificati,
559 4074 673 4138 boc
710 4084 823 4149 est,
878 4074 1268 4149 reconciliati,
1321 4075 1614 4151 innovati,
1666 4076 2029 4160 regenerati,
2080 4071 2333 4139 sanctifi-

176 4221 181 4224 -
244 4177 394 4252 cati,
447 4183 508 4237 et
547 4175 725 4240 Caelo
773 4175 1060 4262 adscripti.
1148 4174 1322 4255 Quod
1376 4174 1651 4241 universa
1696 4175 1955 4241 Ecclesia
2001 4173 2332 4238 Christiana

242 4278 454 4342 eadem
482 4276 580 4341 illa
605 4276 779 4341 hodie
810 4277 1050 4351 doceat,
1104 4267 1410 4340 manifeste
1455 4283 1680 4339 constat
1709 4297 1777 4338 ex
1816 4273 2055 4359 Synodo
2083 4269 2330 4332 Triden-
