2750 4775
700 356 978 423 INDEX
1017 359 1761 418 MEMORABILHJM.
2188 377 2295 427 395

294 511 472 603 legis,
513 514 691 579 Rom.
723 512 845 577 111:
893 519 1022 590 28„
1068 536 1187 580 non
1215 516 1324 603 rite
1351 515 1709 581 intellectum
1738 518 1847 592 sit,
1885 519 2165 604 quoniam
2196 542 2302 606 per

292 614 506 679 Fidem
535 614 766 681 ibinon
798 615 1143 703 intelligitur
1169 615 1454 681 hodierna
1484 617 1656 693 fides,
1708 617 1811 683 sed
1839 616 1982 684 tides
2009 621 2065 681 in
2097 620 2302 685 Domi-

293 716 460 778 nium
488 714 882 789 Salvatorem,
913 726 969 779 et
1004 739 1106 803 per
1127 718 1327 805 Opera
1354 718 1500 804 legis
1529 738 1649 783 non
1674 718 2081 804 intelliguntur
2099 722 2300 810 Opera

293 816 444 903 legis
470 816 789 902 Decalogi,
841 818 942 883 sed
969 817 1170 906 Opera
1201 818 1345 904 legis
1373 820 1693 894 mosaicae,
1739 840 1892 905 quae
1918 830 2087 883 erant
2116 824 2301 893 ritua-

293 916 396 992 tia,
453 918 613 1004 quod
639 917 814 981 etiam
845 918 1309 985 demonstratum
1340 930 1456 993 est;
1511 932 1569 984 et
1604 921 1907 996 dixerunt,
1960 922 2118 1007 quod
2157 942 2301 985 con-

297 1017 613 1094 cluserint,
663 1019 824 1105 quod
854 1019 1027 1084 Fides
1055 1020 1342 1108 producat
1372 1022 1526 1084 bona
1558 1042 1736 1107 opera
1767 1023 1914 1085 sicut
1938 1021 2139 1086 Arbor
2180 1022 2300 1087 sru-

296 1128 464 1184 ctus:
517 1118 610 1184 liis
644 1120 756 1196 illi,
809 1120 910 1208 ¹qui
951 1121 1388 1186 constituebant
1433 1120 1690 1207 Gregem
1733 1123 1956 1187 Ovium
2005 1121 2327 1198 faverunt,‘

291 1221 399 1286 sed
429 1230 573 1285 tunc
600 1217 862 1306 Angelus
887 1231 1049 1286 stans
1077 1222 1230 1285 inter
1257 1223 1429 1287 binos
1453 1222 1700 1310 Greges,
1745 1224 2019 1287 clamavit
2049 1225 2123 1289 ad
2151 1223 2300 1288 Gre-

293 1334 436 1408 gem
484 1322 717 1397 ovium,
772 1343 844 1386 ne
889 1323 1256 1399 auscultate,
1306 1324 1445 1410 quia
1490 1345 1611 1386 non
1657 1334 2026 1389 recesserunt
2068 1347 2104 1390 a
2154 1325 2300 1390 Fide

293 1445 402 1488 sua
447 1424 672 1512 priore,
725 1445 795 1486 ac
833 1423 1028 1488 divisit
1058 1423 1314 1509 Gregem
1346 1424 1567 1490 Ovium
1595 1426 1653 1487 in
1684 1426 1878 1500 Duos,
1930 1434 1991 1487 et
2019 1427 2159 1490 dixit
2190 1425 2301 1490 illis

295 1546 334 1586 a
361 1525 642 1598 sinistris,
694 1525 998 1610 adjungite
1025 1548 1131 1589 vos
1169 1523 1375 1600 hircis,
1425 1527 1527 1590 sed
1556 1526 1849 1614 ‘praedico
1886 1527 2084 1602 vobiS,
2139 1529 2300 1614 quod

297 1634 587 1691 ,venturus
612 1626 686 1690 sit
714 1625 918 1712 lupus,
971 1627 1072 1713 qui
1108 1627 1296 1713 rapiet
1323 1627 1490 1703 illos,
1543 1636 1602 1690 et
1651 1649 1757 1692 vos
1794 1649 1926 1690 cum
1974 1628 2100 1692 illis.
2180 1628 2297 1692 Sed

299 1737 442 1790 tunc
468 1726 767 1812 inquisitio
813 1725 965 1790 facta
997 1736 1113 1803 est,
1170 1729 1470 1814 quomodo
1516 1728 1882 1814 intelligunt,
1936 1730 2095 1814 quod
2125 1729 2302 1796 Fides

300 1829 592 1913 producat
622 1829 774 1892 bona
804 1817 1159 1915 oper-a‘sicnt
1186 1829 1388 1897 Arbor
1413 1830 1671 1904 fructus,
1712 1839 1770 1893 et
1799 1840 2159 1917 compertum
2190 1840 2296 1905 est,

300 1929 459 2015 quod
504 1929 803 2016 perceptio
843 1929 1077 1993 ‘illorum
1137 1929 1209 1992 de
1251 1931 1670 2017 conjunctione
1716 1928 1849 1993 fidei
1894 1941 1952 1994 et
1998 1930 2301 1995 charitatis

299 2030 479 2093 abeat
505 2052 744 2116 prorsus
771 2031 830 2092 in
863 2030 1158 2097 diversum
1188 2030 1264 2093 ab
1293 2031 1392 2094 illa
1423 2032 1897 2117 comparatione,
1944 2042 2001 2094 et
2031 2033 2113 2097 sic
2139 2032 2299 2118 quod

298 2140 454 2194 esset
480 2131 750 2217 loqu‘utio
778 2130 990 2202 fallam
1046 2132 1258 2218 quibus
1286 2130 1598 2195 intellectis
1644 2151 1851 2218 greges
1893 2134 2090 2196 ovium
2130 2154 2192 2198 se
2238 2133 2298 2195 in

299 2231 534 2309 Unum,
589 2241 652 2296 ut
679 2232 868 2320 prius,
917 2233 1340 2308 muniverunt,
1392 2233 1994 2320 cuiadjunxeruntse
2022 2233 2199 2320 aliqui
2228 2256 2300 2297 ex

299 2331 508 2408 hircis,
538 2331 934 2409 confitentes,
991 2333 1151 2421 quod
1180 2331 1435 2398 charitas
1457 2334 1530 2397 sit
1559 2334 1806 2400 essentia
1837 2332 2003 2412 fidei,
2057 2345 2114 2399 et
2141 2336 2299 2424 quod

300 2435 385 2522 sie
413 2433 556 2499 fides
579 2446 849 2524 separata
880 2435 956 2499 ab
985 2436 1082 2500 illa
1109 2435 1180 2499 sit
1210 2434 1387 2500 modo
1419 2437 1734 2512 naturalis,
1788 2429 2189 2523 at‘conjuncta
2218 2438 2300 2501 illi

303 2535 405 2600 fiat
432 2536 780 2623 spiritualis,
826 2559 894 2599 n:
944 2541 1092 2600 506.
1339 2545 1346 2556 “

205 2635 365 2701 LIV.
413 2638 632 2703 Sermo·
653 2660 783 2701 cuin
812 2636 1057 2723 Angelis
1082 2638 1156 2701 de
1191 2637 1382 2703 tribus
1409 2635 1761 2714 Atriatibus,
1812 2638 1911 2726 qui
1942 2638 2305 2705 universales
2396 2650 2407 2658 ‘

304 2751 467 2815 sunt,
519 2749 579 2803 et
608 2739 745 2824 inde
770 2739 926 2824 apud
955 2740 1411 2827 unumquemvis
1433 2736 1765 2817 hominem,
1820 2740 1919 2827 qui
1944 2749 2079 2803 sunt
2106 2742 2301 2804 Amen

301 2860 579 2907 noxum
619 2860 731 2904 sm]
759 2837 954 2904 Amori
986 2860 1238 2917 usuum,
1292 2841 1393 2927 qui
1420 2841 1479 2904 in
1507 2863 1568 2905 so
1598 2851 1685 2906 est
1723 2840 2066 2928 spiritualis,
2107 2839 2300 2903 Amen

301 2941 527 3005 Munm
553 2962 669 3006 sen
696 2939 891 3006 Annon
917 2960 1279 3006 pessumum
1308 2962 1456 3007 ores
1477 2994 1491 3018 ‚
1547 2943 1647 3028 qui
1673 2942 1730 3003 in
1763 2963 1824 3005 se
1867 2950 1953 3004 est
1989 2959 2303 3004 mamma-

300 3062 426 3118 ms,
475 3063 552 3105 Er
581 3041 774 3105 Axon
800 3060 901 3107 sm
921 3088 938 3116 ,
990 3060 1104 3105 seu
1131 3040 1325 3106 Amori
1351 3060 1703 3107 mmmmm
1728 3059 1924 3105 sumzu
1950 3059 2148 3113 Amos»,
2192 3040 2301 3125 qui

299 3143 376 3207 in.
396 3165 459 3208 se
506 3153 592 3207 est
624 3164 974 3230 corporeum
1028 3154 1083 3205 et
1112 3144 1271 3229 quod
1301 3166 1435 3207 cum
1463 3153 1580 3207 tres
1613 3143 1701 3207 llli
1743 3143 1993 3206 Amores
2020 3141 2132 3203 rite
2163 3141 2301 3204 sub-

261 3287 268 3295 ·
299 3244 558 3309 ordinati
584 3253 720 3309 sunt
746 3244 903 3330 apud
933 3243 1230 3307 hominem
1250 3291 1265 3317 ,
1319 3243 1498 3308 homo
1525 3244 1599 3307 sit
1626 3263 1765 3305 vere
1791 3242 2002 3316 homo,
2056 3251 2115 3305 et
2142 3242 2299 3328 quod

300 3356 456 3414 tunc,
489 3347 597 3408 rite
636 3346 1002 3410 subordinati
1047 3343 1193 3420 sint,
1227 3346 1384 3426 ,dum
1415 3364 1584 3408 amor
1627 3344 1877 3431 proximi
1917 3343 2060 3409 facit
2105 3352 2302 3430 caput,

225 3463 232 3468 ·
299 3445 488 3511 Amor
538 3447 740 3510 mundi
788 3468 1001 3534 corpus
1024 3494 1040 3521 ,
1110 3456 1165 3509 et
1220 3466 1391 3509 amor
1427 3446 1518 3509 sui
1564 3446 1767 3535 pedesz
1837 3444 2033 3512 aliter.
2045 3466 2302 3534 prorsum,

301 3547 440 3612 dum
471 3546 971 3611 contraordinem
1001 3547 1203 3612 sedent
1230 3545 1386 3632 apud
1415 3546 1743 3619 hominem;
1781 3556 1841 3609 et
1870 3555 2167 3611 ostensum
2194 3555 2301 3620 est,

301 3649 494 3735 qualis
527 3646 706 3712 humo
744 3656 858 3734 est,
915 3649 1052 3711 dum
1093 3665 1261 3712 amor
1302 3649 1509 3712 Mundi
1557 3648 1696 3715 facit
1739 3659 1944 3736 caput,
2013 3656 2072 3710 et
2114 3648 2302 3734 qualis

300 3748 438 3813 dum
465 3770 636 3814 amor
662 3751 772 3824 sui,
812 3748 969 3834 quod
999 3758 1139 3813 tunc
1161 3751 1234 3814 sit
1260 3749 1754 3826 homoinversuS,
1793 3750 1986 3837 quoad
2016 3748 2298 3813 interiora

301 3852 513 3915 mentis
541 3872 684 3915 suae
725 3849 926 3923 ferus,
981 3859 1039 3912 et
1066 3852 1261 3935 quoad
1292 3854 1585 3916 exteriora
1618 3853 1742 3938 ejus
1769 3863 1825 3915 et
1858 3852 1992 3916 inde
2019 3850 2303 3937 corporiS,

305 3950 532 4016 histrio.
588 3951 731 4017 Post
748 3951 896 4015 haec
917 3953 1074 4016 visus
1101 3962 1186 4015 est
1213 3952 1449 4038 quidam
1481 3951 1761 4017 diabolus
1777 3951 2076 4018 exinseris
2103 3972 2306 4016 ascen-

305 4054 451 4117 dens
492 4050 646 4116 facie
683 4052 860 4118 furva
911 4074 1042 4116 mm
1086 4052 1305 4117 circulo
1352 4051 1489 4116 albo
1532 4055 1750 4118 circum
1796 4062 2003 4141 caput,
2055 4063 2112 4115 et
2142 4052 2300 4129 dixit,

306 4154 648 4240 quod-esset
674 4154 941 4229 Lucifer,
997 4154 1228 4218 tametsi
1254 4174 1374 4215 non
1405 4162 1533 4216 erat
1563 4153 1688 4229 ille,
1743 4165 1802 4224 ,et
1830 4154 1985 4239 quod
2026 4153 2087 4216 in
2126 4155 2304 4216 inter-

306 4255 402 4320 nis
426 4254 543 4320 suis
567 4255 644 4321 sit
665 4255 965 4331 diabolus,
1018 4254 1117 4321 sed
1158 4254 1227 4328 in
1258 4254 1514 4322 externis
1551 4255 1667 4320 suis
1709 4251 1967 4340 Angelus
2006 4253 2177 4323 lucis;
2231 4272 2302 4314 ac
