2750 4775
426 346 535 395 23ss
652 331 1109 387 UvaERsA
1156 333 1690 388 THEOLOGIA
1746 335 1816 390 N.
1859 334 1925 388 C.
1968 334 2073 386 ET
2115 334 2184 390 N.
2227 333 2289 385 E.

432 511 619 610 Quod
668 517 731 578 in
785 509 1011 580 Sancta
1057 513 1262 579 Caena
1303 518 1385 579 sit
1429 528 1589 584 totus
1637 514 1934 579 Dominus
1955 562 1971 589 ,
2035 528 2093 578 et
2148 527 2276 578 tota
2318 514 2520 605 Ipsius

1277 613 1649 708 Redemptio.

578 795 724 855 ¹216.
779 790 955 869 Quod
998 795 1055 857 in
1084 793 1302 858 Sancta
1331 792 1530 858 Caena
1561 792 1636 856 sit
1675 800 1835 857 totus
1859 790 2150 855 Dominus
2179 800 2299 854 tam
2325 789 2521 876 quoad

422 879 768 959 Humanum
812 895 1238 983 glorificatum,
1292 915 1472 981 quam
1530 893 1727 979 quoad
1775 894 2053 958 Divinum
2107 913 2178 953 ex
2220 890 2360 970 Quo
2404 892 2525 955 Hu-

378 1011 385 1016 ’
425 1016 703 1072 manum,
752 998 999 1062 evidens
1024 1006 1213 1061 estex
1251 995 1550 1081 ipsissimis
1576 994 1770 1081 Ipsius
1787 994 2004 1059 verbis.
2081 993 2257 1073 Quod
2302 992 2526 1058 Huma-

428 1118 568 1160 num
599 1096 787 1183 Ipsius
816 1099 875 1161 in
901 1099 1123 1163 Sancta
1160 1096 1359 1162 Caena
1401 1116 1677 1182 praesens
1714 1097 1818 1168 sit,
1843 1118 1940 1174 ⁸ex
1975 1094 2068 1159 his
2108 1095 2352 1169 „Jesus2
2379 1097 2525 1158 acci-

419 1199 600 1290 piens
629 1197 863 1264 Panem
882 1248 897 1275 ,
949 1223 1025 1264 ac
1059 1195 1239 1289 fregit
1275 1211 1333 1262 et
1370 1196 1538 1263 dedit
1565 1194 1882 1289 discipulis
1900 1246 1916 1272 ,
1969 1210 2027 1261 et
2051 1195 2212 1261 dixit
2230 1245 2246 1271 ‚
2298 1196 2423 1260 Hic
2444 1208 2527 1260 est

431 1297 665 1391 Corpus
688 1323 913 1365 meum:
965 1314 1023 1366 et
1048 1304 1352 1392 accipiens
1382 1296 1680 1364 Poculum
1707 1297 1876 1364 dedit
1902 1296 2060 1372 illis,
2113 1296 2353 1372 dicens,
2396 1297 2525 1362 Hoc

425 1414 518 1466 est
541 1397 812 1492 Sanguis
853 1410 1077 1477 meus,“
1130 1400 1340 1467 matth.
1382 1399 1621 1466 XXVI:
1673 1400 1862 1464 Marc.
1910 1399 2079 1464 XIV:
2138 1399 2280 1464 Luc.
2338 1396 2525 1463 XXII.

425 1501 582 1565 Tum
612 1503 767 1588 apud
795 1502 1133 1568 johannem
1180 1503 1359 1593 „Ego
1395 1525 1528 1566 sum
1565 1500 1765 1566 Panis
1802 1504 1997 1577 vitae,
2066 1505 2127 1564 si
2157 1502 2296 1592 quis
2337 1522 2523 1564 eome-

424 1601 583 1670 derit
604 1627 690 1669 ex
715 1602 837 1669 hoc·
856 1605 1032 1670 Pane
1047 1656 1063 1680 ,
1115 1608 1276 1670 vivet
1306 1606 1369 1666 in
1395 1605 1732 1674 aetemum;
1787 1602 1987 1667 Panis
2030 1625 2202 1694 quem
2240 1601 2383 1691 Ego
2420 1598 2524 1663 da·

428 1703 534 1779 be,
591 1704 748 1771 Caro
786 1729 919 1771 mea
960 1720 1077 1781 θεῖς
1131 1728 1326 1780 amen,
1375 1726 1555 1769 amen
1607 1703 1746 1769 dieo
1789 1704 1966 1770 vobis
1984 1751 2000 1779 ,
2052 1706 2159 1793 qui
2200 1700 2526 1767 manducat

427 1828 615 1894 meum
655 1805 941 1882 Carnem,
991 1821 1049 1871 et
1092 1806 1236 1872 bibit
1263 1829 1454 1870 meum
1493 1803 1889 1896 Sanguinem,
1942 1808 2006 1869 in
2039 1805 2156 1870 Me
2198 1817 2429 1877 manet,
2477 1814 2529 1866 et

425 1905 565 1995 Ego
603 1909 667 1969 in
710 1904 850 1983 illo,
901 1920 959 1972 et
990 1908 1133 1971 vivit
1162 1910 1225 1970 in
1251 1917 1626 1982 aeternum,“
1677 1906 1818 1971 Joh.
1847 1905 1964 1972 vl:
2011 1927 2081 1969 ex
2108 1904 2198 1968 his
2223 1904 2527 1968 evidenter

425 2016 686 2081 constat,
738 2007 896 2094 quod
938 2007 1230 2080 Dominus
1272 2009 1467 2095 quoad
1509 2008 1854 2072 Humanum
1896 2028 2066 2071 suum
2110 2005 2521 2092 glorificatum,

423 2108 484 2172 iu
508 2108 730 2182 Sancta
772 2107 969 2174 Caena
1011 2109 1102 2173 sit.
1175 2109 1349 2189 Quod
1392 2110 1570 2176 etiam
1611 2118 1771 2173 totus
1809 2108 2101 2172 Dominus
2136 2106 2335 2194 quoad
2364 2105 2525 2171 Divi·

425 2229 565 2274 num
605 2232 810 2283 suum,
859 2229 893 2271 a
923 2211 1059 2299 Quo
1090 2211 1471 2287 Humanum,
1518 2231 1794 2298 praesens
1830 2210 1892 2272 iu
1930 2209 2150 2273 Sancta
2191 2207 2393 2271 Caena
2438 2207 2525 2279 sit,

425 2310 665 2373 evidens
692 2302 778 2375 est
807 2332 878 2373 ex
905 2311 1024 2385 his,
1080 2311 1256 2392 Quod
1287 2311 1419 2400 Ipse
1448 2313 1520 2377 sit
1545 2311 1758 2389 Panis,
1812 2309 1911 2400 qui
1940 2332 1973 2373 e
1998 2309 2176 2373 Caelo
2208 2307 2524 2383 descendit,

423 2409 563 2477 Joh.
606 2410 727 2475 VI:
782 2433 814 2475 e
855 2411 1035 2477 Caelo
1074 2412 1374 2479 descendit
1416 2436 1547 2476 cum
1589 2412 1843 2489 Divino,
1908 2434 2043 2476 nam
2088 2411 2321 2486 dicitur,
2370 2411 2445 2476 V
2440 2433 2524 2473 er-

424 2509 563 2576 bum
588 2525 719 2576 erat
744 2511 916 2606 apud
934 2512 1159 2590 Deum,
1210 2529 1266 2579 et
1308 2515 1475 2579 Deus
1509 2529 1640 2579 erat
1690 2514 1992 2589 Verbum,
2032 2515 2236 2579 omnia
2265 2535 2380 2603 per
2421 2512 2522 2603 Ip-

423 2634 556 2676 sum
574 2607 767 2700 facta
804 2629 978 2692 sunu
1030 2629 1087 2680 et
1119 2616 1390 2687 Verbum
1424 2612 1843 2704 Carofdctum
1883 2628 2001 2689 est,
2055 2612 2195 2677 Joh.
2242 2612 2304 2675 I:
2366 2616 2421 2675 1.
2464 2616 2516 2675 3.

431 2714 530 2775 1‘4.
587 2722 649 2777 et
675 2736 855 2800 porro
882 2738 954 2780 ex
980 2716 1089 2792 his,
1142 2717 1301 2804 quod
1331 2717 1525 2782 Pater
1557 2731 1618 2781 et
1641 2717 1788 2809 Ipse
1822 2740 2004 2779 unum
2042 2718 2197 2788 sint,
2247 2712 2390 2776 Joh.
2439 2712 2517 2777 X:

426 2817 531 2878 30.
615 2814 801 2899 Quod
847 2821 1051 2883 omnia
1082 2818 1312 2883 -Patris
1366 2821 1491 2883 sint
1545 2818 1788 2910 Ipsius,
1839 2815 2004 2880 Joh:
2039 2814 2161 2879 III:
2218 2818 2323 2877 35.
2379 2814 2517 2898 Cap.

424 2917 615 2984 XVI:
651 2922 748 2983 15.
834 2920 1021 3003 Quod
1069 2920 1214 3012 Ipse
1265 2923 1328 2983 in
1357 2919 1549 2984 Patre
1590 2930 1648 2984 et
1688 2919 1883 2984 Pater
1922 2921 1988 2981 in
2033 2917 2195 3011 Ipso
2229 2918 2329 2991 sil,
2381 2913 2518 2980 Joh.

425 3019 598 3085 xlv:
646 3023 748 3083 10.
796 3025 899 3084 11.
946 3032 1077 3086 etc.=
1110 3031 1169 3095 et
1214 3042 1426 3106 por-ro,
1479 3021 1637 3106 quod
1677 3020 1960 3084 Divinum
2003 3017 2192 3105 Ipsius
2238 3037 2357 3079 non
2400 3015 2521 3102 plus

425 3122 687 3208 separari
731 3123 910 3210 possit
955 3123 1032 3188 ab
1075 3123 1358 3186 Humano
1398 3120 1611 3206 Ipsius,
1667 3142 1843 3208 quam
1888 3118 2100 3184 Anima
2143 3139 2181 3180 a
2228 3117 2520 3203 Corpore;

425 3240 611 3308 quare
639 3243 769 3286 cum
799 3223 1047 3298 dicitur,
1100 3223 1258 3310 quod
1297 3230 1456 3287 totus
1486 3221 1775 3286 Dominus
1816 3220 2015 3306 quoad
2053 3220 2399 3287 Humanum
2430 3217 2518 3307 lp-

421 3322 625 3387 sinsin
648 3323 866 3389 Sancta
897 3324 1097 3389 Caena
1132 3325 1235 3400 sit,
1289 3324 1555 3410 sequitur
1593 3323 1753 3409 quod
1778 3323 2062 3387 Divinum
2090 3320 2278 3408 Ipsius
2306 3341 2342 3382 a
2369 3321 2519 3401 Quo,

422 3422 595 3489 simul
621 3425 795 3489 etiam
827 3426 906 3488 ibi
930 3426 1019 3489 sit.
1100 3420 1160 3490 N
1165 3446 1277 3488 une
1306 3425 1585 3513 quoniam
1617 3422 1793 3488 Caro·
1814 3423 2012 3511 Ipsius
2036 3420 2331 3515 siguificat
2356 3420 2517 3485 Divi-

425 3545 566 3588 num
595 3524 829 3589 Bonum
860 3526 1078 3590 amoris
1104 3525 1323 3613 Ipsius,
1363 3536 1428 3591 ⁷et
1453 3525 1706 3611 Sanguis
1732 3524 2015 3589 Divinum
2044 3523 2268 3589 Verum
2295 3521 2521 3609 sapien·

427 3623 542 3686 tiae
586 3624 806 3712 Ipsius,
877 3635 1036 3710 patet
1079 3627 1238 3712 quod
1279 3635 1438 3692 totus
1481 3626 1771 3705 Dominus
1813 3635 1933 3689 tam
1979 3623 2177 3711 quoad
2217 3623 2519 3697 Divinum,

427 3742 602 3809 quam
629 3725 826 3809 quoad
859 3725 1201 3790 Humanum
1238 3726 1624 3811 glorificatum
1646 3773 1663 3802 ,
1715 3726 2175 3812 omnipraesens
2216 3724 2274 3786 in
2303 3724 2520 3789 Saucia

428 3822 624 3888 Caena
654 3826 760 3898 sin
817 3835 1247 3913 consequenter
1273 3830 1432 3914 quod
1462 3828 1535 3893 sit
1562 3827 1943 3892 Manducaiio
1970 3824 2302 3913 spiritualis.

579 3918 724 3990 ⁶117.
778 3925 959 4005 Quod
996 3927 1054 3990 in
1081 3927 1299 3993 Sancta
1338 3928 1535 3996 Caena
1578 3938 1701 3994 tota
1742 3928 1982 3993 Domini
2025 3925 2386 4012 Redemptio
2429 3926 2519 4000 sit,

426 4029 804 4113 consequitur
840 4048 912 4090 ex
950 4046 1108 4094 nunc
1149 4029 1352 4107 dictis,
1408 4051 1541 4094 nam
1581 4030 1682 4094 ubi
1725 4038 1883 4095 totus
1927 4026 2219 4093 Dominus
2264 4035 2390 4104 est,
2442 4026 2520 4090 ibi

424 4147 659 4214 quoque
686 4139 809 4193 tota
839 4124 1025 4218 Ipsius
1051 4131 1408 4219 Redemptio
1435 4141 1552 4204 est;
1607 4131 1737 4219 Ipse
1766 4130 1921 4195 enim
1949 4129 2144 4216 quoad
2172 4128 2518 4191 Humanum

425 4235 512 4291 est
564 4228 957 4325 Redemptor,
1028 4230 1274 4321 proinde
1319 4231 1497 4294 etiam
1544 4228 2100 4320 ipsaRedemptio3
2156 4249 2276 4295 non
2329 4236 2520 4318 potest
