2750 4775
526 376 631 425 160
748 361 1204 417 UNIVERSA
1261 360 1791 413 TnEoLoGlA
1835 360 1901 412 N.
1944 358 2012 415 C.
2052 358 2156 410 ΕΤ
2199 359 2268 416 Ν.
2308 359 2370 412 Ε.

521 537 739 581 novum
766 514 827 579 in
855 513 1151 585 Ecclesia;
1203 513 1359 599 quod
1387 513 1462 577 sit
1489 533 1710 576 novum
1727 561 1744 588 ,
1793 520 1882 576 est
1907 513 2040 600 quia
2071 514 2126 576 in
2155 514 2356 593 Verbo
2379 514 2570 602 pluries

519 617 764 705 legitur,
818 616 975 703 quod
1004 615 1166 679 Deus
1190 615 1516 687 irascatur,
1567 613 1915 689 ulciscatur,
1966 615 2104 678 odio
2137 614 2388 690 haheat,
2436 617 2576 680 dam-

522 729 654 793 net,
707 719 939 804 puniat,
993 715 1263 802 conjiciat
1297 717 1354 778 in
1390 714 1715 789 infernum,
1769 724 1988 791 tentet,
2040 736 2193 802 quae
2235 719 2428 782 omnia
2464 726 2576 782 sunt

520 821 688 896 mali,
739 829 797 884 et
838 817 970 881 inde
1000 816 1183 880 mala:
1235 817 1337 881 sed
1364 815 1524 903 quod
1566 837 1772 879 sensus
1809 817 2012 881 literae.
2041 818 2226 883 Verbi
2264 839 2337 881 ex
2375 820 2576 893 talibus,

518 942 675 1009 quae
721 928 1009 986 vocantur
1052 918 1431 1003 apparentiae
1475 925 1532 981 et
1575 919 2157 1002 correspondentiae,
2213 920 2576 1006 conscriptum

516 1024 622 1097 sit,
678 1030 918 1111 propter
944 1039 1213 1096 causam,
1262 1028 1325 1083 ut
1349 1019 1424 1082 sit
1458 1017 1795 1098 conjunctio
1821 1019 2118 1083 Externae
2146 1019 2445 1086 Ecclesiae
2468 1042 2577 1084 cum

521 1124 760 1187 Interna
801 1123 963 1207 ejus,
1016 1121 1094 1182 ita
1124 1118 1331 1184 Mundi
1371 1139 1502 1182 cum
1543 1117 1755 1194 Caelo,
1808 1119 1866 1182 in
1905 1121 2110 1207 Capite
2151 1121 2228 1185 de
2253 1121 2579 1187 Senmuns

515 1225 725 1289 Sectis
763 1233 1056 1288 ostensum
1087 1231 1204 1293 est;
1257 1231 1316 1284 et
1355 1220 1436 1283 ibi
1476 1219 1684 1294 etiam,
1739 1220 1898 1305 quod
1943 1243 2071 1285 curn
2120 1223 2264 1287 talia
2310 1224 2369 1285 in
2407 1223 2578 1288 Verbo

522 1326 828 1409 leguntur,
880 1324 1038 1410 ipsae
1079 1321 1459 1408 apparentiae
1500 1322 1655 1395 veri,
1722 1321 1860 1385 dum
1900 1333 2205 1387 transeunt
2253 1325 2332 1387 ab
2375 1324 2578 1388 homine

519 1424 594 1490 ad
622 1424 863 1489 Caelum
884 1473 901 1500 ,
955 1431 1263 1488 vertantur
1297 1423 1355 1484 in
1384 1422 1635 1509 genuina
1664 1443 1838 1497 vera,
1890 1446 2040 1511 quae
2068 1434 2208 1489 sunt
2228 1475 2244 1502 ,
2299 1426 2455 1513 quod
2484 1425 2580 1489 Do-

523 1527 713 1589 minus
765 1548 1054 1611 nusquam
1101 1525 1422 1599 irascatur,
1472 1524 1818 1601 ulciscatur,
1871 1526 2007 1590 odio
2052 1526 2305 1602 babeat,
2358 1528 2582 1598 damnet,

519 1628 753 1715 puniat,
808 1627 1079 1713 conjiciat
1110 1627 1166 1690 in
1194 1624 1520 1700 infernum,
1573 1633 1788 1700 tentet,
1841 1626 2083 1712 proinde
2117 1628 2283 1713 quod
2321 1628 2461 1691 nulli
2494 1625 2581 1689 ho-

519 1729 658 1790 mini
716 1727 892 1792 faciat
948 1728 1198 1800 malum;
1264 1726 1417 1791 hanc
1473 1730 2023 1792 transmutationem
2078 1737 2136 1792 et
2173 1750 2492 1794 versuram
2534 1726 2580 1788 in

518 1829 746 1895 Mundo
788 1826 1088 1918 Spirituali
1128 1829 1359 1912 saepius
1403 1827 1807 1892 animadverti.

675 1936 820 1995 651.
900 1929 1032 2017 Ipsa
1075 1930 1229 1993 ratio
1267 1929 1681 2016 adstipulatur,
1736 1928 1891 2017 quod
1936 1929 2225 1994 Dominus
2265 1952 2387 1994 non
2428 1926 2578 2016 possit

518 2030 688 2095 alicui
715 2029 936 2094 homini
966 2030 1180 2093 malum
1207 2029 1433 2105 facere,
1478 2029 1722 2117 proinde
1750 2050 1859 2095 nec
1884 2031 1937 2093 ei
1965 2031 2296 2116 imputare,
2340 2040 2425 2096 est
2450 2029 2577 2093 enim

522 2133 653 2219 lpse
701 2133 917 2204 Amor,
971 2129 1103 2215 Ipsa
1155 2131 1592 2205 Misericordia,
1653 2132 1733 2195 ita
1780 2130 1979 2219 Ipsum
2028 2131 2303 2210 Bonum,
2357 2143 2416 2196 et
2455 2131 2574 2195 haec

513 2244 649 2298 sunt
679 2233 931 2296 Divinae
959 2231 1259 2295 Essentiae
1286 2232 1501 2319 Ipsius,
1552 2254 1735 2319 quare
1762 2231 2009 2307 malum,
2062 2241 2164 2296 aut
2206 2233 2428 2320 aliquid
2465 2229 2576 2294 mali

517 2336 773 2398 tribuere
816 2332 1102 2409 Domino,
1164 2331 1360 2398 forent
1405 2335 1697 2398 contraria
1744 2332 1998 2398 Divinae
2043 2333 2254 2425 Ipsius·
2282 2333 2573 2407 Essentiae,

512 2443 571 2498 et
598 2436 682 2497 sic
709 2435 1194 2511 contradictoria,
1238 2445 1296 2498 et
1322 2434 1437 2499 hoc
1462 2433 1616 2499 foret
1643 2437 1723 2500 ita
1750 2434 2067 2499 nefandum
2087 2485 2104 2511 ‚
2156 2437 2312 2501 sicut
2346 2446 2430 2501 est
2464 2454 2577 2498 cou-

516 2534 763 2620 jungere
792 2534 1108 2610 Dominum
1138 2545 1196 2600 et
1238 2535 1537 2601 diabolum
1556 2584 1571 2612 ,
1623 2558 1692 2602 ac
1719 2536 1961 2601 Caelum
1989 2547 2047 2600 et
2077 2536 2418 2614 Internum,
2468 2554 2574 2599 cum

520 2644 717 2699 tamen
762 2640 914 2699 inter
952 2635 1099 2701 haec
1143 2635 1343 2703 hiatus
1385 2638 1917 2730 ingens-firmatus
1956 2651 2076 2714 est,
2136 2653 2200 2704 ut
2235 2644 2351 2732 qui
2387 2636 2574 2704 volunt

521 2736 941 2803 transcendere
970 2736 1186 2803 abhinc
1212 2738 1299 2804 ad
1323 2735 1513 2815 illud,
1564 2764 1684 2804 non
1704 2742 1972 2831 possint,
2024 2762 2214 2832 aeque
2236 2739 2461 2807 abinde
2481 2737 2575 2802 huc

517 2841 803 2914 transire,
871 2839 1010 2903 Luc.
1056 2839 1229 2904 XV1=
1283 2844 1386 2903 ⁶26.
1477 2840 1572 2904 Ne
1617 2840 1850 2928 quidem
1898 2838 2154 2925 Angelus
2197 2841 2366 2905 Caeli
2416 2843 2577 2928 potest

516 2938 689 3002 alicui
717 2940 932 3004 malum
976 2939 1206 3016 facere,
1260 2940 1396 3027 quia
1440 2941 1688 3008 essentia
1734 2941 1873 3004 boni
1918 2962 1952 3004 a
1998 2941 2254 3005 Domino
2297 2942 2382 3006 illi
2422 2944 2573 3009 inest;

513 3048 572 3103 et
599 3041 727 3105 vice
756 3062 959 3114 versa,
1009 3041 1244 3127 spiritus
1269 3042 1481 3107 inferni
1523 3064 1641 3107 non
1675 3051 1864 3132 potest
1901 3042 2009 3106 nisi
2051 3064 2223 3129 quam
2264 3044 2482 3109 malum
2507 3037 2577 3103 al-

511 3141 621 3205 teri
647 3139 872 3218 facere,
926 3142 1061 3227 quia
1089 3153 1301 3207 natura
1329 3143 1466 3207 mali
1500 3164 1533 3207 a
1573 3143 1814 3208 diabolo
1848 3142 1928 3206 illi
1969 3144 2147 3219 inest,
2202 3147 2452 3210 essentia
2487 3160 2575 3207 seu

508 3252 754 3319 natura,
802 3263 978 3332 quam
1009 3244 1218 3327 aliquis
1259 3246 1316 3309 in
1363 3242 1590 3310 Mundo
1630 3244 1739 3308 sibi
1780 3246 2209 3331 appropriavit,
2265 3256 2396 3333 post
2438 3258 2576 3309 mor·

510 3354 626 3408 tem
658 3367 775 3410 non
804 3353 991 3433 potest
1018 3346 1246 3410 mutari.
1328 3345 1535 3433 Cogita
1573 3366 1826 3431 quaeso,
1879 3346 2066 3431 qualis
2094 3346 2384 3412 Dominus
2420 3346 2572 3415 foret,

508 3446 559 3510 si
601 3448 786 3510 malos
829 3466 899 3508 ex
943 3444 1062 3517 ira,
1116 3454 1174 3509 et
1217 3446 1406 3511 bonos
1446 3466 1519 3509 ex
1563 3445 1868 3511 clementia
1893 3446 2230 3536 aspiceret,
2283 3458 2418 3514 sunt
2456 3438 2572 3508 mali

510 3547 807 3635 myriades
834 3544 1197 3634 myriadum,
1244 3569 1313 3611 ac
1341 3547 1480 3612 boni
1509 3547 1803 3637 myriades
1832 3547 2162 3636 myriadum
2204 3568 2478 3623 numeru,
2522 3548 2571 3606 el

508 3644 616 3709 hos
640 3665 711 3708 ex
739 3646 927 3732 gratia
955 3646 1239 3722 salvaret,
1293 3658 1352 3712 et
1393 3646 1522 3713 illos
1563 3668 1635 3711 ex
1675 3647 1932 3713 vindicta
1973 3648 2317 3723 damnaret,
2369 3670 2439 3713 ac
2477 3644 2569 3706 hos

510 3755 568 3810 et
611 3744 738 3808 illos
778 3755 895 3810 tam
938 3746 1196 3811 dissimili
1239 3748 1444 3823 oculo,
1496 3748 1610 3813 leni
1653 3758 1711 3812 et
1749 3748 1928 3822 duro,
1980 3770 2048 3814 ac
2090 3749 2214 3812 miti
2259 3761 2318 3814 et
2362 3742 2567 3816 immiti,

507 3846 865 3920 intueretur3
919 3847 1058 3934 quid
1087 3856 1226 3912 tunc
1253 3849 1541 3914 Dominus
1568 3850 1745 3914 Deus.
1817 3849 1965 3933 Quis
1991 3872 2110 3915 non
2141 3871 2175 3913 a
2205 3846 2567 3937 praedicatio·

504 3945 677 4010 nibus
702 3946 762 4010 in
789 3945 1050 4035 Templis
1077 3949 1395 4013 instructus
1417 3951 1556 4026 scit,
1608 3950 1763 4038 quod
1805 3972 1980 4015 omne
2009 3952 2226 4015 bonum
2255 3951 2412 4037 quod
2436 3950 2492 4011 in
2513 3963 2565 4009 se

466 4119 473 4126 ¹
501 4048 724 4114 bonum
764 4058 883 4125 est,
935 4051 1007 4114 sit
1043 4071 1078 4114 a
1107 4050 1265 4127 Deo,
1319 4060 1376 4114 et
1404 4051 1654 4118 vicissim
1681 4051 1840 4136 quod
1868 4073 2043 4117 omne
2069 4052 2288 4119 malum
2331 4049 2481 4141 quod
2512 4045 2563 4107 in

503 4170 566 4214 se
592 4149 807 4214 malum
839 4159 953 4227 est,
1004 4152 1078 4217 sit
1118 4173 1152 4216 a
1191 4151 1456 4228 diabolo,
1507 4153 1555 4218 si
1592 4153 1792 4240 itaque
1832 4153 2041 4243 aliquis
2080 4153 2259 4217 homo
2298 4152 2564 4238 reciperet

450 4303 455 4310 .
503 4261 562 4316 et
608 4251 826 4318 bonum
855 4261 912 4317 et
940 4253 1187 4330 malum,
1244 4254 1463 4319 bonum
1493 4273 1527 4318 a
1552 4252 1844 4330 Domino,
1897 4263 1956 4319 et
1996 4253 2215 4320 malum
2255 4276 2290 4319 a
2331 4247 2560 4319 diaholo,
