2750 4775
662 422 821 480 vm.
900 422 1311 476 LIBERUM
1371 419 1910 480 ARmTRnJM.
2288 438 2348 485 11

258 602 447 686 Quod
494 601 693 677 homO,
748 595 1040 692 quamdiu
1093 604 1245 666 vivit
1288 604 1351 665 in
1403 600 1676 678 Mundo,
1728 615 1999 667 teneatur
2051 606 2111 666 in
2168 602 2363 668 medio

253 707 414 770 inter
463 701 709 769 Caelum
760 715 818 766 et
862 702 1212 794 Infernum,
1263 715 1320 766 et
1364 700 1451 766 ibi
1501 706 1563 766 in
1605 702 1989 785 Aequilibrio
2033 702 2358 797 spirituali,

792 803 960 895 quod
1009 817 1099 868 est
1152 803 1432 869 Liberum
1486 802 1811 868 arbitrium.

409 983 557 1044 4752
628 979 711 1044 Ut
752 979 1003 1056 sciatur,
1059 978 1198 1066 quid
1240 989 1299 1042 et
1343 978 1520 1068 quale
1549 978 1830 1043 Liberum
1876 974 2199 1044 Arbitrium
2248 991 2357 1057 est,

248 1101 555 1146 necessum
611 1091 696 1145 est
739 1092 802 1144 ut
841 1081 1065 1145 sciatur
1102 1078 1258 1143 unde
1299 1080 1475 1153 illud;
1547 1099 1618 1142 ex
1664 1079 1896 1165 cognita
1945 1081 2069 1164 ejus
2107 1079 2357 1166 Origine

247 1182 542 1270 imprimis
581 1181 879 1256 noscitur,
929 1202 1051 1245 non
1092 1181 1269 1244 modo
1312 1181 1472 1265 quod
1512 1179 1619 1254 sit,
1670 1181 1772 1244 sed
1816 1181 1992 1246 etiam
2037 1180 2209 1265 quale
2250 1192 2354 1246 est.

248 1282 442 1369 Origo
471 1284 597 1370 ejus
624 1292 710 1346 est
739 1303 811 1345 ex
838 1281 1067 1347 Mundo
1093 1281 1416 1368 spirituali,
1471 1281 1572 1344 ubi
1602 1280 1775 1345 Mens
1799 1281 2051 1345 bominis
2090 1304 2122 1346 a
2152 1282 2357 1345 Domi-

247 1405 330 1448 no
360 1392 625 1459 tenetur,
679 1382 852 1447 Mens
876 1381 1130 1446 bominis
1156 1391 1244 1446 cst
1274 1382 1400 1467 ejus
1425 1382 1679 1469 Spiritus
1716 1382 1817 1466 qui
1850 1384 1994 1446 vivit
2027 1390 2156 1469 post
2196 1403 2356 1446 mor-

246 1493 402 1561 tem,
454 1492 515 1547 et
542 1484 793 1571 Spiritus
832 1484 960 1569 ejus
996 1493 1083 1548 est
1123 1484 1401 1547 continue
1440 1483 1500 1545 in
1535 1483 1834 1546 consortio
1864 1503 1993 1546 cum
2022 1484 2109 1545 sui
2152 1481 2355 1546 simili-

248 1585 365 1650 bus
402 1586 464 1650 in
506 1585 607 1648 illo
634 1582 895 1659 Mundo,
949 1592 1009 1647 et
1040 1582 1277 1673 spiritus
1314 1584 1440 1669 ejus
1471 1604 1576 1671 per
1602 1603 1818 1668 corpus
1847 1583 2183 1658 materiale,
2233 1602 2351 1667 quo

248 1685 767 1769 circumcingitur,
817 1693 905 1770 est
951 1699 1082 1748 cum
1110 1682 1451 1747 bominibus
1490 1685 1550 1746 in
1578 1682 1809 1746 Mundo
1839 1684 2110 1747 naturali,
2176 1682 2353 1763 Quod

248 1787 431 1852 bomo
471 1808 592 1850 non
635 1787 784 1851 sciat
836 1784 996 1869 quod
1038 1785 1098 1847 in
1137 1785 1333 1849 medio
1378 1784 1690 1873 spirituum
1731 1785 1804 1848 sit
1848 1783 2042 1870 quoad
2090 1784 2354 1848 Mentem

245 1908 453 1963 suam,
505 1895 594 1952 est
637 1886 775 1972 quia
819 1885 902 1949 illi
945 1886 1217 1972 spiritus,
1271 1906 1405 1949 cum
1452 1884 1665 1970 quibus
1709 1884 1770 1947 in
1815 1883 2114 1948 consortio
2158 1894 2245 1948 est
2290 1884 2352 1946 in

247 1988 477 2053 Mundo
517 1985 839 2075 spirituali,
893 1986 1277 2072 spiritualiter
1321 1986 1587 2070 cogitant
1627 1992 1686 2047 et
1711 1985 2066 2069 loquuntur,
2119 1985 2358 2069 spiritus

246 2097 444 2152 autem
473 2089 759 2161 hominis,
801 2086 1082 2171 quamdiu
1111 2094 1198 2149 est
1227 2085 1285 2146 in
1315 2105 1565 2171 corpore
1596 2084 1918 2161 materiali,
1971 2085 2353 2157 naturalium

251 2209 322 2251 ac
359 2188 679 2275 spiritualis
719 2187 1002 2271 cogitatio
1040 2196 1099 2249 et
1137 2185 1373 2269 loquela
1415 2205 1535 2249 non
1565 2183 1809 2269 intelligi
1837 2206 1946 2248 nec
1971 2186 2190 2274 percipi
2222 2207 2353 2272 pos-

247 2296 384 2350 sunt
425 2288 502 2351 ab
542 2287 782 2350 homine
823 2285 1120 2360 naturali,
1174 2305 1366 2371 neque
1409 2284 1700 2360 vicissim,
1752 2284 1887 2350 inde
1915 2296 2001 2351 est
2044 2286 2204 2371 quod
2246 2307 2358 2350 nec

250 2386 440 2451 videri
470 2387 729 2473 possint;
783 2395 844 2449 at
873 2407 1003 2451 cum
1032 2385 1269 2474 spiritus
1296 2385 1551 2452 bominis
1586 2386 1645 2448 in
1672 2385 1953 2451 societate
1982 2409 2115 2452 cum
2143 2389 2358 2475 spiriti-

247 2488 363 2552 bus
401 2488 472 2550 in-
503 2486 716 2552 borum
746 2484 974 2551 Mundo
1012 2498 1128 2565 est,
1181 2496 1323 2551 tunc
1354 2488 1531 2550 etiam
1573 2488 1632 2549 in
1671 2488 1958 2575 spirituali
2000 2489 2358 2574 cogitatione

246 2597 307 2652 et
350 2589 587 2674 loquela
619 2609 751 2651 cum
794 2588 904 2652 illis
932 2596 1050 2666 est,
1104 2587 1244 2675 quia
1272 2608 1442 2651 mens
1467 2587 1866 2672 ejus‘interius
1889 2589 2210 2677 spiritualis
2249 2600 2356 2666 est,

243 2689 347 2754 sed
394 2690 653 2754 exterius
696 2688 1016 2764 naturalis,
1070 2710 1253 2776 quare
1298 2710 1404 2775 per
1441 2710 1546 2753 sua
1577 2689 1863 2754 interiora
1892 2689 2166 2755 cumillis
2194 2711 2355 2753 com-

240 2790 537 2864 municat,
594 2798 656 2854 at
685 2811 786 2876 per
811 2811 918 2854 sua
948 2791 1241 2853 exteriora
1271 2806 1404 2852 cum
1430 2789 1796 2861 bominibus;
1852 2811 1956 2876 per
1993 2790 2151 2854 illam
2194 2811 2357 2854 com·

239 2890 703 2958 manicationem
743 2888 926 2953 bomo
966 2890 1215 2978 percipit
1246 2909 1372 2965 res,
1427 2900 1488 2953 et
1514 2890 1815 2981 analytice
1843 2891 2064 2976 cogitat
2093 2891 2251 2963 illas;
2301 2892 2352 2955 si

236 2989 356 3054 boc
398 2998 519 3054 non'
561 2990 715 3055 foret
756 2989 1012 3065 bomini,
1067 3010 1187 3054 non
1231 2989 1360 3078 plus
1386 3010 1499 3054 nec
1526 2991 1700 3055 aliter
1728 2992 2014 3076 cogitaret
2041 3012 2219 3077 quam
2251 2991 2354 3054 be·

235 3091 385 3165 stia,
439 3102 503 3154 ut
542 3101 631 3167 et,
684 3092 730 3155 si
760 3092 1072 3155 tolleretur
1102 3091 1184 3154 illi
1213 3111 1390 3153 omne
1419 3091 1840 3154 commercium
1873 3112 2005 3155 cum
2033 3091 2351 3180 spiritibus,

234 3191 301 3254 in
342 3191 586 3256 instanti
625 3201 979 3255 moreretur.
1045 3190 1161 3255 Sed
1203 3200 1268 3253 ut
1310 3191 1490 3275 possit
1532 3191 1981 3278 comprehendi,
2049 3192 2350 3277 quomodo

233 3291 420 3356 bomo
465 3300 659 3377 potest
688 3292 876 3356 teneri
906 3292 966 3355 in
998 3291 1194 3355 medio
1224 3291 1379 3353 inter
1406 3290 1648 3355 Caelum
1680 3299 1741 3354 et
1766 3290 2106 3367 Infernum,
2161 3302 2222 3354 et
2249 3313 2353 3377 per

234 3391 298 3454 id
337 3392 398 3454 in
439 3389 805 3477 Aequilibrio
858 3392 1181 3480 spirituali,
1250 3390 1406 3455 unde
1450 3392 1503 3453 ei
1545 3391 1826 3455 Liberum
1886 3391 2196 3455 arbitrium
2244 3401 2352 3468 est,

235 3492 444 3578 paucis
471 3493 715 3557 dicetur.
769 3492 1028 3558 Mundus
1052 3491 1372 3580 spiritualis
1399 3493 1664 3557 consistit
1690 3513 1763 3555 ex
1790 3491 1971 3555 Caelo
1997 3503 2056 3556 et
2086 3491 2349 3569 Inferno,

234 3591 485 3656 Caelum
529 3602 616 3657 est
651 3614 828 3679 supra
857 3592 1085 3677 Caput,
1136 3602 1195 3655 et
1226 3590 1533 3656 Infernum
1562 3592 1643 3656 ibi
1668 3601 1757 3656 est
1785 3590 1941 3657 infra
1967 3592 2174 3679 pedes,
2228 3617 2349 3658 non

233 3701 439 3757 tamen
482 3715 669 3780 usque
709 3694 769 3756 in
810 3693 1007 3757 medio
1046 3693 1306 3758 Telluris
1335 3693 1422 3756 ab
1462 3691 1802 3759 bominibus
1841 3693 2174 3771 habitatae,
2246 3697 2350 3761 sed

233 3793 395 3857 infra
423 3803 616 3858 terras
639 3793 805 3858 istius
832 3792 1077 3869 Mundi,
1131 3814 1283 3879 quae
1310 3793 1493 3858 etiam
1524 3814 1597 3857 ex
1626 3794 1854 3880 origine
1879 3795 2165 3881 spirituali
2194 3806 2350 3872 sunt,

235 3902 297 3956 et
336 3893 473 3957 inde
513 3914 635 3957 non
670 3893 734 3956 in
779 3905 1054 3970 extenso,
1106 3894 1208 3957 sed
1251 3894 1310 3956 in
1338 3896 1687 3981 apparentia
1716 3894 1958 3959 extensi.
2013 3895 2176 3959 lnter
2203 3896 2353 3959 Cae·

233 3993 356 4058 lum
397 4003 457 4058 et
491 3993 800 4059 Infernum
847 4002 936 4060 est
964 4014 1247 4081 magnum
1277 3993 1699 4073 Interstitium,
1754 3994 1911 4083 quod
1940 3996 2086 4071 illis,
2142 3995 2241 4081 qui
2269 3996 2351 4058 ibi

233 4103 400 4171 sunt,
454 4103 703 4182 apparet
741 4095 894 4161 sicut
931 4094 1163 4182 integer
1188 4094 1401 4169 Orbis;
1453 4095 1516 4159 in
1559 4094 1678 4162 boc
1710 4095 2095 4160 Interstitium
2140 4116 2210 4159 ex
2254 4095 2350 4159 In·

235 4191 404 4259 forno
447 4194 686 4261 exhalat
726 4196 950 4265 malum
990 4196 1049 4259 in
1086 4195 1248 4260 omni
1278 4194 1483 4283 copia,
1535 4205 1594 4260 et
1622 4217 1694 4261 ex
1721 4193 1902 4260 Caelo
1932 4194 2184 4259 vicissim
2214 4194 2351 4257 illuc

237 4290 424 4360 influit
466 4295 724 4375 bonum,
778 4296 957 4363 etiam
997 4297 1060 4362 in
1096 4297 1259 4362 omni
1289 4298 1490 4383 copia;
1533 4294 1651 4361 boc
1680 4292 2067 4360 Interstitium
2101 4301 2223 4366 est,
2267 4291 2348 4353 ‘de
