2750 4775
442 358 547 410 188
666 343 1135 400 Umvssnsa
1192 342 1731 402 Tussobossu
1772 343 1842 399 N.
1887 342 1950 398 C.
1993 342 2101 398 ΕΤ
2138 342 2209 399 Ν.
2251 342 2316 394 Ε.

438 498 807 587 Baptismus:
860 517 933 560 ex
972 518 1093 583 quo
1134 504 1325 584 patet,
1379 495 1538 583 quod
1581 494 1921 581 Baptismus
1962 494 2093 559 loco
2134 495 2530 560 Circumcisio·

438 602 531 665 nis
578 598 892 663 mandatus
934 599 1039 673 sit,
1096 606 1345 684 propter
1383 594 1588 673 finem,
1641 605 1760 660 tam
1804 604 1867 658 ut
1908 596 2171 660 Ecclesia
2214 594 2534 661 Christiana

436 700 898 787 distingueretur
939 699 1016 762 ab
1049 697 1314 764 Ecclesia
1342 697 1629 773 Judaica,
1683 719 1862 784 quam
1905 706 1971 760 ut
2012 697 2277 761 Ecclesia
2321 699 2536 785 interna

436 804 521 869 sic
559 800 798 888 propius
837 807 1328 885 cognosceretur,
1382 807 1441 862 et
1484 797 1599 861 hoc
1642 798 2019 884 cognoscitur
2043 818 2113 861 ex
2143 797 2371 863 Usibus
2395 796 2535 885 Bap-

437 902 626 977 tismi,
678 902 753 965 de
782 900 994 986 quibus
1018 899 1300 986 sequitur.
2109 906 2114 910 ’

592 1007 742 1067 675.
794 1002 970 1082 Quod
999 999 1384 1064 Circumcisio
1416 998 1595 1062 suerit
1623 999 1924 1073 instituta,
1975 1001 2034 1062 in
2071 999 2348 1084 signum,
2395 996 2540 1085 quod

437 1104 710 1171 homines
736 1101 1036 1167 Ecclesiae
1068 1099 1427 1164 lsraiiliticae
1468 1108 1662 1164 essent
1704 1120 1774 1163 ex
1821 1100 2162 1187 posteritate
2203 1098 2540 1174 Abrabami,

441 1205 593 1272 lsaci
621 1212 680 1266 et
709 1201 960 1276 Jacobi,
1012 1209 1243 1268 constat
1282 1222 1351 1263 ex
1396 1199 1486 1263 bis
1525 1200 1746 1275 „Diam
1783 1200 1954 1267 Deus
1993 1200 2083 1266 ad
2107 1197 2540 1278 Abrahamum,

440 1304 555 1371 hoc
568 1300 817 1392 faedus
843 1302 1120 1377 Mecum,
1173 1300 1342 1392 quod
1378 1300 1770 1367 observabitis
1799 1305 1958 1367 inter
1979 1302 2091 1367 Me
2130 1317 2189 1367 et
2228 1305 2389 1366 iuter
2416 1323 2539 1378 vos,

437 1420 496 1472 et
521 1409 681 1471 inter
704 1425 903 1470 semen
930 1418 1096 1469 tuum
1129 1415 1273 1496 post
1311 1415 1398 1476 te;
1451 1401 1798 1467 circumcidi
1831 1403 2013 1469 vobis
2047 1426 2284 1468 omnem
2329 1424 2543 1468 neascu·

441 1506 564 1572 lum
578 1554 594 1580 ,
645 1519 703 1571 et
727 1503 1164 1571 circumcidetis
1188 1525 1428 1568 carnem
1448 1506 1758 1596 praeputii
1780 1506 1988 1576 vestri,
2028 1516 2093 1567 ut
2116 1508 2197 1568 sil
2224 1507 2294 1567 in
2322 1507 2541 1593 signum

427 1604 709 1695 faederis
736 1609 893 1671 inter
915 1604 1030 1671 Me
1067 1617 1125 1669 et
1161 1613 1343 1679 νων·
1394 1601 1609 1670 Genes.
1639 1603 1849 1679 xvll,
1897 1608 1994 1669 10.
2032 1608 2131 1668 11.
2213 1605 2400 1686 Quod
2439 1603 2543 1668 fae·

438 1708 549 1773 dus
571 1728 676 1773 seu
718 1708 846 1793 ejus
883 1706 1115 1791 signum
1158 1714 1359 1793 postea
1392 1703 1806 1769 confirmatum
1834 1716 1918 1768 est
1951 1725 2055 1791 per
2085 1706 2325 1783 Mosen,
2369 1704 2540 1768 Levit.

439 1807 594 1875 XII:
646 1812 698 1870 1.
732 1812 788 1870 2.
821 1810 878 1869 8.
961 1805 1037 1868 Et
1076 1806 1214 1894 quia
1241 1804 1508 1870 Ecclesia
1536 1806 1633 1870 illa
1665 1825 1770 1891 per
1802 1805 1944 1868 illud
1983 1804 2214 1888 signum
2249 1829 2286 1871 a
2321 1803 2540 1891 reliquis

440 1909 946 1995 distinguebatur,
1015 1905 1150 1969 ideo
1205 1916 1523 1992 antequam
1579 1905 1678 1969 filii
1731 1904 1966 1969 Israelis
2017 1907 2543 1992 transgressi-sunt

440 2009 807 2083 Jordanem,
861 2005 1202 2086 mandatum
1232 2016 1393 2081 erat,
1447 2008 1749 2071 utiterum
1780 2006 2385 2081 circumciderentur,
2428 2006 2539 2069 Jos.

441 2110 526 2175 V:
583 2131 761 2175 causa
803 2105 947 2182 fuit,
1001 2106 1135 2192 quia
1178 2106 1370 2171 Terra
1404 2107 1646 2172 Canaan
1689 2108 2178 2193 repraesentabat
2207 2108 2542 2181 Ecclesiam,

440 2221 500 2276 et
525 2210 824 2275 Jordanes
862 2205 1080 2272 fluvius
1116 2204 1611 2271 introductionem
1655 2208 1713 2269 in
1757 2207 1945 2271 illam:
2001 2217 2060 2272 et
2103 2208 2350 2296 insuper
2394 2216 2455 2271 ut
2493 2207 2542 2269 in

440 2312 565 2400 ipsa
610 2319 770 2373 terra
813 2307 1092 2370 Canaane
1135 2306 1288 2371 illius
1330 2309 1481 2394 signi
1530 2306 2024 2383 recordarentur,
2077 2311 2429 2374 mandatum
2469 2315 2542 2371 est

438 2411 554 2475 hoc
606 2407 918 2492 „Quando
944 2412 1233 2475 veneritis
1272 2411 1332 2473 in
1366 2411 1644 2487 Terram,
1698 2423 1757 2475 et
1776 2408 2201 2503 plantaveritis
2226 2433 2541 2502 quamcun-

440 2534 555 2604 que
605 2507 913 2575 Arborem
956 2509 1100 2586 cibi,
1149 2510 1618 2602 praeputiabitis
1659 2514 2045 2603 praeputium
2077 2506 2348 2598 fructus
2393 2514 2539 2599 ejus;

441 2610 634 2676 tribus
664 2613 848 2674 annis
877 2616 988 2676 erit
1025 2611 1208 2677 vobis
1241 2614 1666 2704 praeputiatus
1681 2660 1698 2687 ,
1748 2636 1871 2676 non
1909 2610 2314 2686 comedetur‚“
2367 2611 2539 2675 Levit.

440 2710 617 2776 XIX:
670 2714 773 2776 23.
853 2711 1035 2791 Quod
1067 2712 1450 2777 Circumcisio
1489 2713 2026 2798 repraesentaverit
2059 2723 2118 2776 et
2156 2713 2298 2776 inde
2340 2708 2541 2798 signifi-

438 2813 665 2877 caverit
707 2813 1090 2898 rejectionem
1131 2812 1744 2898 concupiscentiarum
1786 2813 2009 2887 carnis,
2062 2822 2121 2875 et
2155 2815 2239 2877 sic
2277 2803 2543 2902 ‘purifica-

439 2912 660 2978 tionem
704 2935 738 2977 a
786 2915 984 2990 malis,
1049 2912 1239 2979 simile
1286 2914 1446 2999 quod
1494 2911 1865 3000 Baptismus,
1930 2923 2160 2978 constat
2200 2935 2272 2978 ex
2316 2914 2457 2979 locis
2488 2912 2540 2976 in

436 3012 670 3089 Verbo,
721 3015 1098 3088 ubidicitur,
1149 3014 1309 3100 quod
1337 3013 1828 3077 circumciderent
1856 3013 2005 3090 Cor,
2059 3015 2205 3078 utin
2236 3013 2329 3078 his
2370 3012 2542 3090 „Mo-

440 3138 542 3179 ses
594 3113 784 3192 dixit,
854 3113 1257 3180 circumcidite
1303 3118 1689 3206 praeputium
1734 3114 1938 3181 cordis
1989 3119 2185 3179 vestri
2194 3166 2209 3189 ,
2274 3118 2540 3179 cervicem

440 3229 711 3280 vestram
765 3240 840 3281 ne
886 3215 1195 3291 indurate,
1260 3215 1472 3279 Deutr.
1520 3214 1607 3278 X:
1656 3219 1753 3279 16.
1839 3214 2230 3280 Circumcidet
2272 3209 2541 3280 Jehovah

440 3315 612 3382 Deus
638 3340 742 3382 cor
764 3331 961 3393 tuum,
1012 3330 1073 3381 et
1111 3339 1213 3381 cor
1237 3318 1488 3380 seminis
1516 3318 1632 3391 tui,
1688 3328 1752 3378 ut
1775 3314 1999 3406 diligas
2028 3314 2325 3383 Jehovam
2360 3316 2541 3380 Deum

439 3430 602 3482 tuum
622 3465 637 3492 ,
688 3440 773 3482 ex
815 3432 942 3482 toto
983 3415 1164 3482 corde
1207 3428 1340 3490 tuo,
1406 3439 1490 3480 ex
1538 3429 1666 3480 tota
1710 3419 1916 3481 anima
1958 3431 2092 3492 tua,
2145 3440 2267 3508 quo
2309 3420 2540 3490 vivas‚“

438 3517 645 3582 Deutr.
691 3518 893 3582 XXX:
950 3521 1006 3579 6.
1087 3516 1161 3579 Et
1206 3515 1361 3602 apud
1406 3515 1736 3580 Jeremiam
1783 3516 2243 3592 „Circumcidite
2279 3541 2402 3583 vos
2444 3515 2540 3581 Je-

437 3615 659 3692 hovae,
701 3630 766 3681 ut
804 3628 1098 3680 removeat
1130 3619 1458 3706 praeputia
1500 3614 1707 3683 cordis
1747 3621 1972 3692 vestri,
2023 3621 2131 3681 vir
2168 3616 2453 3683 Jebudae
2490 3625 2542 3679 et

436 3714 808 3781 habitatores
843 3713 1342 3803 Hierosoiymae,
1394 3739 1469 3779 ne
1504 3732 1687 3783 exeat
1727 3716 1886 3782 sicut
1925 3721 2085 3809 ignis
2125 3721 2218 3783 ira
2256 3742 2389 3782 mea
2408 3739 2542 3809 pro·-

425 3830 567 3908 pter
602 3812 895 3879 malitiam
923 3839 1166 3907 operum
1195 3816 1594 3892 vestrorum*
1648 3817 1789 3906 Cap.
1819 3817 1937 3883 lv:
1991 3822 2047 3881 4.
2106 3827 2164 3881 et
2203 3819 2358 3906 apud
2395 3819 2542 3884 Pau-

432 3916 555 3980 lum
597 3914 716 3990 „In
744 3913 895 3980 Jesu
924 3913 1163 3982 Christo
1193 3939 1384 4008 neque
1413 3917 1800 3985 Circumcisio
1828 3917 2069 4011 aliquid
2104 3916 2307 3994 valet,
2365 3936 2539 4011 neque

429 4015 828 4106 Praeputium
843 4065 860 4092 ,
930 4015 1046 4083 sed
1095 4016 1287 4084 Fides
1329 4040 1450 4111 per
1503 4015 1868 4086 Charitatem
1920 4042 2210 4113 operam,
2284 4032 2344 4084 et
2394 4037 2539 4083 nova

437 4114 814 4195 Creatura,“
867 4116 1000 4184 Gal.
1048 4119 1133 4186 V:
1180 4125 1236 4184 6.
1304 4117 1447 4207 Cap.
1495 4117 1614 4183 vl:
1674 4124 1772 4184 15.
1866 4120 1956 4184 Ex
2009 4119 2098 4183 his
2153 4141 2313 4185 nunc
2369 4124 2536 4208 patet,

432 4216 593 4304 quod
618 4218 750 4283 loco
780 4218 1243 4287 circumcisionis
1269 4219 1572 4285 institutus
1598 4221 1672 4285 sit
1701 4218 2072 4310 Baptismus,
2126 4221 2262 4309 quia
2293 4240 2400 4308 per
2436 4216 2536 4282 cir·
