<?xml version="1.0" encoding="UTF-8"?>
<!DOCTYPE html PUBLIC "-//W3C//DTD XHTML 1.0 Transitional//EN"
    "http://www.w3.org/TR/xhtml1/DTD/xhtml1-transitional.dtd">
<html xmlns="http://www.w3.org/1999/xhtml" xml:lang="en" lang="en">
 <head>
  <title>
</title>
<meta http-equiv="Content-Type" content="text/html;charset=utf-8" />
  <meta name='ocr-system' content='tesseract 3.04.00' />
  <meta name='ocr-capabilities' content='ocr_page ocr_carea ocr_par ocr_line ocrx_word'/>
</head>
<body>
  <div class='ocr_page' id='page_1' title='image "./verachristianar00unkngoog_0165.png"; bbox 0 0 2750 4775; ppageno 0'>
   <div class='ocr_carea' id='block_1_1' title="bbox 887 391 2308 463">
    <p class='ocr_par' dir='ltr' id='par_1_1' title="bbox 887 391 2308 463">
     <span class='ocr_line' id='line_1_1' title="bbox 887 391 2308 463; baseline 0.001 -19"><span class='ocrx_word' id='word_1_1' title='bbox 887 392 980 444; x_wconf 87' lang='lat' dir='ltr'>xl.</span> <span class='ocrx_word' id='word_1_2' title='bbox 1062 391 1597 453; x_wconf 70' lang='lat' dir='ltr'>lMPU&#39;rATlt).</span> <span class='ocrx_word' id='word_1_3' title='bbox 2203 404 2308 463; x_wconf 66' lang='lat'>11⁸9</span> 
     </span>
    </p>
   </div>
   <div class='ocr_carea' id='block_1_2' title="bbox 208 543 2410 2754">
    <p class='ocr_par' dir='ltr' id='par_1_2' title="bbox 210 543 2410 1539">
     <span class='ocr_line' id='line_1_2' title="bbox 221 543 2410 636; baseline 0.001 -25"><span class='ocrx_word' id='word_1_4' title='bbox 221 556 321 611; x_wconf 82' lang='lat' dir='ltr'>tur</span> <span class='ocrx_word' id='word_1_5' title='bbox 365 543 601 622; x_wconf 85' lang='lat' dir='ltr'>„Credo</span> <span class='ocrx_word' id='word_1_6' title='bbox 631 549 692 609; x_wconf 84' lang='lat' dir='ltr'>in</span> <span class='ocrx_word' id='word_1_7' title='bbox 719 545 916 611; x_wconf 84' lang='lat' dir='ltr'>Deum</span> <span class='ocrx_word' id='word_1_8' title='bbox 942 547 1187 611; x_wconf 78' lang='lat' dir='ltr'>Patrem</span> <span class='ocrx_word' id='word_1_9' title='bbox 1223 544 1723 636; x_wconf 77' lang='lat' dir='ltr'>omnipotentem,</span> <span class='ocrx_word' id='word_1_10' title='bbox 1780 545 2111 614; x_wconf 80' lang='lat' dir='ltr'><strong><em>Creatorem</em></strong></span> <span class='ocrx_word' id='word_1_11' title='bbox 2141 545 2317 614; x_wconf 79' lang='lat' dir='ltr'>Caeli</span> <span class='ocrx_word' id='word_1_12' title='bbox 2400 588 2410 599; x_wconf 80' lang='lat'><strong>.</strong></span> 
     </span>
     <span class='ocr_line' id='line_1_3' title="bbox 219 645 2313 733; baseline -0 -20"><span class='ocrx_word' id='word_1_13' title='bbox 219 663 276 713; x_wconf 82' lang='lat' dir='ltr'>et</span> <span class='ocrx_word' id='word_1_14' title='bbox 305 649 550 712; x_wconf 68' lang='lat' dir='ltr'>Terrae.</span> <span class='ocrx_word' id='word_1_15' title='bbox 627 647 715 711; x_wconf 60' lang='lat' dir='ltr'>E&amp;</span> <span class='ocrx_word' id='word_1_16' title='bbox 749 650 813 710; x_wconf 82' lang='lat' dir='ltr'>in</span> <span class='ocrx_word' id='word_1_17' title='bbox 848 648 1058 717; x_wconf 76' lang='lat' dir='ltr'>Jcsum</span> <span class='ocrx_word' id='word_1_18' title='bbox 1091 645 1389 711; x_wconf 81' lang='lat' dir='ltr'><em>Christum</em></span> <span class='ocrx_word' id='word_1_19' title='bbox 1416 647 1639 710; x_wconf 79' lang='lat' dir='ltr'>Filium</span> <span class='ocrx_word' id='word_1_20' title='bbox 1670 647 1828 733; x_wconf 85' lang='lat' dir='ltr'>Ejus</span> <span class='ocrx_word' id='word_1_21' title='bbox 1870 651 2139 726; x_wconf 83' lang='lat' dir='ltr'>unicum,</span> <span class='ocrx_word' id='word_1_22' title='bbox 2186 650 2313 716; x_wconf 89' lang='lat' dir='ltr'>Do-</span> 
     </span>
     <span class='ocr_line' id='line_1_4' title="bbox 217 744 2312 839; baseline 0.002 -26"><span class='ocrx_word' id='word_1_23' title='bbox 217 753 441 813; x_wconf 70' lang='lat' dir='ltr'>mitium</span> <span class='ocrx_word' id='word_1_24' title='bbox 483 762 782 823; x_wconf 75' lang='lat' dir='ltr'>nostrum,</span> <span class='ocrx_word' id='word_1_25' title='bbox 834 753 941 839; x_wconf 81' lang='lat' dir='ltr'>qui</span> <span class='ocrx_word' id='word_1_26' title='bbox 977 761 1296 838; x_wconf 73' lang='lat' dir='ltr'>conceptus·</span> <span class='ocrx_word' id='word_1_27' title='bbox 1336 746 1414 811; x_wconf 81' lang='lat' dir='ltr'>de</span> <span class='ocrx_word' id='word_1_28' title='bbox 1439 744 1674 839; x_wconf 76' lang='lat' dir='ltr'>Spiritu.</span> <span class='ocrx_word' id='word_1_29' title='bbox 1701 745 1957 823; x_wconf 79' lang='lat' dir='ltr'>Sancto,</span> <span class='ocrx_word' id='word_1_30' title='bbox 2009 764 2195 819; x_wconf 77' lang='lat' dir='ltr'>natus</span> <span class='ocrx_word' id='word_1_31' title='bbox 2229 774 2312 817; x_wconf 75' lang='lat' dir='ltr'>ex</span> 
     </span>
     <span class='ocr_line' id='line_1_5' title="bbox 222 844 2313 943; baseline 0.001 -29"><span class='ocrx_word' id='word_1_32' title='bbox 222 850 490 940; x_wconf 76' lang='lat' dir='ltr'><em>Virgine</em></span> <span class='ocrx_word' id='word_1_33' title='bbox 516 850 743 914; x_wconf 82' lang='lat' dir='ltr'>Maria.</span> <span class='ocrx_word' id='word_1_34' title='bbox 825 848 1017 914; x_wconf 75' lang='lat' dir='ltr'>Credo</span> <span class='ocrx_word' id='word_1_35' title='bbox 1044 853 1107 913; x_wconf 85' lang='lat' dir='ltr'>in</span> <span class='ocrx_word' id='word_1_36' title='bbox 1131 844 1417 943; x_wconf 79' lang='lat' dir='ltr'>Spiritum</span> <span class='ocrx_word' id='word_1_37' title='bbox 1441 863 1748 923; x_wconf 78' lang='lat' dir='ltr'>sanctum,-</span> <span class='ocrx_word' id='word_1_38' title='bbox 1799 862 2073 913; x_wconf 80' lang='lat' dir='ltr'><em>sanctam</em></span> <span class='ocrx_word' id='word_1_39' title='bbox 2102 849 2313 916; x_wconf 76' lang='lat' dir='ltr'>Eccle-</span> 
     </span>
     <span class='ocr_line' id='line_1_6' title="bbox 214 948 2316 1037; baseline -0 -21"><span class='ocrx_word' id='word_1_40' title='bbox 214 955 378 1016; x_wconf 82' lang='lat' dir='ltr'>siam</span> <span class='ocrx_word' id='word_1_41' title='bbox 408 948 811 1025; x_wconf 79' lang='lat' dir='ltr'>Catholicam,</span> <span class='ocrx_word' id='word_1_42' title='bbox 857 964 1200 1015; x_wconf 79' lang='lat' dir='ltr'>sanctorum</span> <span class='ocrx_word' id='word_1_43' title='bbox 1243 953 1771 1014; x_wconf 80' lang='lat' dir='ltr'>communionem.“</span> <span class='ocrx_word' id='word_1_44' title='bbox 1839 948 1929 1012; x_wconf 84' lang='lat' dir='ltr'>Ex</span> <span class='ocrx_word' id='word_1_45' title='bbox 1974 971 2093 1035; x_wconf 90' lang='lat' dir='ltr'>quo</span> <span class='ocrx_word' id='word_1_46' title='bbox 2138 961 2316 1037; x_wconf 86' lang='lat' dir='ltr'>patet,</span> 
     </span>
     <span class='ocr_line' id='line_1_7' title="bbox 212 1051 2318 1140; baseline 0 -24"><span class='ocrx_word' id='word_1_47' title='bbox 212 1053 380 1140; x_wconf 82' lang='lat' dir='ltr'>quod</span> <span class='ocrx_word' id='word_1_48' title='bbox 421 1074 541 1119; x_wconf 85' lang='lat' dir='ltr'>non</span> <span class='ocrx_word' id='word_1_49' title='bbox 584 1051 760 1116; x_wconf 80' lang='lat' dir='ltr'>alium</span> <span class='ocrx_word' id='word_1_50' title='bbox 802 1051 1017 1116; x_wconf 77' lang='lat' dir='ltr'>Filium</span> <span class='ocrx_word' id='word_1_51' title='bbox 1047 1051 1160 1116; x_wconf 89' lang='lat' dir='ltr'>Dei</span> <span class='ocrx_word' id='word_1_52' title='bbox 1201 1051 1586 1135; x_wconf 76' lang='lat' dir='ltr'><strong>agnoverint,</strong></span> <span class='ocrx_word' id='word_1_53' title='bbox 1639 1072 1812 1136; x_wconf 90' lang='lat' dir='ltr'>quam</span> <span class='ocrx_word' id='word_1_54' title='bbox 1853 1060 2199 1138; x_wconf 88' lang='lat' dir='ltr'>conceptum</span> <span class='ocrx_word' id='word_1_55' title='bbox 2244 1051 2318 1117; x_wconf 83' lang='lat' dir='ltr'>de</span> 
     </span>
     <span class='ocr_line' id='line_1_8' title="bbox 212 1151 2319 1242; baseline -0.001 -23"><span class='ocrx_word' id='word_1_56' title='bbox 212 1156 428 1242; x_wconf 86' lang='lat' dir='ltr'>spiritu</span> <span class='ocrx_word' id='word_1_57' title='bbox 453 1161 688 1225; x_wconf 86' lang='lat' dir='ltr'>sancto,</span> <span class='ocrx_word' id='word_1_58' title='bbox 712 1200 717 1207; x_wconf 82' lang='lat'>.</span> <span class='ocrx_word' id='word_1_59' title='bbox 743 1161 801 1215; x_wconf 88' lang='lat' dir='ltr'>et</span> <span class='ocrx_word' id='word_1_60' title='bbox 829 1163 1031 1216; x_wconf 89' lang='lat' dir='ltr'>natum</span> <span class='ocrx_word' id='word_1_61' title='bbox 1064 1175 1134 1215; x_wconf 80' lang='lat' dir='ltr'>ex</span> <span class='ocrx_word' id='word_1_62' title='bbox 1163 1152 1352 1218; x_wconf 83' lang='lat' dir='ltr'>Maria</span> <span class='ocrx_word' id='word_1_63' title='bbox 1396 1151 1669 1237; x_wconf 78' lang='lat' dir='ltr'>Virgine:</span> <span class='ocrx_word' id='word_1_64' title='bbox 1715 1161 1771 1214; x_wconf 92' lang='lat' dir='ltr'>et</span> <span class='ocrx_word' id='word_1_65' title='bbox 1802 1173 2036 1238; x_wconf 80' lang='lat' dir='ltr'>prorsus</span> <span class='ocrx_word' id='word_1_66' title='bbox 2066 1172 2185 1216; x_wconf 91' lang='lat' dir='ltr'>non</span> <span class='ocrx_word' id='word_1_67' title='bbox 2215 1153 2319 1217; x_wconf 91' lang='lat' dir='ltr'>ali-</span> 
     </span>
     <span class='ocr_line' id='line_1_9' title="bbox 214 1251 2314 1343; baseline 0 -25"><span class='ocrx_word' id='word_1_68' title='bbox 214 1277 396 1343; x_wconf 87' lang='lat' dir='ltr'>quem</span> <span class='ocrx_word' id='word_1_69' title='bbox 437 1255 652 1318; x_wconf 77' lang='lat' dir='ltr'>Filium</span> <span class='ocrx_word' id='word_1_70' title='bbox 695 1252 805 1318; x_wconf 90' lang='lat' dir='ltr'>Dei</span> <span class='ocrx_word' id='word_1_71' title='bbox 852 1262 1052 1317; x_wconf 86' lang='lat' dir='ltr'>natum</span> <span class='ocrx_word' id='word_1_72' title='bbox 1080 1254 1173 1319; x_wconf 73' lang='lat' dir='ltr'>.ab</span> <span class='ocrx_word' id='word_1_73' title='bbox 1215 1261 1474 1317; x_wconf 81' lang='lat' dir='ltr'>aeterno.</span> <span class='ocrx_word' id='word_1_74' title='bbox 1558 1252 1692 1315; x_wconf 89' lang='lat' dir='ltr'>Hoc</span> <span class='ocrx_word' id='word_1_75' title='bbox 1730 1251 2110 1340; x_wconf 82' lang='lat' dir='ltr'><strong>Symbolum,</strong></span> <span class='ocrx_word' id='word_1_76' title='bbox 2163 1253 2314 1318; x_wconf 88' lang='lat' dir='ltr'>sicut</span> 
     </span>
     <span class='ocr_line' id='line_1_10' title="bbox 213 1353 2316 1437; baseline -0.001 -17"><span class='ocrx_word' id='word_1_77' title='bbox 213 1356 338 1420; x_wconf 89' lang='lat' dir='ltr'>duo</span> <span class='ocrx_word' id='word_1_78' title='bbox 366 1355 587 1429; x_wconf 85' lang='lat' dir='ltr'>altera,</span> <span class='ocrx_word' id='word_1_79' title='bbox 640 1375 749 1437; x_wconf 86' lang='lat' dir='ltr'>pro</span> <span class='ocrx_word' id='word_1_80' title='bbox 786 1354 1015 1419; x_wconf 89' lang='lat' dir='ltr'>sincero</span> <span class='ocrx_word' id='word_1_81' title='bbox 1054 1353 1357 1419; x_wconf 87' lang='lat' dir='ltr'>Catholico</span> <span class='ocrx_word' id='word_1_82' title='bbox 1402 1355 1481 1419; x_wconf 88' lang='lat' dir='ltr'>ab</span> <span class='ocrx_word' id='word_1_83' title='bbox 1522 1355 1799 1418; x_wconf 85' lang='lat' dir='ltr'>universa</span> <span class='ocrx_word' id='word_1_84' title='bbox 1846 1354 2108 1419; x_wconf 73' lang='lat' dir='ltr'><strong>Ecclesia</strong></span> <span class='ocrx_word' id='word_1_85' title='bbox 2147 1353 2316 1420; x_wconf 89' lang='lat' dir='ltr'>Chri-</span> 
     </span>
     <span class='ocr_line' id='line_1_11' title="bbox 210 1448 1518 1539; baseline -0.003 -18"><span class='ocrx_word' id='word_1_86' title='bbox 210 1459 406 1521; x_wconf 87' lang='lat' dir='ltr'>stiana</span> <span class='ocrx_word' id='word_1_87' title='bbox 437 1448 508 1519; x_wconf 87' lang='lat' dir='ltr'>ad</span> <span class='ocrx_word' id='word_1_88' title='bbox 539 1455 857 1520; x_wconf 85' lang='lat' dir='ltr'>hodienum</span> <span class='ocrx_word' id='word_1_89' title='bbox 886 1457 1069 1530; x_wconf 85' lang='lat' dir='ltr'>diem,</span> <span class='ocrx_word' id='word_1_90' title='bbox 1124 1458 1386 1539; x_wconf 76' lang='lat' dir='ltr'>agnitum</span> <span class='ocrx_word' id='word_1_91' title='bbox 1415 1464 1518 1519; x_wconf 90' lang='lat' dir='ltr'>est.</span> 
     </span>
    </p>

    <p class='ocr_par' dir='ltr' id='par_1_3' title="bbox 208 1554 2318 2754">
     <span class='ocr_line' id='line_1_12' title="bbox 374 1554 2318 1644; baseline 0.001 -24"><span class='ocrx_word' id='word_1_92' title='bbox 374 1562 522 1620; x_wconf 72' lang='lat'><strong>637.</strong></span> <span class='ocrx_word' id='word_1_93' title='bbox 576 1557 752 1635; x_wconf 84' lang='lat' dir='ltr'>Quod</span> <span class='ocrx_word' id='word_1_94' title='bbox 781 1557 838 1619; x_wconf 87' lang='lat' dir='ltr'>in</span> <span class='ocrx_word' id='word_1_95' title='bbox 871 1557 1296 1644; x_wconf 37' lang='lat' dir='ltr'>primaevo-illo</span> <span class='ocrx_word' id='word_1_96' title='bbox 1327 1566 1613 1641; x_wconf 85' lang='lat' dir='ltr'>tempore,</span> <span class='ocrx_word' id='word_1_97' title='bbox 1660 1577 1862 1620; x_wconf 89' lang='lat' dir='ltr'>omnes</span> <span class='ocrx_word' id='word_1_98' title='bbox 1890 1554 1950 1617; x_wconf 90' lang='lat' dir='ltr'>in</span> <span class='ocrx_word' id='word_1_99' title='bbox 1979 1554 2318 1628; x_wconf 83' lang='lat' dir='ltr'>Christiano</span> 
     </span>
     <span class='ocr_line' id='line_1_13' title="bbox 208 1655 2314 1743; baseline -0.001 -20"><span class='ocrx_word' id='word_1_100' title='bbox 208 1660 329 1726; x_wconf 88' lang='lat' dir='ltr'>isto</span> <span class='ocrx_word' id='word_1_101' title='bbox 382 1659 549 1725; x_wconf 78' lang='lat' dir='ltr'>Orbe</span> <span class='ocrx_word' id='word_1_102' title='bbox 600 1668 1001 1742; x_wconf 79' lang='lat' dir='ltr'>agnoverunt,</span> <span class='ocrx_word' id='word_1_103' title='bbox 1074 1659 1229 1743; x_wconf 88' lang='lat' dir='ltr'>q&#39;uod</span> <span class='ocrx_word' id='word_1_104' title='bbox 1285 1658 1576 1725; x_wconf 81' lang='lat' dir='ltr'>Dominus</span> <span class='ocrx_word' id='word_1_105' title='bbox 1628 1656 1806 1721; x_wconf 87' lang='lat' dir='ltr'>Jesus</span> <span class='ocrx_word' id='word_1_106' title='bbox 1847 1655 2111 1721; x_wconf 83' lang='lat' dir='ltr'>Christus</span> <span class='ocrx_word' id='word_1_107' title='bbox 2162 1665 2314 1723; x_wconf 85' lang='lat' dir='ltr'>esset</span> 
     </span>
     <span class='ocr_line' id='line_1_14' title="bbox 209 1757 2312 1844; baseline -0.001 -19"><span class='ocrx_word' id='word_1_108' title='bbox 209 1761 409 1836; x_wconf 88' lang='lat' dir='ltr'>Deus,</span> <span class='ocrx_word' id='word_1_109' title='bbox 459 1759 569 1823; x_wconf 90' lang='lat' dir='ltr'>Cui</span> <span class='ocrx_word' id='word_1_110' title='bbox 615 1760 753 1823; x_wconf 87' lang='lat' dir='ltr'>data</span> <span class='ocrx_word' id='word_1_111' title='bbox 792 1769 878 1825; x_wconf 86' lang='lat' dir='ltr'>est</span> <span class='ocrx_word' id='word_1_112' title='bbox 918 1759 1107 1824; x_wconf 91' lang='lat' dir='ltr'>omnis</span> <span class='ocrx_word' id='word_1_113' title='bbox 1148 1768 1405 1844; x_wconf 83' lang='lat' dir='ltr'>potestas</span> <span class='ocrx_word' id='word_1_114' title='bbox 1442 1760 1502 1821; x_wconf 90' lang='lat' dir='ltr'>in</span> <span class='ocrx_word' id='word_1_115' title='bbox 1548 1757 1726 1822; x_wconf 83' lang='lat' dir='ltr'>Caelo</span> <span class='ocrx_word' id='word_1_116' title='bbox 1765 1767 1821 1819; x_wconf 90' lang='lat' dir='ltr'>et</span> <span class='ocrx_word' id='word_1_117' title='bbox 1864 1758 1922 1819; x_wconf 87' lang='lat' dir='ltr'>in</span> <span class='ocrx_word' id='word_1_118' title='bbox 1969 1757 2199 1835; x_wconf 87' lang='lat' dir='ltr'>Terra,</span> <span class='ocrx_word' id='word_1_119' title='bbox 2252 1766 2312 1822; x_wconf 88' lang='lat' dir='ltr'>et</span> 
     </span>
     <span class='ocr_line' id='line_1_15' title="bbox 212 1856 2307 1948; baseline -0 -25"><span class='ocrx_word' id='word_1_120' title='bbox 212 1870 475 1948; x_wconf 86' lang='lat' dir='ltr'>potestas</span> <span class='ocrx_word' id='word_1_121' title='bbox 502 1859 692 1924; x_wconf 89' lang='lat' dir='ltr'>omnis</span> <span class='ocrx_word' id='word_1_122' title='bbox 719 1861 939 1934; x_wconf 77' lang='lat' dir='ltr'>carnis,</span> <span class='ocrx_word' id='word_1_123' title='bbox 995 1860 1315 1924; x_wconf 87' lang='lat' dir='ltr'>secundum</span> <span class='ocrx_word' id='word_1_124' title='bbox 1346 1859 1626 1947; x_wconf 82' lang='lat' dir='ltr'>ipsissima</span> <span class='ocrx_word' id='word_1_125' title='bbox 1657 1858 1798 1943; x_wconf 87' lang='lat' dir='ltr'>Ejus</span> <span class='ocrx_word' id='word_1_126' title='bbox 1827 1856 2040 1933; x_wconf 86' lang='lat' dir='ltr'>verba,</span> <span class='ocrx_word' id='word_1_127' title='bbox 2093 1856 2307 1946; x_wconf 75' lang='lat' dir='ltr'>Matth.</span> 
     </span>
     <span class='ocr_line' id='line_1_16' title="bbox 211 1957 2312 2046; baseline -0.002 -18"><span class='ocrx_word' id='word_1_128' title='bbox 211 1961 520 2028; x_wconf 88' lang='lat' dir='ltr'>XXVIII:</span> <span class='ocrx_word' id='word_1_129' title='bbox 571 1965 669 2024; x_wconf 89' lang='grc'>18.</span> <span class='ocrx_word' id='word_1_130' title='bbox 720 1960 857 2024; x_wconf 85' lang='lat' dir='ltr'>Joh.</span> <span class='ocrx_word' id='word_1_131' title='bbox 912 1960 1121 2029; x_wconf 85' lang='lat' dir='ltr'>XVII:</span> <span class='ocrx_word' id='word_1_132' title='bbox 1165 1965 1238 2024; x_wconf 82' lang='lat'>2:</span> <span class='ocrx_word' id='word_1_133' title='bbox 1307 1968 1365 2022; x_wconf 87' lang='lat' dir='ltr'>et</span> <span class='ocrx_word' id='word_1_134' title='bbox 1404 1961 1558 2046; x_wconf 86' lang='lat' dir='ltr'>quod</span> <span class='ocrx_word' id='word_1_135' title='bbox 1601 1960 1952 2022; x_wconf 74' lang='lat' dir='ltr'>crediderint</span> <span class='ocrx_word' id='word_1_136' title='bbox 1993 1958 2053 2021; x_wconf 91' lang='lat' dir='ltr'>in</span> <span class='ocrx_word' id='word_1_137' title='bbox 2093 1957 2312 2046; x_wconf 87' lang='lat' dir='ltr'>Ipsum,</span> 
     </span>
     <span class='ocr_line' id='line_1_17' title="bbox 209 2059 2309 2150; baseline -0.002 -23"><span class='ocrx_word' id='word_1_138' title='bbox 209 2064 536 2128; x_wconf 89' lang='lat' dir='ltr'>secundum</span> <span class='ocrx_word' id='word_1_139' title='bbox 567 2062 909 2126; x_wconf 89' lang='lat' dir='ltr'>mandatum</span> <span class='ocrx_word' id='word_1_140' title='bbox 950 2062 1136 2150; x_wconf 83' lang='lat' dir='ltr'>Ipsius</span> <span class='ocrx_word' id='word_1_141' title='bbox 1175 2082 1245 2124; x_wconf 85' lang='lat' dir='ltr'>ex</span> <span class='ocrx_word' id='word_1_142' title='bbox 1277 2060 1407 2124; x_wconf 90' lang='lat' dir='ltr'>Deo</span> <span class='ocrx_word' id='word_1_143' title='bbox 1434 2060 1646 2133; x_wconf 85' lang='lat' dir='ltr'>Patre,</span> <span class='ocrx_word' id='word_1_144' title='bbox 1698 2059 1836 2124; x_wconf 89' lang='lat' dir='ltr'>Joh.</span> <span class='ocrx_word' id='word_1_145' title='bbox 1884 2059 2003 2123; x_wconf 84' lang='lat'>111:</span> <span class='ocrx_word' id='word_1_146' title='bbox 2057 2063 2159 2125; x_wconf 81' lang='lat'>15.</span> <span class='ocrx_word' id='word_1_147' title='bbox 2210 2064 2309 2124; x_wconf 93' lang='grc'><strong>16.</strong></span> 
     </span>
     <span class='ocr_line' id='line_1_18' title="bbox 216 2159 2313 2248; baseline -0.002 -20"><span class='ocrx_word' id='word_1_148' title='bbox 216 2168 324 2228; x_wconf 78' lang='grc'>36.</span> <span class='ocrx_word' id='word_1_149' title='bbox 382 2163 523 2248; x_wconf 85' lang='lat' dir='ltr'>Cap.</span> <span class='ocrx_word' id='word_1_150' title='bbox 572 2160 686 2226; x_wconf 76' lang='lat' dir='ltr'>vl:</span> <span class='ocrx_word' id='word_1_151' title='bbox 743 2167 845 2225; x_wconf 89' lang='lat'>40.</span> <span class='ocrx_word' id='word_1_152' title='bbox 902 2161 1041 2247; x_wconf 87' lang='lat' dir='ltr'>Cap.</span> <span class='ocrx_word' id='word_1_153' title='bbox 1080 2159 1197 2225; x_wconf 86' lang='lat' dir='ltr'>XI:</span> <span class='ocrx_word' id='word_1_154' title='bbox 1253 2164 1353 2223; x_wconf 81' lang='grc'>25.</span> <span class='ocrx_word' id='word_1_155' title='bbox 1403 2164 1501 2224; x_wconf 90' lang='grc'>26.</span> <span class='ocrx_word' id='word_1_156' title='bbox 1561 2161 1710 2223; x_wconf 89' lang='lat' dir='ltr'>idem</span> <span class='ocrx_word' id='word_1_157' title='bbox 1757 2161 1868 2225; x_wconf 86' lang='lat' dir='ltr'>hoc</span> <span class='ocrx_word' id='word_1_158' title='bbox 1905 2162 2079 2224; x_wconf 87' lang='lat' dir='ltr'>etiam</span> <span class='ocrx_word' id='word_1_159' title='bbox 2125 2161 2313 2224; x_wconf 88' lang='lat' dir='ltr'>mani-</span> 
     </span>
     <span class='ocr_line' id='line_1_19' title="bbox 209 2261 2309 2350; baseline -0 -22"><span class='ocrx_word' id='word_1_160' title='bbox 209 2264 365 2329; x_wconf 86' lang='lat' dir='ltr'>feste</span> <span class='ocrx_word' id='word_1_161' title='bbox 411 2271 570 2350; x_wconf 87' lang='lat' dir='ltr'>patet</span> <span class='ocrx_word' id='word_1_162' title='bbox 612 2282 682 2324; x_wconf 83' lang='lat' dir='ltr'>ex</span> <span class='ocrx_word' id='word_1_163' title='bbox 724 2262 1151 2327; x_wconf 68' lang='lat' dir='ltr'>convocatione</span> <span class='ocrx_word' id='word_1_164' title='bbox 1191 2263 1450 2324; x_wconf 86' lang='lat' dir='ltr'>omnium</span> <span class='ocrx_word' id='word_1_165' title='bbox 1483 2261 1902 2347; x_wconf 80' lang='lat' dir='ltr'>Episcoporum</span> <span class='ocrx_word' id='word_1_166' title='bbox 1942 2261 2017 2326; x_wconf 87' lang='lat' dir='ltr'>ab</span> <span class='ocrx_word' id='word_1_167' title='bbox 2047 2261 2309 2350; x_wconf 82' lang='lat' dir='ltr'>Impera·</span> 
     </span>
     <span class='ocr_line' id='line_1_20' title="bbox 210 2360 2309 2451; baseline 0 -22"><span class='ocrx_word' id='word_1_168' title='bbox 210 2375 348 2429; x_wconf 86' lang='lat' dir='ltr'>tore</span> <span class='ocrx_word' id='word_1_169' title='bbox 389 2363 774 2428; x_wconf 85' lang='lat' dir='ltr'>Constantino</span> <span class='ocrx_word' id='word_1_170' title='bbox 814 2381 1064 2447; x_wconf 78' lang='lat' dir='ltr'>magno,</span> <span class='ocrx_word' id='word_1_171' title='bbox 1121 2371 1359 2449; x_wconf 86' lang='lat' dir='ltr'>propter</span> <span class='ocrx_word' id='word_1_172' title='bbox 1404 2383 1668 2437; x_wconf 85' lang='lat' dir='ltr'>causam,</span> <span class='ocrx_word' id='word_1_173' title='bbox 1725 2372 1786 2427; x_wconf 89' lang='lat' dir='ltr'>ut</span> <span class='ocrx_word' id='word_1_174' title='bbox 1829 2360 2035 2428; x_wconf 87' lang='lat' dir='ltr'>Arium</span> <span class='ocrx_word' id='word_1_175' title='bbox 2081 2372 2139 2426; x_wconf 82' lang='lat' dir='ltr'>et</span> <span class='ocrx_word' id='word_1_176' title='bbox 2183 2363 2309 2451; x_wconf 85' lang='lat' dir='ltr'>ejus</span> 
     </span>
     <span class='ocr_line' id='line_1_21' title="bbox 217 2463 2308 2550; baseline 0.001 -22"><span class='ocrx_word' id='word_1_177' title='bbox 217 2465 503 2537; x_wconf 83' lang='lat' dir='ltr'>asseclas,</span> <span class='ocrx_word' id='word_1_178' title='bbox 559 2464 656 2548; x_wconf 84' lang='lat' dir='ltr'>qui</span> <span class='ocrx_word' id='word_1_179' title='bbox 689 2464 986 2550; x_wconf 79' lang='lat' dir='ltr'>negabant</span> <span class='ocrx_word' id='word_1_180' title='bbox 1015 2463 1395 2527; x_wconf 77' lang='lat' dir='ltr'>Divinitatem</span> <span class='ocrx_word' id='word_1_181' title='bbox 1438 2464 1673 2529; x_wconf 87' lang='lat' dir='ltr'>Domini</span> <span class='ocrx_word' id='word_1_182' title='bbox 1699 2464 2026 2532; x_wconf 76' lang='lat' dir='ltr'>salvatoris</span> <span class='ocrx_word' id='word_1_183' title='bbox 2052 2479 2088 2528; x_wconf 76' lang='lat' dir='ltr'>a</span> <span class='ocrx_word' id='word_1_184' title='bbox 2114 2465 2308 2530; x_wconf 86' lang='lat' dir='ltr'>Maria</span> 
     </span>
     <span class='ocr_line' id='line_1_22' title="bbox 216 2562 2310 2653; baseline 0.003 -28"><span class='ocrx_word' id='word_1_185' title='bbox 216 2562 470 2649; x_wconf 79' lang='lat' dir='ltr'>Virgine</span> <span class='ocrx_word' id='word_1_186' title='bbox 503 2564 645 2639; x_wconf 87' lang='lat' dir='ltr'>nati,</span> <span class='ocrx_word' id='word_1_187' title='bbox 685 2584 755 2628; x_wconf 85' lang='lat' dir='ltr'>ex</span> <span class='ocrx_word' id='word_1_188' title='bbox 782 2567 962 2629; x_wconf 85' lang='lat' dir='ltr'>sacris</span> <span class='ocrx_word' id='word_1_189' title='bbox 989 2565 1171 2629; x_wconf 82' lang='lat' dir='ltr'>literis</span> <span class='ocrx_word' id='word_1_190' title='bbox 1199 2566 1615 2630; x_wconf 79' lang='lat' dir='ltr'>convincerent</span> <span class='ocrx_word' id='word_1_191' title='bbox 1643 2575 1702 2628; x_wconf 88' lang='lat' dir='ltr'>et</span> <span class='ocrx_word' id='word_1_192' title='bbox 1729 2567 2107 2640; x_wconf 80' lang='lat' dir='ltr'>damnarent:</span> <span class='ocrx_word' id='word_1_193' title='bbox 2150 2566 2310 2653; x_wconf 88' lang='lat' dir='ltr'>quod</span> 
     </span>
     <span class='ocr_line' id='line_1_23' title="bbox 212 2664 2310 2754; baseline 0.002 -27"><span class='ocrx_word' id='word_1_194' title='bbox 212 2666 456 2753; x_wconf 87' lang='lat' dir='ltr'>quidem</span> <span class='ocrx_word' id='word_1_195' title='bbox 502 2664 758 2739; x_wconf 82' lang='lat' dir='ltr'>sactum,</span> <span class='ocrx_word' id='word_1_196' title='bbox 811 2664 913 2732; x_wconf 88' lang='lat' dir='ltr'>sed</span> <span class='ocrx_word' id='word_1_197' title='bbox 958 2665 1015 2728; x_wconf 85' lang='lat' dir='ltr'>hi</span> <span class='ocrx_word' id='word_1_198' title='bbox 1054 2667 1293 2729; x_wconf 73' lang='lat' dir='ltr'>vitaturi</span> <span class='ocrx_word' id='word_1_199' title='bbox 1339 2667 1536 2754; x_wconf 87' lang='lat' dir='ltr'>lupum</span> <span class='ocrx_word' id='word_1_200' title='bbox 1585 2667 1915 2730; x_wconf 86' lang='lat' dir='ltr'>inciderunt</span> <span class='ocrx_word' id='word_1_201' title='bbox 1955 2667 2015 2730; x_wconf 87' lang='lat' dir='ltr'>in</span> <span class='ocrx_word' id='word_1_202' title='bbox 2056 2665 2310 2744; x_wconf 88' lang='lat' dir='ltr'>leonem,</span> 
     </span>
    </p>
   </div>
   <div class='ocr_carea' id='block_1_3' title="bbox 125 2757 2312 2857">
    <p class='ocr_par' dir='ltr' id='par_1_4' title="bbox 125 2757 2312 2857">
     <span class='ocr_line' id='line_1_24' title="bbox 125 2757 2312 2857; baseline -0 -24"><span class='ocrx_word' id='word_1_203' title='bbox 125 2757 133 2762; x_wconf 54' lang='grc'><strong>’</strong></span> <span class='ocrx_word' id='word_1_204' title='bbox 209 2777 318 2833; x_wconf 79' lang='lat' dir='ltr'>aut</span> <span class='ocrx_word' id='word_1_205' title='bbox 345 2768 507 2831; x_wconf 80' lang='lat' dir='ltr'>sicut</span> <span class='ocrx_word' id='word_1_206' title='bbox 521 2767 736 2830; x_wconf 86' lang='lat' dir='ltr'>dicitur</span> <span class='ocrx_word' id='word_1_207' title='bbox 763 2769 821 2831; x_wconf 80' lang='lat' dir='ltr'>in</span> <span class='ocrx_word' id='word_1_208' title='bbox 851 2767 1198 2854; x_wconf 84' lang='lat' dir='ltr'>proverbio,</span> <span class='ocrx_word' id='word_1_209' title='bbox 1252 2768 1490 2855; x_wconf 87' lang='lat' dir='ltr'>cupiens</span> <span class='ocrx_word' id='word_1_210' title='bbox 1522 2768 1709 2833; x_wconf 83' lang='lat' dir='ltr'>vitare</span> <span class='ocrx_word' id='word_1_211' title='bbox 1750 2767 2077 2857; x_wconf 79' lang='lat' dir='ltr'>charybdin</span> <span class='ocrx_word' id='word_1_212' title='bbox 2109 2767 2312 2832; x_wconf 81' lang='lat' dir='ltr'>incidit</span> 
     </span>
    </p>
   </div>
   <div class='ocr_carea' id='block_1_4' title="bbox 205 2867 2310 3348">
    <p class='ocr_par' dir='ltr' id='par_1_5' title="bbox 205 2867 2310 3348">
     <span class='ocr_line' id='line_1_25' title="bbox 208 2867 2310 2957; baseline 0 -24"><span class='ocrx_word' id='word_1_213' title='bbox 208 2870 276 2933; x_wconf 87' lang='lat' dir='ltr'>in</span> <span class='ocrx_word' id='word_1_214' title='bbox 306 2867 580 2957; x_wconf 83' lang='lat' dir='ltr'>scyllam:</span> <span class='ocrx_word' id='word_1_215' title='bbox 636 2868 907 2954; x_wconf 79' lang='lat' dir='ltr'>fingendo</span> <span class='ocrx_word' id='word_1_216' title='bbox 938 2867 1150 2934; x_wconf 80' lang='lat' dir='ltr'>Filium</span> <span class='ocrx_word' id='word_1_217' title='bbox 1181 2868 1291 2932; x_wconf 87' lang='lat' dir='ltr'>Dei</span> <span class='ocrx_word' id='word_1_218' title='bbox 1332 2868 1409 2932; x_wconf 83' lang='lat' dir='ltr'>ab</span> <span class='ocrx_word' id='word_1_219' title='bbox 1448 2879 1724 2944; x_wconf 86' lang='lat' dir='ltr'>aeterno,</span> <span class='ocrx_word' id='word_1_220' title='bbox 1751 2869 1873 2954; x_wconf 45' lang='lat' dir='ltr'>*qui</span> <span class='ocrx_word' id='word_1_221' title='bbox 1914 2867 2212 2933; x_wconf 85' lang='lat' dir='ltr'>descendit</span> <span class='ocrx_word' id='word_1_222' title='bbox 2249 2880 2310 2933; x_wconf 85' lang='lat' dir='ltr'>et</span> 
     </span>
     <span class='ocr_line' id='line_1_26' title="bbox 207 2969 2309 3057; baseline -0.001 -22"><span class='ocrx_word' id='word_1_223' title='bbox 207 2970 486 3035; x_wconf 75' lang='lat' dir='ltr'>assumsit</span> <span class='ocrx_word' id='word_1_224' title='bbox 514 2969 854 3034; x_wconf 87' lang='lat' dir='ltr'>Humanum</span> <span class='ocrx_word' id='word_1_225' title='bbox 876 3018 891 3044; x_wconf 88' lang='lat'><strong>‚</strong></span> <span class='ocrx_word' id='word_1_226' title='bbox 944 2971 1249 3034; x_wconf 76' lang='lat' dir='ltr'>credentes</span> <span class='ocrx_word' id='word_1_227' title='bbox 1276 2970 1433 3057; x_wconf 86' lang='lat' dir='ltr'>quod</span> <span class='ocrx_word' id='word_1_228' title='bbox 1471 2971 1553 3034; x_wconf 88' lang='lat' dir='ltr'>sic</span> <span class='ocrx_word' id='word_1_229' title='bbox 1586 2970 2017 3034; x_wconf 80' lang='lat' dir='ltr'>vindicaverint</span> <span class='ocrx_word' id='word_1_230' title='bbox 2054 2977 2113 3034; x_wconf 84' lang='lat' dir='ltr'>et</span> <span class='ocrx_word' id='word_1_231' title='bbox 2141 2972 2309 3034; x_wconf 85' lang='lat' dir='ltr'>resti-</span> 
     </span>
     <span class='ocr_line' id='line_1_27' title="bbox 207 3069 2306 3157; baseline 0.002 -24"><span class='ocrx_word' id='word_1_232' title='bbox 207 3070 438 3134; x_wconf 73' lang='lat' dir='ltr'>tuerint</span> <span class='ocrx_word' id='word_1_233' title='bbox 489 3069 749 3133; x_wconf 86' lang='lat' dir='ltr'>Domino</span> <span class='ocrx_word' id='word_1_234' title='bbox 802 3072 1221 3143; x_wconf 69' lang='lat' dir='ltr'>Divinitatem:</span> <span class='ocrx_word' id='word_1_235' title='bbox 1293 3092 1409 3134; x_wconf 88' lang='lat' dir='ltr'>non</span> <span class='ocrx_word' id='word_1_236' title='bbox 1464 3072 1714 3135; x_wconf 88' lang='lat' dir='ltr'>scientes</span> <span class='ocrx_word' id='word_1_237' title='bbox 1763 3070 1921 3155; x_wconf 86' lang='lat' dir='ltr'>quod</span> <span class='ocrx_word' id='word_1_238' title='bbox 1967 3069 2098 3157; x_wconf 83' lang='lat' dir='ltr'>lpse</span> <span class='ocrx_word' id='word_1_239' title='bbox 2143 3070 2306 3137; x_wconf 90' lang='lat' dir='ltr'>Deus</span> 
     </span>
     <span class='ocr_line' id='line_1_28' title="bbox 207 3172 2306 3259; baseline -0 -23"><span class='ocrx_word' id='word_1_240' title='bbox 207 3173 465 3236; x_wconf 85' lang='lat' dir='ltr'>Creator</span> <span class='ocrx_word' id='word_1_241' title='bbox 507 3173 769 3237; x_wconf 83' lang='lat' dir='ltr'>universi</span> <span class='ocrx_word' id='word_1_242' title='bbox 811 3172 1207 3246; x_wconf 84' lang='lat' dir='ltr'>descenderit,</span> <span class='ocrx_word' id='word_1_243' title='bbox 1277 3181 1343 3234; x_wconf 87' lang='lat' dir='ltr'>ut</span> <span class='ocrx_word' id='word_1_244' title='bbox 1390 3172 1552 3235; x_wconf 86' lang='lat' dir='ltr'>fieret</span> <span class='ocrx_word' id='word_1_245' title='bbox 1596 3172 1991 3259; x_wconf 80' lang='lat' dir='ltr'>Redemptor,</span> <span class='ocrx_word' id='word_1_246' title='bbox 2044 3182 2100 3235; x_wconf 91' lang='lat' dir='ltr'>et</span> <span class='ocrx_word' id='word_1_247' title='bbox 2145 3173 2226 3235; x_wconf 88' lang='lat' dir='ltr'>sic</span> <span class='ocrx_word' id='word_1_248' title='bbox 2274 3195 2306 3235; x_wconf 87' lang='lat' dir='ltr'>e</span> 
     </span>
     <span class='ocr_line' id='line_1_29' title="bbox 205 3271 2305 3348; baseline 0 -13"><span class='ocrx_word' id='word_1_249' title='bbox 205 3271 681 3348; x_wconf 65' lang='lat' dir='ltr'>novo-Creator,</span> <span class='ocrx_word' id='word_1_250' title='bbox 734 3273 1051 3338; x_wconf 87' lang='lat' dir='ltr'>secundum</span> <span class='ocrx_word' id='word_1_251' title='bbox 1081 3271 1229 3336; x_wconf 89' lang='lat' dir='ltr'>haec</span> <span class='ocrx_word' id='word_1_252' title='bbox 1257 3271 1563 3337; x_wconf 83' lang='lat' dir='ltr'>manifesta</span> <span class='ocrx_word' id='word_1_253' title='bbox 1590 3277 1649 3334; x_wconf 87' lang='lat' dir='ltr'>in</span> <span class='ocrx_word' id='word_1_254' title='bbox 1676 3273 1876 3339; x_wconf 86' lang='lat' dir='ltr'>Veteri</span> <span class='ocrx_word' id='word_1_255' title='bbox 1903 3274 2305 3347; x_wconf 75' lang='lat' dir='ltr'>Testamenta,</span> 
     </span>
    </p>
   </div>
   <div class='ocr_carea' id='block_1_5' title="bbox 203 3370 2306 4369">
    <p class='ocr_par' dir='ltr' id='par_1_6' title="bbox 204 3370 2306 3741">
     <span class='ocr_line' id='line_1_30' title="bbox 205 3370 2306 3461; baseline -0.001 -23"><span class='ocrx_word' id='word_1_256' title='bbox 205 3373 368 3458; x_wconf 86' lang='lat' dir='ltr'>Esaj.</span> <span class='ocrx_word' id='word_1_257' title='bbox 398 3372 596 3437; x_wconf 87' lang='lat' dir='ltr'>XXV:</span> <span class='ocrx_word' id='word_1_258' title='bbox 643 3378 697 3435; x_wconf 81' lang='lat'>9.</span> <span class='ocrx_word' id='word_1_259' title='bbox 742 3373 878 3461; x_wconf 86' lang='lat' dir='ltr'>Cap.</span> <span class='ocrx_word' id='word_1_260' title='bbox 912 3373 1051 3438; x_wconf 91' lang='lat' dir='ltr'>XL:</span> <span class='ocrx_word' id='word_1_261' title='bbox 1101 3377 1161 3437; x_wconf 78' lang='lat'>3.</span> <span class='ocrx_word' id='word_1_262' title='bbox 1195 3379 1248 3435; x_wconf 83' lang='lat'>5.</span> <span class='ocrx_word' id='word_1_263' title='bbox 1285 3379 1384 3438; x_wconf 84' lang='lat'>10.</span> <span class='ocrx_word' id='word_1_264' title='bbox 1422 3378 1520 3437; x_wconf 84' lang='lat'>11.</span> <span class='ocrx_word' id='word_1_265' title='bbox 1575 3372 1715 3458; x_wconf 86' lang='lat' dir='ltr'>Cap.</span> <span class='ocrx_word' id='word_1_266' title='bbox 1747 3370 1975 3437; x_wconf 87' lang='lat' dir='ltr'>XLIII:</span> <span class='ocrx_word' id='word_1_267' title='bbox 2024 3372 2120 3434; x_wconf 87' lang='grc'><strong>14.</strong></span> <span class='ocrx_word' id='word_1_268' title='bbox 2162 3371 2306 3459; x_wconf 86' lang='lat' dir='ltr'>Cap.</span> 
     </span>
     <span class='ocr_line' id='line_1_31' title="bbox 206 3470 2303 3562; baseline -0.001 -23"><span class='ocrx_word' id='word_1_269' title='bbox 206 3473 441 3539; x_wconf 86' lang='lat' dir='ltr'>XLIV:</span> <span class='ocrx_word' id='word_1_270' title='bbox 473 3478 529 3536; x_wconf 91' lang='grc'>6.</span> <span class='ocrx_word' id='word_1_271' title='bbox 564 3477 664 3537; x_wconf 90' lang='grc'>24.</span> <span class='ocrx_word' id='word_1_272' title='bbox 721 3474 858 3561; x_wconf 84' lang='lat' dir='ltr'>Cap.</span> <span class='ocrx_word' id='word_1_273' title='bbox 888 3472 1150 3538; x_wconf 85' lang='lat' dir='ltr'>XLVII:</span> <span class='ocrx_word' id='word_1_274' title='bbox 1183 3479 1238 3537; x_wconf 90' lang='lat'>4.</span> <span class='ocrx_word' id='word_1_275' title='bbox 1274 3475 1415 3562; x_wconf 88' lang='lat' dir='ltr'>Cap.</span> <span class='ocrx_word' id='word_1_276' title='bbox 1446 3473 1727 3539; x_wconf 87' lang='lat' dir='ltr'>XLVIII:</span> <span class='ocrx_word' id='word_1_277' title='bbox 1763 3478 1860 3535; x_wconf 74' lang='lat'>17.</span> <span class='ocrx_word' id='word_1_278' title='bbox 1905 3470 2045 3560; x_wconf 85' lang='lat' dir='ltr'>Cap.</span> <span class='ocrx_word' id='word_1_279' title='bbox 2077 3471 2303 3539; x_wconf 84' lang='lat' dir='ltr'>XLIX:</span> 
     </span>
     <span class='ocr_line' id='line_1_32' title="bbox 209 3573 2300 3660; baseline 0.001 -23"><span class='ocrx_word' id='word_1_280' title='bbox 209 3580 270 3637; x_wconf 76' lang='lat'>7.</span> <span class='ocrx_word' id='word_1_281' title='bbox 309 3578 409 3637; x_wconf 88' lang='grc'>26.</span> <span class='ocrx_word' id='word_1_282' title='bbox 467 3573 608 3660; x_wconf 85' lang='lat' dir='ltr'>Cap.</span> <span class='ocrx_word' id='word_1_283' title='bbox 639 3575 776 3639; x_wconf 90' lang='lat' dir='ltr'>LX:</span> <span class='ocrx_word' id='word_1_284' title='bbox 815 3579 913 3637; x_wconf 74' lang='lat'><strong>1‘6.</strong></span> <span class='ocrx_word' id='word_1_285' title='bbox 968 3574 1104 3660; x_wconf 83' lang='lat' dir='ltr'>Cap.</span> <span class='ocrx_word' id='word_1_286' title='bbox 1137 3575 1373 3639; x_wconf 83' lang='lat' dir='ltr'>LXIII:</span> <span class='ocrx_word' id='word_1_287' title='bbox 1422 3579 1518 3638; x_wconf 87' lang='grc'><strong>16.</strong></span> <span class='ocrx_word' id='word_1_288' title='bbox 1571 3574 1791 3638; x_wconf 87' lang='lat' dir='ltr'>Jerem.</span> <span class='ocrx_word' id='word_1_289' title='bbox 1824 3574 1900 3637; x_wconf 93' lang='lat' dir='ltr'>L:</span> <span class='ocrx_word' id='word_1_290' title='bbox 1932 3576 2033 3638; x_wconf 78' lang='lat'>34.</span> <span class='ocrx_word' id='word_1_291' title='bbox 2078 3574 2300 3639; x_wconf 89' lang='lat' dir='ltr'>Hosch.</span> 
     </span>
     <span class='ocr_line' id='line_1_33' title="bbox 204 3674 1894 3741; baseline -0.001 -1"><span class='ocrx_word' id='word_1_292' title='bbox 204 3674 396 3740; x_wconf 87' lang='lat' dir='ltr'>XIII:</span> <span class='ocrx_word' id='word_1_293' title='bbox 441 3677 495 3737; x_wconf 89' lang='lat'>4.</span> <span class='ocrx_word' id='word_1_294' title='bbox 551 3674 764 3741; x_wconf 83' lang='lat' dir='ltr'>Psalm.</span> <span class='ocrx_word' id='word_1_295' title='bbox 796 3675 976 3740; x_wconf 91' lang='lat' dir='ltr'>XIX:</span> <span class='ocrx_word' id='word_1_296' title='bbox 1022 3679 1121 3739; x_wconf 82' lang='grc'><strong>15.</strong></span> <span class='ocrx_word' id='word_1_297' title='bbox 1177 3675 1265 3741; x_wconf 87' lang='lat' dir='ltr'>his</span> <span class='ocrx_word' id='word_1_298' title='bbox 1293 3675 1444 3740; x_wconf 89' lang='lat' dir='ltr'>adde</span> <span class='ocrx_word' id='word_1_299' title='bbox 1484 3674 1623 3739; x_wconf 89' lang='lat' dir='ltr'>Joh.</span> <span class='ocrx_word' id='word_1_300' title='bbox 1674 3675 1734 3739; x_wconf 84' lang='lat'>1:</span> <span class='ocrx_word' id='word_1_301' title='bbox 1796 3679 1894 3738; x_wconf 81' lang='lat'>15.</span> 
     </span>
    </p>

    <p class='ocr_par' dir='ltr' id='par_1_7' title="bbox 203 3771 2306 4369">
     <span class='ocr_line' id='line_1_34' title="bbox 368 3771 2304 3864; baseline 0.002 -26"><span class='ocrx_word' id='word_1_302' title='bbox 368 3779 515 3839; x_wconf 82' lang='grc'><strong>638.</strong></span> <span class='ocrx_word' id='word_1_303' title='bbox 571 3776 831 3841; x_wconf 83' lang='lat' dir='ltr'>Ecclesia</span> <span class='ocrx_word' id='word_1_304' title='bbox 860 3776 955 3839; x_wconf 85' lang='lat' dir='ltr'>illa</span> <span class='ocrx_word' id='word_1_305' title='bbox 986 3771 1353 3864; x_wconf 82' lang='lat' dir='ltr'>Apostolica,</span> <span class='ocrx_word' id='word_1_306' title='bbox 1400 3777 1534 3861; x_wconf 84' lang='lat' dir='ltr'>quia</span> <span class='ocrx_word' id='word_1_307' title='bbox 1561 3777 1738 3841; x_wconf 86' lang='lat' dir='ltr'>coluit</span> <span class='ocrx_word' id='word_1_308' title='bbox 1767 3776 2083 3841; x_wconf 89' lang='lat' dir='ltr'>Dominum</span> <span class='ocrx_word' id='word_1_309' title='bbox 2110 3778 2304 3842; x_wconf 85' lang='lat' dir='ltr'>Deum</span> 
     </span>
     <span class='ocr_line' id='line_1_35' title="bbox 204 3875 2303 3965; baseline -0 -23"><span class='ocrx_word' id='word_1_310' title='bbox 204 3877 417 3942; x_wconf 82' lang='lat' dir='ltr'>Jcsum</span> <span class='ocrx_word' id='word_1_311' title='bbox 449 3877 775 3952; x_wconf 74' lang='lat' dir='ltr'>Christum,</span> <span class='ocrx_word' id='word_1_312' title='bbox 829 3886 886 3941; x_wconf 86' lang='lat' dir='ltr'>&#39;et</span> <span class='ocrx_word' id='word_1_313' title='bbox 925 3878 1096 3940; x_wconf 79' lang='lat' dir='ltr'>simul</span> <span class='ocrx_word' id='word_1_314' title='bbox 1143 3889 1283 3942; x_wconf 87' lang='lat' dir='ltr'>tunc</span> <span class='ocrx_word' id='word_1_315' title='bbox 1321 3878 1381 3946; x_wconf 85' lang='lat' dir='ltr'>in</span> <span class='ocrx_word' id='word_1_316' title='bbox 1410 3876 1545 3965; x_wconf 80' lang='lat' dir='ltr'>Ipso</span> <span class='ocrx_word' id='word_1_317' title='bbox 1573 3878 1764 3942; x_wconf 89' lang='lat' dir='ltr'>Deum</span> <span class='ocrx_word' id='word_1_318' title='bbox 1794 3875 2068 3955; x_wconf 87' lang='lat' dir='ltr'>Patrem,</span> <span class='ocrx_word' id='word_1_319' title='bbox 2114 3888 2303 3965; x_wconf 79' lang='lat' dir='ltr'>potest</span> 
     </span>
     <span class='ocr_line' id='line_1_36' title="bbox 204 3977 2303 4065; baseline -0.001 -21"><span class='ocrx_word' id='word_1_320' title='bbox 204 3978 518 4044; x_wconf 84' lang='lat' dir='ltr'>assimilari</span> <span class='ocrx_word' id='word_1_321' title='bbox 554 3979 764 4056; x_wconf 51' lang='lat' dir='ltr'>,Horto</span> <span class='ocrx_word' id='word_1_322' title='bbox 806 3977 950 4055; x_wconf 88' lang='lat' dir='ltr'>Dei,</span> <span class='ocrx_word' id='word_1_323' title='bbox 1005 3988 1069 4042; x_wconf 82' lang='lat' dir='ltr'>et.</span> <span class='ocrx_word' id='word_1_324' title='bbox 1105 3977 1313 4054; x_wconf 71' lang='lat' dir='ltr'>AriuS‚</span> <span class='ocrx_word' id='word_1_325' title='bbox 1358 3979 1477 4064; x_wconf 78' lang='lat' dir='ltr'>’qui</span> <span class='ocrx_word' id='word_1_326' title='bbox 1524 3987 1662 4043; x_wconf 87' lang='lat' dir='ltr'>tunc</span> <span class='ocrx_word' id='word_1_327' title='bbox 1705 3979 1994 4056; x_wconf 82' lang='lat' dir='ltr'>surrexit,</span> <span class='ocrx_word' id='word_1_328' title='bbox 2047 3981 2303 4065; x_wconf 77' lang='lat' dir='ltr'>serpenti</span> 
     </span>
     <span class='ocr_line' id='line_1_37' title="bbox 206 4077 2305 4165; baseline -0.002 -20"><span class='ocrx_word' id='word_1_329' title='bbox 206 4080 422 4145; x_wconf 86' lang='lat' dir='ltr'>emisso</span> <span class='ocrx_word' id='word_1_330' title='bbox 451 4101 520 4143; x_wconf 82' lang='lat' dir='ltr'>ex</span> <span class='ocrx_word' id='word_1_331' title='bbox 559 4079 831 4155; x_wconf 85' lang='lat' dir='ltr'>Inferno,</span> <span class='ocrx_word' id='word_1_332' title='bbox 883 4089 942 4142; x_wconf 89' lang='lat' dir='ltr'>et</span> <span class='ocrx_word' id='word_1_333' title='bbox 982 4078 1302 4147; x_wconf 78' lang='lat' dir='ltr'>Concilium</span> <span class='ocrx_word' id='word_1_334' title='bbox 1337 4079 1668 4146; x_wconf 83' lang='lat' dir='ltr'>Nicaenum</span> <span class='ocrx_word' id='word_1_335' title='bbox 1698 4079 1885 4144; x_wconf 80' lang='lat' dir='ltr'>Uxori</span> <span class='ocrx_word' id='word_1_336' title='bbox 1914 4077 2123 4145; x_wconf 85' lang='lat' dir='ltr'>Adami</span> <span class='ocrx_word' id='word_1_337' title='bbox 2154 4099 2305 4165; x_wconf 69' lang='lat' dir='ltr'>quoe</span> 
     </span>
     <span class='ocr_line' id='line_1_38' title="bbox 204 4180 2303 4270; baseline -0.002 -25"><span class='ocrx_word' id='word_1_338' title='bbox 204 4180 749 4270; x_wconf 74' lang='lat' dir='ltr'>porrexitfruetum</span> <span class='ocrx_word' id='word_1_339' title='bbox 793 4181 1008 4246; x_wconf 84' lang='lat' dir='ltr'>marito</span> <span class='ocrx_word' id='word_1_340' title='bbox 1034 4203 1141 4246; x_wconf 85' lang='lat' dir='ltr'>suo</span> <span class='ocrx_word' id='word_1_341' title='bbox 1169 4192 1225 4245; x_wconf 93' lang='lat' dir='ltr'>et</span> <span class='ocrx_word' id='word_1_342' title='bbox 1255 4180 1573 4268; x_wconf 79' lang='lat' dir='ltr'>persuasit,</span> <span class='ocrx_word' id='word_1_343' title='bbox 1627 4187 1754 4268; x_wconf 88' lang='lat' dir='ltr'>post</span> <span class='ocrx_word' id='word_1_344' title='bbox 1794 4180 1959 4265; x_wconf 82' lang='lat' dir='ltr'>cujus</span> <span class='ocrx_word' id='word_1_345' title='bbox 1999 4200 2159 4243; x_wconf 88' lang='lat' dir='ltr'>esum</span> <span class='ocrx_word' id='word_1_346' title='bbox 2202 4199 2303 4262; x_wconf 88' lang='lat' dir='ltr'>ap·</span> 
     </span>
     <span class='ocr_line' id='line_1_39' title="bbox 203 4278 2306 4369; baseline -0.005 -22"><span class='ocrx_word' id='word_1_347' title='bbox 203 4291 528 4369; x_wconf 83' lang='lat' dir='ltr'>paruerunt</span> <span class='ocrx_word' id='word_1_348' title='bbox 571 4282 679 4348; x_wconf 83' lang='lat' dir='ltr'>sibi</span> <span class='ocrx_word' id='word_1_349' title='bbox 726 4281 901 4357; x_wconf 87' lang='lat' dir='ltr'>nudi,</span> <span class='ocrx_word' id='word_1_350' title='bbox 971 4290 1029 4345; x_wconf 86' lang='lat' dir='ltr'>et</span> <span class='ocrx_word' id='word_1_351' title='bbox 1082 4291 1351 4349; x_wconf 82' lang='lat' dir='ltr'>texerunt</span> <span class='ocrx_word' id='word_1_352' title='bbox 1397 4281 1721 4345; x_wconf 85' lang='lat' dir='ltr'>nuditatem</span> <span class='ocrx_word' id='word_1_353' title='bbox 1776 4278 1929 4344; x_wconf 80' lang='lat' dir='ltr'>foliis</span> <span class='ocrx_word' id='word_1_354' title='bbox 1970 4278 2143 4350; x_wconf 78' lang='lat' dir='ltr'>ficus:</span> <span class='ocrx_word' id='word_1_355' title='bbox 2200 4293 2306 4361; x_wconf 88' lang='lat' dir='ltr'>per</span> 
     </span>
    </p>
   </div>
  </div>
 </body>
</html>
