2750 4775
932 343 1029 399 IX.
1110 341 1744 400 PAENITENTIA.
2308 356 2376 406 75

292 517 387 560 mo
430 517 552 560 non
598 495 835 561 aliunde
873 496 1189 561 ascendere
1230 496 1479 571 debeat,
1529 506 1615 562 est
1654 517 1728 562 ue
1768 496 1843 561 ad
1883 495 2074 562 Deum
2118 497 2379 574 Patrem,

282 596 424 686 quia
450 596 560 661 Ille
585 606 673 662 est
713 597 1036 672 invisibilis,
1070 607 1130 662 et
1167 597 1302 662 inde
1342 597 1759 664 inaccessibilis
1787 608 1845 662 et
1887 598 2381 685 inconjungibilis,

284 708 350 763 et
379 697 513 762 ideo
546 697 678 785 lpse
714 699 774 762 in
803 699 1095 766 Mundum
1134 699 1329 772 venit,
1380 707 1441 762 et
1478 719 1541 763 se
1582 696 1720 762 fecit
1761 697 2080 775 visibilem,
2132 702 2378 766 accessi-

284 798 502 875 bilem,
553 808 615 862 et
660 800 1147 887 conjungibilem,
1204 801 1361 886 quod
1408 797 1516 863 l'uit
1556 798 1727 864 unice
1774 809 2013 885 propter
2055 798 2262 877 finem,
2313 812 2378 865 ut

284 898 474 966 homo
520 909 715 987 posset
759 901 1007 971 salvari;
1057 923 1197 966 nam
1239 901 1346 966 nisi
1388 899 1549 965 Deus
1592 908 1655 964 ut
1698 898 1877 964 homo
1921 900 1982 963 in
2025 900 2378 987 cogitatione

286 1001 515 1076 aditur,
566 997 719 1090 perit
762 1002 949 1067 omnis
982 1002 1113 1066 idea
1152 1002 1226 1066 de
1250 1001 1417 1076 Deo,
1471 1001 1626 1066 cadit
1661 1001 1815 1065 sicut
1853 1001 2011 1065 visus
2049 1001 2109 1064 in
2147 1001 2383 1066 univer-

285 1124 454 1178 sum,
505 1103 586 1166 ita
613 1103 671 1165 in
703 1104 878 1168 inane
906 1103 1166 1178 nullum,
1220 1113 1322 1167 aut
1350 1104 1412 1166 in
1440 1113 1748 1178 naturam,
1798 1101 1987 1165 autin
2021 1102 2197 1166 obvia
2226 1102 2380 1167 intra

290 1212 585 1267 naturam.
646 1203 856 1284 ·Quod
899 1203 1030 1292 Ipse
1075 1203 1270 1280 Deus,
1340 1203 1461 1284 Qui
1506 1203 1582 1267 ab
1628 1213 1873 1267 aeterno
1914 1211 2002 1268 est
2055 1201 2256 1279 Unus,
2321 1204 2380 1265 in

280 1304 580 1372 Mundum
610 1307 873 1381 venerit,
926 1313 1086 1390 patet
1129 1306 1284 1370 clare
1331 1326 1367 1367 a
1409 1304 1715 1368 nativitate
1756 1303 1999 1368 Domini
2036 1302 2383 1379 salvatoris,

288 1406 450 1492 quud
492 1428 525 1469 a
568 1408 787 1472 virtute
828 1405 1105 1472 Altissimi
1149 1427 1252 1493 per
1289 1406 1572 1492 Spiritum
1604 1405 1889 1470 Sanctum
1930 1414 2247 1490 conceptus
2287 1405 2381 1480 sit,

288 1516 350 1571 et
379 1508 538 1593 quod
566 1508 700 1570 inde
729 1508 1073 1572 Humanum
1099 1507 1286 1594 Ipsius
1315 1528 1347 1570 a
1374 1507 1568 1571 Maria
1597 1506 1846 1592 Virgine
1870 1515 2071 1569 natum
2100 1507 2192 1582 sit,
2227 1504 2381 1568 unde

282 1609 586 1696 sequitur,
638 1609 796 1694 quod
822 1607 1035 1674 Anima
1064 1608 1252 1696 Ipsius
1280 1609 1454 1673 suerit
1483 1608 1681 1693 Ipsum
1710 1606 2029 1681 Divinum,
2081 1607 2239 1694 quod
2267 1607 2381 1671 Pa-

283 1701 389 1774 ἵετ’·
426 1719 707 1784 vocatur,
760 1720 844 1774 est
889 1710 1043 1776 enim
1097 1711 1262 1776 Deus
1308 1708 1678 1782 individuus,
1731 1717 1791 1772 et
1834 1707 1991 1793 quod
2033 1708 2378 1773 ¹Humanum

283 1810 423 1874 inde
466 1819 703 1886 natum,
754 1814 829 1875 sit
874 1811 1217 1876 Humanum
1274 1810 1386 1873 Dei
1428 1809 1653 1885 Patris,
1704 1808 1862 1895 quod
1912 1819 2160 1873 vocatur
2199 1808 2381 1874 Filius

274 1910 429 1986 Dei,
482 1911 622 1976 Luc.
669 1909 728 1976 l:
775 1903 1006 1980 3234.
1039 1916 1155 1976 35:
1206 1931 1280 1974 ex
1319 1911 1411 1975 his
1449 1911 1660 1976 iterum
1701 1910 1998 1998 sequitur,
2050 1910 2210 1997 quod
2239 1910 2376 1973 dum

285 2012 578 2076 Dominus
624 2012 784 2077 Deus
827 2011 1106 2077 Salvator
1154 2012 1383 2086 aditur,
1447 2011 1622 2074 etiam
1668 2011 1826 2076 Deus
1871 2011 2051 2075 Pater
2097 2010 2378 2081 aduentum

284 2134 476 2198 quare
523 2112 822 2198 respondit
863 2110 1136 2200 Philippo
1177 2111 1397 2199 petenti
1439 2121 1502 2175 ut
1542 2121 1895 2177 monstraret
1936 2110 2175 2192 Pati-otu
2216 2110 2387 2195 „Qui

289 2209 463 2277 videt
499 2210 643 2287 Me,
687 2211 859 2278 videt
899 2212 1149 2279 Patrem
1164 2257 1183 2287 ,
1228 2208 1545 2306 ‘quomodo
1585 2234 1727 2302 ergo
1769 2227 1832 2277 tu
1875 2210 2061 2289 dicis,
2113 2203 2382 2279 monstra

270 2311 474 2378 nobis
497 2311 750 2377 Patrem
767 2361 783 2389 ‚
836 2335 1032 2378 nonne
1057 2311 1254 2380 credis
1280 2310 1447 2407 quod
1467 2311 1605 2404 Ego
1631 2317 1694 2378 in
1725 2313 1946 2392 Patre,
1994 2329 2053 2380 et
2090 2314 2281 2381 Pater·
2316 2318 2382 2380 in

289 2413 407 2481 Me
431 2417 542 2489 sit,
593 2412 814 2478 credite
850 2412 1044 2490 Mihi,
1095 2413 1263 2508 quod
1296 2414 1435 2507 Ego
1472 2418 1536 2478 in
1572 2414 1792 2491 Patre,
1839 2430 1896 2480 et
1938 2417 2129 2483 Pater
2164 2419 2227 2481 in
2266 2417 2379 2484 Me

284 2519 431 2591 σίζ’·
481 2513 625 2579 Job.
668 2515 844 2580 XIV:
895 2521 930 2579 6
963 2516 1037 2581 ad
1069 2521 1165 2581 11.
1217 2517 1333 2583 Sed
1373 2519 1446 2581 de
1486 2516 1572 2581 his
1613 2515 1926 2582 videantur
1963 2517 2131 2606 plura
2173 2519 2230 2580 in
2265 2517 2379 2583 Ca-
2469 2560 2480 2569 ·

283 2617 512 2705 pitibus
539 2616 612 2680 de
642 2616 805 2692 Deo,
854 2616 1148 2694 Domino,
1197 2618 1419 2705 Spiritu
1449 2615 1698 2693 Sancto,
1752 2627 1810 2681 et
1837 2617 1911 2683 de
1935 2618 2246 2684 Trinitate.

441 2719 589 2782 539.
661 2718 812 2781 Sunt
857 2718 976 2783 duo
1018 2717 1271 2795 Debita,
1324 2740 1477 2806 quae
1521 2718 1742 2783 bomini
1787 2719 2136 2785 incumbunt
2179 2720 2376 2784 facere

286 2828 420 2908 post
469 2818 967 2906 explorationem,
1033 2819 1396 2908 supplicatio
1440 2830 1501 2886 et
1551 2819 1873 2897 Confessio.
1960 2820 2377 2888 Summum-10

281 2921 436 2995 erit,
488 2930 555 2984 ut
581 2920 961 2996 misereatur,
1014 2921 1114 2985 det
1159 2924 1481 3008 potentiam
1519 2921 1827 2986 resistendi
1869 2922 2066 2994 malis,
2120 2943 2373 3008 quorum

280 3022 609 3107 paenituit,
662 3031 721 3084 et
759 3018 1570 3111 suppeditethluclination‘em
1613 3033 1672 3085 et
1716 3020 2083 3089 affectionem
2127 3021 2377 3088 faciendi

285 3123 514 3187 bonum
532 3171 548 3198 ‚
621 3122 921 3205 Quoniam
962 3120 1141 3188 homo
1182 3127 1315 3189 sine
1356 3125 1510 3216 Ipso
1547 3147 1670 3188 non
1718 3138 1920 3217 potest
1951 3120 2176 3212 facere
2217 3127 2381 3213 quic-—

280 3247 502 3314 quam,
545 3222 685 3288 Joh.
711 3224 855 3289 XV:
901 3227 959 3287 ὅ.
1032 3224 1372 3290 Conrsssslo
1401 3226 1546 3302 erit,
1591 3225 1748 3311 quod
1776 3226 2006 3302 videat,
2057 3233 2379 3310 cognoscat

281 3333 348 3387 et
388 3333 675 3410 agnoscat
710 3346 815 3390 sua
845 3326 1030 3399 mala,
1070 3333 1130 3388 et
1160 3324 1564 3410 deprehendat
1588 3347 1652 3390 se
1680 3327 1958 3390 miserum
1986 3334 2372 3413 peccatorem.

281 3424 504 3489 Coram
533 3425 792 3493 Domino
830 3448 950 3491 non
991 3447 1141 3512 opus
1182 3435 1269 3491 est
1301 3426 1765 3493 Enumeratioue
1807 3437 2215 3516 peccatorum,
2268 3447 2377 3490 noc

278 3526 612 3613 supplicare
640 3527 711 3590 de
745 3526 1114 3595 Remissione
1143 3527 1408 3600 illorum;
1460 3526 1619 3615 quod
1661 3548 1781 3597 non
1823 3548 1971 3616 opus
2005 3528 2088 3599 sit„
2117 3526 2377 3593 Enume-

279 3626 517 3691 ratioue
546 3638 958 3713 peccatorum,
1009 3638 1096 3692 est
1123 3648 1332 3706 causa,
1387 3627 1524 3716 quia
1550 3627 1652 3691 illa
1690 3628 1846 3716 apud
1872 3650 1934 3696 se
1962 3628 2288 3717 exploravit
2316 3639 2376 3694 et

280 3726 450 3803 vidit,
490 3737 548 3792 et
575 3729 709 3792 inde
738 3728 835 3793 illa
866 3728 1019 3816 apud
1051 3728 1368 3793 Dominum
1398 3729 1726 3816 praesentia
1762 3739 1899 3794 sunt
1930 3731 2066 3816 quia
2098 3729 2254 3818 apud
2280 3752 2374 3800 se;
2491 3772 2504 3789 .

276 3826 581 3895 Dominus
606 3831 785 3894 etiam
816 3830 875 3893 in
902 3828 1327 3916 Exploratione
1355 3828 1516 3892 duxit
1542 3829 1736 3906 illum,
1789 3839 1848 3894 et
1877 3832 2106 3917 aperuit
2146 3833 2242 3896 illa
2261 3878 2278 3906 ,
2316 3838 2376 3895 et

275 3929 592 4015 inspiravit
620 3949 989 4007 maerorem,
1040 3938 1102 3995 et
1146 3949 1265 3994 uua
1309 3949 1446 3994 cum
1481 3928 1598 3995 hoc
1639 3941 1919 3998 conatum
1959 3930 2271 3998 desistendi
2297 3931 2377 3995 ab

277 4028 435 4108 illis,
484 4040 547 4097 et
582 4031 898 4097 inchoandi
934 4052 1155 4098 novam
1195 4029 1398 4098 vitam.
1479 4031 1656 4113 Quod
1697 4054 1899 4099 coram
1940 4032 2198 4109 Domino
2240 4052 2379 4115 sup-

280 4129 524 4220 plicatio
552 4133 626 4199 de
654 4132 1027 4200 Remissione
1052 4141 1435 4219 peccatorum
1458 4154 1580 4199 non
1617 4130 1748 4198 fiori
1791 4133 2037 4209 debeat,
2086 4141 2222 4197 sunt
2260 4128 2376 4193 hae

280 4250 530 4301 causae:
606 4233 845 4310 Prima,
894 4232 1033 4322 quia
1076 4241 1321 4321 peecata
1357 4252 1480 4301 non
1524 4233 1874 4310 abolentur,
1924 4232 2025 4298 sed
2065 4247 2377 4297 removen-
