2750 4775
548 373 705 431 xlv.
788 376 1468 434 CONSUMMATto
1511 378 1895 433 SAEcUm
1960 381 2123 435 E'rc.
2282 394 2391 444 293
2477 457 2483 462 ,

266 529 767 596 circumcinctum
833 538 1150 618 appareat;
1232 537 1292 593 et
1360 529 1690 594 obscuritas
1758 532 1887 615 eius
1936 531 2233 601 inducitur
2287 557 2394 626 per

263 632 508 699 Nubes.
1944 644 1953 648 “

441 735 588 798 ἾΠ.
665 731 840 813 Quod
883 731 1173 800 Dominus
1212 731 1286 795 sit
1326 730 1626 806 Verbum,
1698 730 2005 797 manifeste
2051 745 2282 801 constat
2322 758 2394 803 ex

263 832 368 898 his
398 834 558 919 apud
600 832 938 896 Johannem
978 833 1099 909 „In
1135 835 1439 925 principio
1481 845 1610 895 erat
1661 832 1964 907 Verbum,
2017 847 2075 898 et
2122 834 2393 904 Verbum

263 948 414 999 emt
460 932 635 1026 apud
670 932 900 1009 Deum,
952 947 1012 998 et
1052 933 1223 998 Deus
1266 946 1397 999 erat
1446 932 1754 1007 Verbum,
1819 946 1876 997 et
1925 934 2199 1002 Verbum
2241 936 2397 1005 Caro

235 1030 513 1124 fictum
561 1043 710 1108 εσυ*
762 1032 905 1120 Cap.
951 1033 1015 1096 1:
1066 1038 1118 1099 1.
1166 1036 1260 1098 14.
1328 1034 1503 1114 Quod
1549 1032 1812 1096 Verbum
1860 1034 1938 1096 ibi
1987 1035 2061 1100 sit
2110 1035 2395 1102 Divinum

259 1135 536 1209 Verum,
592 1144 677 1198 est
724 1135 860 1222 quia
889 1134 1170 1199 Divinum
1201 1134 1424 1198 Verum
1457 1132 1804 1197 Christianis
1841 1156 1962 1197 non
2006 1134 2245 1201 aliunde
2290 1147 2396 1214 est,

264 1256 462 1323 quam
492 1256 563 1299 ex
592 1234 820 1309 Verbo,
857 1235 1018 1321 quod
1046 1244 1132 1299 est
1162 1236 1348 1309 Fons,
1391 1257 1424 1298 a
1457 1256 1573 1319 quo
1601 1256 1807 1299 omnes
1836 1234 2130 1301 Ecclesiae
2160 1258 2193 1301 a
2223 1236 2396 1303 Chri-

262 1344 373 1401 sto
404 1335 745 1410 nominatae
772 1356 956 1423 aquas
978 1335 1151 1400 vivas
1179 1335 1458 1400 hauriunt
1489 1335 1557 1397 in·
1578 1356 1682 1399 sua
1718 1336 2108 1420 plenitudine,
2165 1341 2394 1405 tametsi

262 1438 433 1509 sieut
462 1437 520 1500 in
552 1437 740 1510 nube,
793 1438 852 1500 in
881 1458 1000 1523 qua
1026 1435 1244 1501 Sensus
1272 1435 1398 1520 ejus
1427 1437 1861 1509 naturalisest,
1912 1446 2000 1501 ast
2027 1436 2087 1499 in
2119 1437 2307 1523 gloria
2333 1451 2394 1504 et

267 1538 505 1602 virtute
534 1537 594 1599 in
624 1559 738 1623 qua
767 1537 986 1602 Sensus
1029 1536 1347 1622 spiritualis
1386 1546 1444 1599 et
1485 1537 1752 1601 caelestis
1795 1537 1920 1618 ejus
1960 1544 2076 1610 est;
2131 1538 2289 1625 quod
2331 1541 2393 1603 in

264 1638 486 1705 Verbo
512 1637 779 1701 sint-tres
804 1637 1045 1712 Sensus,
1083 1638 1410 1713 Naturalis,
1449 1637 1783 1724 spiritualis
1811 1648 1868 1700 et
1899 1637 2199 1713 Caelestis,
2243 1661 2395 1706 unus

269 1739 530 1802 interior
566 1737 789 1812 altero,
843 1740 900 1801 in
942 1736 1150 1824 Capite
1195 1738 1266 1802 de
1305 1738 1662 1803 Scumrmu
1690 1755 1933 1813 ‘sacam
1984 1746 2044 1800 et
2080 1738 2140 1801 in
2187 1738 2391 1827 Capito

272 1840 351 1903 de
383 1837 728 1904 Decsmeo
753 1861 855 1902 seu
888 1838 1328 1914 Cuncmsmo,
1353 1871 1360 1876 ·
1384 1846 1679 1904 ostensum
1708 1848 1824 1909 est;
1880 1839 2013 1902 inde
2043 1847 2204 1924 patet
2232 1842 2390 1927 quod

271 1962 387 2028 per
427 1940 701 2014 -Verbum
756 1940 910 2025 apud
974 1938 1311 2004 Johannem
1379 1939 1742 2024 intelligatur
1798 1938 2081 2003 Divinum
2136 1940 2390 2016 Verum;

269 2040 434 2105 idem
482 2040 661 2103 etiam
708 2040 902 2104 adhue
949 2038 1552 2104 testatur-,lohannes
1600 2041 1657 2102 in
1709 2060 1814 2103 sua
1871 2040 2070 2104 Prima
2126 2039 2390 2128 Epistola

272 2138 554 2219 „Scimus
597 2139 768 2233 quod
804 2139 1009 2205 Filius
1050 2140 1171 2214 Dei
1179 2142 1458 2215 men-erit,
1514 2153 1571 2204 et
1623 2137 1850 2205 dederit
1890 2141 2063 2206 nobis
2106 2160 2393 2207 INTELLE-

274 2262 485 2314 cruu,
542 2255 604 2305 ut
631 2265 1065 2331 cognoscamus
1110 2241 1379 2316 venum,
1432 2254 1489 2305 et
1515 2265 1726 2305 sumus
1765 2244 1825 2303 in
1860 2241 2072 2317 veno,
2125 2244 2188 2306 in
2226 2239 2394 2309 Filio

273 2343 491 2434 Ipsius
530 2342 684 2407 Jesu
726 2340 1026 2421 Christo,“
1078 2341 1219 2430 Cap.
1268 2342 1356 2407 V:
1400 2344 1500 2406 20.
1584 2341 1658 2406 Et
1701 2341 1835 2406 ideo
1882 2342 2174 2408 Dominus
2218 2342 2393 2411 toties

255 2443 428 2506 -dixit
456 2441 642 2506 Aul-:N
677 2442 815 2508 dico
840 2443 1053 2518 vobis,
1093 2452 1166 2505 ,et
1209 2442 1399 2507 Amen
1436 2442 1497 2506 in
1537 2444 1767 2528 Lingua
1796 2443 2079 2508 Hebraea
2106 2453 2197 2509 est
2223 2445 2393 2514 Veri-

280 2552 409 2616 tas,
461 2552 519 2602 et
549 2543 702 2627 quod
732 2543 861 2631 Ipse
897 2546 970 2609 sit
1000 2543 1219 2619 AMEN,
1278 2544 1548 2609 videatur
1586 2543 1769 2632 Apoc.
1817 2542 1939 2607 111:
1993 2548 2106 2623 14,
2160 2567 2229 2611 ac
2269 2546 2393 2613 VE-

283 2661 516 2716 mTAss
551 2642 688 2704 Joh.
731 2644 902 2710 XIV:
960 2649 1014 2706 6.
1115 2645 1272 2711 Dum
1312 2645 1489 2708 etiam
1537 2644 1925 2709 consuluntur
1979 2646 2210 2710 Eruditi
2249 2646 2394 2711 Sae-

276 2742 404 2808 culi’
438 2739 639 2817 huius,
692 2746 832 2830 quid
875 2767 980 2832 per
1005 2746 1268 2811 Verbum
1310 2744 1464 2831 apud
1494 2744 1864 2821 Johannem,
1910 2746 2052 2834 Cap.
2093 2747 2153 2809 l:
2201 2750 2260 2820 1,
2302 2747 2391 2809 in·

270 2843 580 2926 telligant,
648 2846 849 2909 dicunt
905 2845 1063 2932 quod
1104 2845 1370 2912 Verbum
1430 2847 1488 2910 in
1540 2845 2072 2933 supereminentia,
2137 2854 2195 2907 et
2252 2844 2393 2929 quid

241 2945 438 3017 ‚aliud
480 2945 745 3008 verbum
792 2948 851 3008 in
892 2947 1391 3032 supereminentia
1431 2967 1608 3032 quam
1653 2945 1935 3009 Divinum
1977 2943 2218 3010 Verum.
2302 2943 2394 3007 Ex

269 3044 372 3109 his
397 3054 593 3132 patet,
649 3047 807 3130 quod
837 3046 1126 3111 Dominus
1151 3050 1328 3111 etiam
1361 3069 1518 3110 nunc
1545 3047 1923 3131 appariturus
1958 3042 2049 3107 sit
2070 3041 2127 3104 in
2154 3041 2390 3114 Verbo;

271 3147 590 3231 quodnon
619 3148 677 3211 in
709 3147 1007 3224 Persona,
1062 3158 1148 3212 est
1183 3169 1358 3213 causa
1403 3148 1537 3232 quia
1583 3155 1711 3230 post
1752 3163 2055 3208 ascensum
2101 3140 2288 3227 Ipsius
2330 3142 2392 3205 in

269 3246 542 3321 Caelum,
596 3248 766 3310 est'in
801 3248 1082 3335 Humano
1115 3248 1466 3334 glorificato,
1521 3254 1581 3309 et
1609 3246 1665 3306 in
1697 3244 1810 3307 hoc
1840 3264 1959 3306 non
1988 3235 2393 3331 potestappa·

268 3367 410 3410 rere
442 3346 541 3409 ulti
571 3346 831 3423 homini,
885 3351 989 3411 nisi
1019 3350 1178 3435 ,prius
1207 3348 1435 3434 aperiat
1466 3344 1670 3407 oculos
1698 3344 1953 3431 Spiritus
1992 3345 2146 3428 ejus,
2201 3352 2257 3406 et
2298 3341 2395 3407 hic

270 3468 396 3509 non
427 3457 617 3532 potest
648 3448 863 3532 aperiri
890 3449 1047 3534 apud
1090 3448 1304 3521 ullum,
1361 3446 1461 3532 qui
1505 3446 1563 3507 in
1606 3445 1771 3508 malis
1813 3455 1869 3507 et
1914 3444 2048 3507 inde
2087 3443 2247 3507 falsis
2286 3451 2393 3520 est,

270 3550 358 3610 ita
407 3567 526 3609 non
570 3548 726 3635 apud
774 3548 926 3612 ullos
972 3546 1202 3624 hircos,
1267 3568 1417 3634 quos
1463 3545 1664 3608 statuit
1707 3546 1781 3608 ad
1819 3545 2152 3618 sinistrum;
2207 3566 2393 3631 quare

270 3669 413 3713 cum
471 3648 868 3713 manifestavit
916 3667 978 3712 se
1028 3647 1356 3736 discipulis,
1412 3647 1572 3733 prius
1620 3648 1849 3733 aperuit
1897 3647 2100 3729 oculos
2138 3647 2398 3721 illorum,

268 3768 413 3811 nam
445 3745 661 3831 leg-itur
705 3750 829 3824 „Et
859 3748 1100 3821 illorum
1127 3752 1322 3841 aperti
1348 3761 1489 3812 sunt
1517 3744 1707 3820 oculi,
1761 3762 1815 3812 et
1848 3762 2251 3837 cognoverunt
2287 3746 2396 3838 Ip-

223 3872 228 3877 ·
265 3873 429 3925 sum,
475 3862 537 3912 at
567 3849 711 3941 Ipse
740 3847 1059 3914 invisibilis
1076 3845 1302 3937 factus
1336 3861 1429 3911 est
1459 3847 1537 3912 ab
1576 3845 1768 3923 illis-,⁴⁶
1825 3848 1963 3912 Luc.
2009 3847 2245 3913 XXIV:
2292 3849 2392 3908 31.

270 3949 482 4013 Simile
510 3946 731 4032 factum
762 3960 847 4014 est
877 3972 1009 4013 cum
1042 3949 1392 4016 Mulieribus
1424 3947 1587 4032 juxta
1614 3947 2002 4036 Sepulchrum
2036 3958 2164 4034 post
2207 3966 2400 4009 resur·

221 4064 226 4069 “
268 4048 639 4125 rectionem,
703 4068 891 4136 qnare
947 4052 1124 4115 etiam
1171 4060 1312 4114 tunc
1358 4047 1631 4114 viderunt
1677 4048 1936 4135 Angelos
1983 4047 2041 4109 in
2087 4044 2397 4134 sepulchro

268 4150 584 4226 sedentes,
637 4161 696 4214 et
729 4151 1038 4237 loquentes
1087 4173 1219 4214 cum
1262 4150 1403 4223 illis,
1460 4170 1608 4233 quos
1649 4170 1760 4215 nec
1803 4145 1956 4211 ullus
1994 4145 2173 4210 homo
2216 4152 2401 4207 mate·

266 4251 402 4318 riali
435 4251 613 4321 oculo
643 4251 847 4319 videre
874 4261 1087 4343 potest.
1173 4249 1350 4332 Quod
1381 4269 1489 4314 nec
1525 4246 1794 4337 Apostoli
1818 4254 1970 4327 *ante
2015 4241 2398 4319 resurrectio-
