2750 4775
477 364 592 415 268
725 352 1186 409 UNIVEBSA
1229 354 1771 410 TuEQLOGu.
1810 355 1879 406 N.
1922 356 1988 408 C.
2026 354 2132 407 ΕΤ
2170 356 2237 408 Π.
2276 356 2339 407 Ε.

474 515 767 593 angeatur
789 506 853 569 in
882 517 1210 572 aeternnm.
1292 508 1407 574 His
1444 509 1662 573 auditis
1686 507 1955 595 Angelus
1990 507 2251 573 cohortis
2277 506 2411 570 dixit
2433 506 2543 584 illis,

474 608 762 695 Princeps
786 618 991 672 noster
1014 608 1090 673 ad
1119 630 1381 675 mensam
1409 611 1690 697 loquutus
1716 620 1804 674 est
1830 630 1967 673 cum
2008 609 2119 674 illis
2158 609 2235 673 de
2260 609 2549 694 sapientiae

471 707 644 783 sede,
696 708 856 794 qnod
895 709 970 771 sit
1012 710 1072 772 in
1115 732 1253 784 usu,
1310 710 1668 797 loquamini,
1719 709 1768 775 si
1810 710 2034 795 placet,
2088 732 2226 773 cum
2264 709 2550 773 illisetiam

474 808 547 872 de
571 830 679 885 ‚cot
720 819 780 872 et
806 808 1110 885 dixerunt,
1151 808 1332 873 homo
1360 811 1615 899 primum
1644 819 1909 885 creatus,
1950 811 2217 875 imbutus
2241 819 2330 873 est
2351 810 2552 894 sapien-

473 909 556 973 tia
584 917 644 973 et
669 909 797 993 ejus
821 930 1058 986 amore,
1109 931 1227 975 non
1261 921 1507 999 propter
1542 932 1639 986 se,
1689 912 1797 976 sed
1832 921 2075 998 propter
2102 909 2556 976 communicatio·

474 1031 611 1074 nem
641 1010 768 1095 ejus
806 1030 944 1073 cum
970 1010 1099 1075 aliis
1122 1031 1156 1074 a
1181 1032 1278 1076 se:
1329 1011 1467 1074 inde
1508 1012 1832 1099 sapientiae
1868 1012 2205 1097 sapientum
2246 1010 2553 1096 inscriptum

473 1120 597 1185 est,
651 1120 714 1171 ut
742 1130 863 1173 non
891 1112 1202 1197 quisquam
1240 1113 1349 1176 sibi
1388 1111 1499 1176 soli
1536 1113 1730 1198 sapiat
1765 1122 1826 1175 et
1866 1113 2030 1176 vivat
2066 1113 2178 1177 nisi
2210 1111 2387 1175 simul
2422 1110 2553 1181 aliis;

473 1210 611 1274 inde
637 1208 940 1286 Societas,
992 1233 1146 1297 quae
1187 1211 1451 1300 alioquin
1498 1234 1620 1276 non
1656 1212 1850 1285 suren
1906 1212 2109 1276 vivere
2160 1213 2289 1276 aliis
2323 1220 2407 1275 est
2443 1231 2555 1276 usus

473 1310 703 1383 facere3
758 1332 894 1375 usus
934 1322 1070 1375 suut
1115 1313 1350 1377 vincula
1388 1314 1548 1398 ejus,
1596 1333 1756 1399 quae
1796 1313 2044 1377 totidem
2081 1322 2227 1377 sunt
2267 1323 2409 1400 quot
2444 1330 2554 1375 usus

476 1410 653 1487 boni,
707 1431 777 1475 ac
817 1432 954 1475 usus
995 1421 1132 1476 sunt
1168 1434 1419 1477 numero
1465 1411 1705 1488 infiniti;
1757 1424 1895 1478 sunt
1936 1435 2075 1479 usus
2111 1411 2444 1500 spirituales
2476 1408 2556 1496 qui

473 1520 613 1576 sunt
656 1512 878 1575 amoris
915 1513 974 1576 in
1016 1513 1244 1589 Deum,
1309 1523 1370 1578 et
1407 1514 1628 1579 amoris
1666 1534 1809 1599 erga
1852 1514 2224 1601 proximum
2277 1522 2409 1577 sunt
2448 1529 2556 1574 usus

477 1612 734 1676 morales
755 1621 816 1675 et
843 1611 1075 1689 civiles,
1130 1613 1391 1699 quisunt
1420 1615 1641 1679 amoris
1665 1614 1963 1679 societatis
2000 1625 2060 1679 et
2100 1614 2360 1680 civitatis
2383 1614 2439 1676 in
2464 1630 2555 1695 qua

473 1710 654 1776 homo
682 1721 799 1788 est,
855 1731 925 1775 ae
949 1715 1245 1778 sociorum
1289 1724 1352 1778 et
1394 1716 1611 1778 civium
1658 1737 1791 1777 cum
1835 1713 2050 1799 quibus
2086 1725 2217 1787 est;
2271 1723 2405 1779 sunt
2445 1731 2555 1776 usus

476 1811 812 1888 naturales,
851 1813 1116 1898 quisunt
1143 1815 1361 1879 amoris
1392 1816 1594 1878 mundi
1623 1824 1681 1879 et
1709 1816 1836 1900 ejus
1863 1815 2317 1885 necessitatum;
2369 1823 2423 1877 et
2444 1817 2554 1877 sunt

475 1933 614 1976 usus
643 1913 945 2001 corporei,
997 1914 1259 2000 quisunt
1299 1915 1519 1980 amoris
1560 1915 2028 1980 conservationis
2071 1917 2164 1980 sui
2213 1925 2448 2001 propter
2479 1932 2555 1976 sa-

477 2013 740 2100 periotes
768 2034 922 2077 usus.
987 2014 1214 2079 Omnes
1240 2014 1298 2078 hi
1329 2037 1468 2080 usus
1492 2016 1754 2101 inscripti
1782 2025 1919 2079 sunt
1945 2014 2173 2078 homini
2194 2064 2212 2092 ,
2254 2024 2317 2079 et
2338 2031 2556 2100 sequun-

476 2120 576 2175 tur
615 2112 674 2174 in
716 2113 956 2187 ordine,
1010 2135 1162 2178 unus
1207 2125 1337 2202 post
1381 2116 1666 2191 alterum,
1722 2125 1782 2179 et
1823 2138 1954 2178 cum
1999 2116 2177 2180 simul
2217 2126 2383 2190 sunt,
2434 2130 2555 2176 unus

476 2220 567 2276 est
592 2212 653 2274 in
682 2212 902 2278 altero:
944 2212 1026 2275 illi
1052 2215 1152 2299 qui
1181 2216 1240 2277 in
1270 2215 1470 2301 primis
1500 2217 1699 2281 usibus
1726 2225 1861 2281 sunt
1880 2265 1897 2292 ,
1939 2217 2042 2302 qui
2068 2228 2209 2280 suut
2239 2211 2555 2304 spirituales,

473 2311 654 2376 etiam
679 2312 739 2375 in
767 2314 1151 2400 sequentibus
1177 2325 1344 2392 suut,
1399 2325 1460 2379 et
1488 2316 1545 2379 hi
1573 2318 2066 2405 suntsapientes3
2115 2316 2201 2381 illi
2244 2326 2434 2381 autem
2474 2310 2551 2399 qui

473 2431 595 2474 non
635 2413 695 2474 in
738 2412 969 2499 primis,
1023 2424 1083 2479 et
1119 2438 1306 2504 usque
1347 2418 1405 2480 in
1444 2418 1715 2482 secundis
1761 2429 1821 2481 et
1853 2418 1990 2480 inde
2016 2420 2402 2504 sequentibus
2425 2422 2552 2486 sunt,

472 2531 593 2573 non
620 2511 704 2576 ita
729 2512 1023 2600 sapientes
1047 2526 1217 2593 sunt,
1271 2518 1374 2582 sed
1402 2519 1590 2582 solum
1622 2541 1692 2582 ex
1728 2518 2062 2582 moralitate
2088 2527 2148 2580 et
2178 2518 2455 2586 civilitate
2477 2532 2552 2577 ex·

472 2619 643 2676 terna
692 2623 981 2698 apparent
1021 2616 1174 2680 sicut
1222 2618 1369 2688 sint;
1425 2619 1505 2682 illi
1551 2619 1649 2706 qui
1694 2641 1813 2682 non
1855 2619 1914 2681 in
1962 2620 2165 2705 primis
2210 2629 2272 2682 et
2316 2610 2552 2682 secundis

471 2723 644 2788 sunt,
684 2715 785 2777 sed
817 2713 875 2776 in
904 2717 1092 2782 tertiis
1117 2727 1177 2781 et
1203 2719 1458 2805 quartis,
1506 2717 1645 2785 nihil
1676 2720 1866 2782 minus
1898 2740 2077 2805 quam
2106 2716 2407 2806 sapientes
2428 2720 2550 2787 sunt,

472 2832 612 2876 nam
643 2822 781 2881 sunt
807 2826 1079 2893 satanae,
1137 2827 1337 2882 amant
1365 2820 1520 2881 enim
1551 2817 1741 2882 solum
1769 2820 2052 2882 mundum
2071 2867 2088 2895 ‚
2138 2829 2202 2882 et
2224 2842 2291 2885 se
2320 2840 2389 2882 ex
2414 2832 2552 2879 mun·

471 2913 581 2989 do;
635 2924 697 2980 at
722 2916 802 2979 illi
833 2917 930 3004 qui
961 2917 1137 2981 modo
1163 2918 1224 2980 in
1253 2920 1480 3002 quartis
1506 2928 1676 2995 sunt,
1723 2920 1985 2983 omnium
2024 2918 2273 2983 minime
2295 2917 2550 3006 sapientes

468 3024 639 3092 sunt,
689 3026 825 3081 sunt
853 3020 1006 3081 enim
1035 3018 1287 3093 diaboli,
1333 3022 1470 3105 quia
1510 3019 1621 3083 sibi
1648 3019 1787 3083 solis
1812 3022 2053 3096 vivunt,
2106 3030 2166 3083 et
2206 3022 2258 3084 si
2286 3020 2441 3094 aliis,
2480 3018 2552 3076 esi

471 3116 646 3179 unice
672 3127 914 3206 propter
953 3140 1032 3182 se.
1110 3117 1435 3183 Praeterea
1472 3120 1659 3185 cuivis
1700 3122 1888 3184 amori
1929 3130 2015 3186 est
2041 3141 2213 3187 suum
2242 3117 2549 3207 jucundum,

473 3214 622 3280 vivit
651 3216 806 3282 enim
838 3239 1008 3282 amor
1043 3218 1149 3304 'per
1187 3219 1333 3296 hoc,
1381 3241 1452 3283 ac
1491 3218 1812 3303 jucundum
1856 3220 2076 3286 amoris
2114 3242 2327 3285 usuum
2367 3226 2447 3283 est
2480 3216 2551 3302 jn·

471 3317 733 3381 cundum
762 3318 1044 3395 caeleste,
1098 3319 1257 3405 quod
1284 3321 1591 3407 sequentia
1621 3320 1877 3407 jucunda
1907 3321 2112 3387 ordine
2139 3319 2354 3396 intrat,
2405 3325 2459 3383 et
2480 3333 2550 3379 se·

420 3502 428 3509 ⁹
471 3417 728 3482 cundum
758 3419 1024 3484 ordinem
1052 3420 1436 3486 successionis
1462 3421 1684 3487 exaltat
1712 3421 1844 3497 illa,
1880 3444 1953 3485 ac
1980 3431 2247 3486 aeternat
2273 3422 2407 3486 illa·
2441 3419 2548 3505 pos!

468 3514 618 3581 haec
662 3529 1165 3585 enumeraverunt
1208 3520 1458 3586 Delitias
1503 3523 1784 3589 caelestes
1824 3521 2211 3610 procedentes
2261 3543 2332 3585 ex
2375 3531 2546 3584 amore

470 3636 644 3691 usus,
698 3627 757 3681 et
792 3617 1065 3684 dixerunt
1108 3620 1264 3707 quod
1310 3622 1425 3685 sint
1465 3622 1764 3713 myriades
1796 3622 2166 3713 myriadum,
2218 3632 2276 3685 et
2325 3618 2469 3709 quod
2499 3614 2543 3676 in

469 3713 599 3778 illas
637 3714 859 3780 intrent
900 3720 998 3805 qui
1037 3720 1097 3782 in
1124 3719 1402 3784 Caelum.
1456 3732 1515 3788 et
1559 3744 1739 3812 porro
1779 3722 1851 3786 de
1891 3744 2097 3787 amore
2135 3743 2276 3789 usus
2312 3743 2411 3810 per
2442 3734 2543 3782 ser·

466 3833 674 3879 mones
722 3816 1043 3903 sapientiae
1087 3828 1507 3906 protraxerunt
1554 3823 1739 3907 diem⁶
1768 3844 1902 3888 cum
1948 3823 2060 3887 illis
2108 3843 2293 3910 usque
2351 3820 2420 3887 ad
2461 3834 2539 3882 ve·

466 3933 718 3999 speram.

619 4014 737 4079 Sed
782 4014 937 4082 circa
967 4038 1275 4107 vesperam
1319 4022 1480 4086 venit
1520 4044 1729 4090 cursor
1755 4026 2006 4091 amictus
2033 4024 2219 4087 linteo
2258 4022 2330 4088 ad
2368 4018 2536 4084 decem

465 4112 729 4182 advenas
756 4118 1001 4185 comites
1025 4116 1269 4206 Angeli,
1320 4142 1392 4186 ac
1417 4123 1695 4189 invitavit
1737 4126 1871 4191 illos
1910 4125 1982 4190 ad
2010 4122 2267 4214 Nuptias
2291 4122 2534 4208 sequente

466 4211 562 4278 die
608 4215 1025 4294 celebrandas,
1073 4228 1137 4284 et
1184 4219 1451 4287 advenae
1503 4211 1673 4290 valde
1726 4225 1932 4290 laetati
1976 4234 2145 4303 sunt,
2197 4222 2379 4313 quod
2391 4217 2531 4284 etiam
