2750 4775
455 344 560 392 11⁸2
690 330 1149 385 UNIVERSA
1203 328 1739 385 THEOLOGM
1778 330 1847 387 N.
1889 329 1953 382 C.
1997 329 2104 382 ΕΤ
2146 329 2213 382 Ν.
2253 327 2318 381 Ε.

451 495 574 560 est,
623 492 685 548 et
707 484 768 548 in
793 480 1132 573 Appendice
1159 483 1586 571 ostendendum
1613 493 1734 559 est,
1786 483 1944 571 quod
1973 434 2152 549 rides
2185 480 2286 546 illa
2330 502 2445 546 non
2467 481 2533 546 sit
2653 496 2660 505 “

453 585 818 662 Christiana,
857 584 994 672 quia
1024 584 1260 650 dissidet
1289 608 1322 649 a
1350 585 1585 660 Verbo,
1628 595 1687 648 et
1715 585 1875 672 quod
1904 584 2211 671 imputatio
2239 583 2392 649 illius
2417 581 2535 649 fidei

452 687 527 752 sit
572 708 758 763 vana,
812 687 947 772 quia
977 687 1250 755 meritum
1280 686 1496 752 Christi
1525 707 1646 751 non
1674 695 1760 752 est
1787 686 2147 772 imputabile.
2487 682 2492 691 '

504 912 687 999 Quod
735 860 1099 1006 Imputatio;
1153 936 1310 1008 quae
1360 929 1453 981 est
1481 913 1831 980 'hodiernae
1862 912 2039 1003 fidei
2050 962 2065 990 ‚
2128 919 2208 979 sit
2252 913 2499 1006 duplet,

754 1039 880 1080 una
919 1015 1133 1081 Mariti
1170 1014 1396 1081 Christi
1407 1066 1422 1092 ,
1474 1030 1533 1081 et
1574 1012 1770 1080 altera
1811 1011 2048 1081 Salutis
2089 1014 2248 1081 inde.

605 1196 750 1257 628.
811 1190 877 1254 In
907 1192 1181 1256 universa
1212 1191 1469 1257 Ecclesia
1500 1190 1830 1256 Christiana
1861 1191 2146 1268 traditur,
2204 1193 2368 1279 quod
2393 1192 2541 1280 justi-

446 1294 649 1360 ficatio
687 1302 746 1356 et
788 1292 925 1356 inde
961 1292 1214 1358 salvatio
1255 1291 1357 1357 fiat
1384 1315 1419 1356 a
1451 1293 1579 1356 Deo
1606 1291 1786 1357 Patre
1814 1313 1920 1378 per
1955 1291 2404 1381 imputationem
2437 1315 2542 1356 me-

451 1397 548 1460 riti
573 1393 791 1460 Christi
818 1394 949 1460 Filii
977 1395 1099 1472 sui,
1149 1405 1211 1459 et
1245 1394 1405 1481 quod
1447 1393 1755 1482 imputatio
1799 1392 1902 1458 fiat
1941 1415 2016 1457 ex
2057 1394 2249 1481 gratia
2288 1415 2541 1472 ommno

448 1517 526 1562 ΕΤ
563 1517 670 1562 um
717 1517 912 1571 vum,
964 1496 1047 1562 ita
1092 1517 1164 1559 ex
1209 1496 1487 1570 arbitrio,
1541 1503 1602 1558 et
1648 1495 1805 1581 quod
1851 1494 1965 1572 illi,
2019 1495 2234 1582 quibus
2277 1486 2541 1560 meritum

451 1596 666 1667 Christi
704 1597 1059 1684 imputatur,
1131 1597 1489 1686 adoptentur
1527 1597 1587 1683 in
1627 1616 1936 1659 numerum
1977 1594 2235 1677 filiorum
2281 1596 2430 1672 Dei‚·
2493 1604 2545 1660 et

458 1701 597 1787 quia
640 1700 816 1762 duces
852 1697 1149 1762 Ecclesiae
1189 1718 1306 1762 non
1350 1699 1504 1765 ultra
1545 1696 2002 1782 Imputationem
2043 1697 2202 1763 illam
2241 1718 2549 1784 promove·

449 1812 590 1865 runt
638 1799 879 1886 pedem,
932 1806 1036 1861 aut
1078 1819 1254 1885 supra
1299 1799 1458 1865 illam
1505 1797 1817 1864 elevarunt
1863 1807 2153 1873 mentem,
2218 1816 2290 1863 ex
2336 1808 2543 1865 statuta

452 1898 758 1966 Electione
790 1899 903 1964 Dei
932 1921 1001 1963 ex
1029 1899 1277 1963 arbitrio
1308 1900 1454 1985 lapsi
1482 1909 1617 1963 sunt
1650 1900 1709 1962 in
1729 1912 2008 1965 'enormes
2048 1908 2112 1962 et
2145 1899 2442 1969 fanaticos
2458 1888 2547 1965 ‘er-

452 2023 650 2078 rores,
702 2009 761 2064 et
788 1999 1025 2064 tandem
1058 2000 1114 2061 in
1143 1999 1546 2065 detestabilem
1577 1999 1649 2063 de
1676 1999 2255 2077 Praedestinatione‚
2307 2012 2374 2065 et
2414 2022 2543 2088 quo·

451 2122 564 2188 que
605 2103 665 2165 in
693 2100 1146 2165 abominabilem
1180 2099 1361 2176 hanc,
1417 2100 1578 2189 quod
1604 2101 1770 2165 Deus
1808 2122 1929 2165 non
1967 2102 2236 2167 attendat
2276 2103 2357 2166 ad
2402 2102 2543 2167 facta

449 2204 605 2269 vitae
637 2203 920 2277 hominis,
972 2202 1075 2267 sed
1109 2202 1285 2267 modo
1310 2202 1385 2266 ad
1415 2200 1587 2265 fidem
1629 2202 2007 2267 interioribus
2044 2203 2255 2267 mentis
2297 2203 2438 2293 ejus
2469 2204 2546 2266 in·

448 2306 755 2392 scriptam
798 2312 1158 2393 quapropter
1185 2305 1294 2369 nisi
1319 2303 1796 2368 aboletur-*error
1814 2303 1886 2367 de
1917 2303 2337 2393 Imputatione‚
2359 2313 2545 2371 ¹totum

451 2404 955 2476 Christianismum
997 2407 1304 2473 invaderet
1347 2403 1718 2481 Atbeismus,
1770 2414 1828 2468 et
1871 2415 2014 2469 tunc
2052 2416 2338 2491 regnaret
2369 2427 2543 2493 supet

447 2506 579 2570 illos
608 2506 739 2570 Rex
766 2507 989 2595 abyssi,
1010 2509 1175 2592 cnjus
1202 2530 1419 2573 nomen
1446 2505 1720 2571 hebraice
1744 2502 2083 2583 Abaddon,
2126 2521 2188 2572 et
2213 2511 2281 2571 in
2313 2507 2545 2576 Graeca

449 2629 667 2671 nomen
720 2604 896 2672 habet
952 2605 1306 2701 Apollyon,
1378 2606 1560 2693 Apoc.
1623 2608 1903 2680 lxx-in
1982 2629 2086 2696 per
2137 2606 2450 2674 Abaddon·
2491 2616 2543 2671 et

448 2706 742 2796 Apollyon
768 2708 1131 2795 significatur
1158 2708 1421 2797 perditor
1449 2708 1745 2774 Ecclesiae
1775 2731 1878 2795 per
1904 2707 2082 2785 falsa,
2135 2720 2192 2773 et
2222 2732 2331 2798 per
2359 2708 2545 2801 Abys-

447 2830 578 2873 sum
606 2809 704 2874 ubi
736 2809 835 2888 illa
861 2808 1205 2884 falsasunt,
1237 2810 1510 2874 videatur
1535 2808 1962 2887 Apocuxms
1989 2810 2241 2874 REVEL2
2286 2833 2357 2874 n:
2406 2814 2543 2884 421.

450 2911 596 2973 440.
633 2913 778 2974 442.
822 2934 892 2974 ex
921 2911 1135 2999 quibus
1164 2919 1354 2996 patet,
1400 2910 1557 2996 qnod
1585 2910 1723 2992 illud
1756 2909 1966 2978 salsum
1992 2923 2051 2975 et
2079 2911 2214 2974 inde
2241 2912 2543 2998 sequentia

451 3010 597 3075 salsa
649 3011 715 3073 in·
753 3021 989 3088 extensa
1034 3012 1185 3083 serie
1229 3012 1372 3084 sint,
1440 3032 1616 3097 super
1661 3012 2132 3098 quaePerditor
2176 3012 2274 3077 ille
2317 3022 2545 3100 regnat,

450 3133 620 3187 nam,
675 3124 939 3198 utsupra
971 3112 1189 3177 dictum
1218 3121 1336 3188 est,
1390 3134 1462 3175 ex
1504 3111 1602 3175 illa
1651 3112 2046 3198 Imputatione
2091 3112 2264 3177 hodie
2311 3116 2542 3177 univer·

446 3234 575 3277 sum
616 3224 874 3304 systema
901 3213 1328 3299 Theologicum
1373 3213 1590 3300 pendet
1622 3215 1774 3278 sicut»
1808 3213 1983 3299 longa
2029 3224 2237 3279 catena
2261 3237 2353 3294 *ex
2395 3236 2541 3279 unco

451 3312 599 3390 fixo,
650 3325 709 3379 et
745 3315 897 3381 sicut
936 3313 1114 3378 homo
1156 3336 1288 3378 cum
1324 3314 1603 3396 omnibus
1640 3316 1758 3378 suis
1799 3314 2077 3394 membris
2114 3337 2148 3379 a
2177 3311 2435 3401 'Capite3
2490 3323 2545 3379 et

447 3416 586 3501 quia
626 3415 949 3503 Imputatio
986 3414 1084 3478 illa
1130 3415 1322 3480 ubivis
1349 3423 1592 3501 regnat,
1643 3425 1729 3480 est
1768 3415 1917 3479 sicut
1944 3414 2151 3499 Esaias
2190 3416 2328 3480 dicit
2376 3415 2545 3494 „Ex-

446 3507 697 3581 scindet'
719 3517 1021 3582 Dominus
1063 3537 1146 3581 ex
1171 3513 1408 3582 Israe'iIc
1435 3530 1615 3608 eaput
1645 3531 1701 3582 et
1738 3515 2027 3592 caudam,
2084 3515 2417 3582 honoratus
2458 3529 2545 3583 est

447 3631 662 3710 caput,
713 3631 770 3681 et
802 3614 1016 3682 doctor
1040 3616 1338 3683 mendacii
1359 3616 1634 3693 cauda,“
1686 3618 1825 3704 Cap.
1859 3617 1975 3681 IX:
2028 3619 2127 3681 13.
2168 3622 2269 3684 14.

602 3721 748 3781 629.
819 3717 1079 3793 Dicitur,
1134 3719 1289 3804 quod
1331 3718 1653 3806 Imputatio
1690 3718 2014 3783 hodiernae
2051 3717 2186 3782 fidei
2212 3719 2287 3784 sit
2312 3720 2541 3806 duplex,

443 3816 545 3884 sed
575 3818 799 3886 nonita
829 3817 1214 3904 duplex.sicut
1247 3820 1410 3886 Deus
1436 3828 1496 3883 et
1525 3820 1930 3885 Misericordia
1967 3839 2112 3907 erga
2156 3840 2389 3897 omneS,
2438 3818 2539 3884 sed

442 3918 593 4010 si'cut
617 3919 779 3984 Deus
804 3930 865 3984 et
890 3919 1298 4010 Misericordia
1330 3940 1481 4007 erga
1509 3920 1827 4010 quosdam;
1880 3929 1982 3986 aut
2008 3943 2129 3987 non
2153 3907 2305 4012 sicut
2332 3941 2541 4008 parens

442 4029 504 4084 et
530 4020 665 4105 ejus·
696 4041 862 4086 amor
894 4035 1055 4108 erga
1082 4037 1286 4088 omnes
1314 4043 1350 4085 a
1375 4043 1438 4085 se
1467 4022 1838 4108 progenitos,
1887 4021 1991 4087 sed
2036 4023 2190 4087 sicut
2229 4042 2456 4110 parens.
2481 4028 2539 4085 et

441 4119 566 4205 ejus
595 4141 773 4185 amor¹
788 4142 927 4208 erga
972 4144 1150 4192 unum
1193 4122 1522 4185 alterumve
1565 4143 1598 4185 a
1638 4143 1701 4186 se
1738 4113 2034 4209 genuum,-
2085 4130 2190 4186 aut
2228 4144 2370 4188 non«
2394 4124 2538 4189 sicut

443 4219 564 4285 Lex
592 4220 805 4288 Divina
835 4233 894 4288 et
918 4223 1047 4310 ejus
1073 4222 1424 4288 mandatum⁸
1445 4219 1519 4286 ad
1548 4241 1802 4299 omness
1834 4222 1933 4288 sed
1974 4223 2125 4289 sicut
2163 4223 2300 4290 Lex—
2322 4223 2538 4292 Divina
