2750 4775
820 349 974 406 xm.
1058 350 1410 405 SANCTA
1452 351 1770 410 GOENA.
2229 367 2336 416 25³

215 503 508 592 apparuit
535 504 761 569 Solium
789 516 910 571 tres
953 504 1181 571 cubitos
1222 527 1254 568 a
1290 515 1451 571 terra
1493 506 1823 583 elevatum,
1875 518 1948 572 et.
1974 530 2150 599 super
2186 510 2336 577 solio

216 616 440 674 catena
473 627 544 670 ex
573 608 799 671 unculis
826 606 987 681 auri,
1035 615 1094 672 et
1135 608 1423 694 equestris
1461 608 1684 671 ordinis
1721 607 1966 686 fasciae,
2023 612 2339 698 colligatae

218 710 302 775 ad
335 707 485 774 fines
510 708 899 784 adamantinis
923 707 1219 773 orbiculis.
1286 708 1363 771 Et
1394 717 1534 772 tunc
1562 708 1877 773 clamatum
1903 719 2010 786 est,
2049 711 2129 775 ite
2159 734 2337 792 nunc,

219 808 468 876 amicite
498 831 634 883 vos,
683 810 885 875 sedete
910 819 968 876 et
998 819 1367 896 exspectate:
1414 818 1474 872 et
1513 818 1775 876 actutum
1816 811 2198 895 Majorennes
2237 834 2337 877 ac-

224 911 558 976 currebant
586 910 662 974 ad
691 910 973 985 thronos,
1020 919 1079 973 et
1115 911 1497 975 Minorennes
1521 911 1595 974 ad
1622 910 1767 976 solia
1787 959 1805 988 ,
1856 921 1915 974 et
1940 913 2333 978 amiciverunt

224 1034 332 1088 se,
386 1021 862 1098 etxreposuerunt
889 1032 981 1076 se:
1029 1020 1090 1076 at
1117 1020 1258 1074 tunc
1286 1011 1553 1097 apparuit
1590 1013 1738 1078 sicut
1777 1011 2009 1078 nimbus
2037 1034 2106 1078 ex
2135 1014 2338 1080 inferis

227 1113 556 1180 ascendens
572 1159 590 1189 ,
633 1134 703 1176 ex
729 1135 848 1200 quo
878 1119 1134 1176 attracto
1162 1112 1433 1176 sedentes
1458 1133 1635 1201 super
1675 1112 1900 1178 thronis
1925 1124 1984 1177 et
2008 1115 2168 1183 soliis
2193 1137 2331 1180 cae-

231 1222 452 1305 perunt
481 1223 803 1280 tumescere
832 1213 1019 1289 fac-ie,
1064 1222 1121 1276 et
1147 1213 1368 1277 elevari
1405 1224 1673 1299 pectore,
1726 1223 1784 1278 et
1821 1213 2047 1303 impleri
2088 1215 2323 1294 fiducia,

233 1315 399 1405 quod
427 1336 582 1378 nunc
607 1335 778 1401 reges
804 1325 862 1377 et
890 1314 1175 1403 principes
1201 1315 1346 1386 sint;
1397 1315 1632 1381 nimbus
1655 1314 1767 1378 jue
1807 1327 1934 1379 erat
1971 1338 2116 1382 aura
2145 1318 2333 1407 phan-

232 1417 456 1491 tasiae,
508 1437 625 1502 qua
663 1416 929 1502 inspirati
953 1425 1118 1481 sunt:
1171 1426 1230 1479 et
1272 1415 1468 1480 subito
1509 1414 1864 1480 advolarunt
1900 1418 2144 1504 juvenes
2180 1420 2330 1485 sicut

230 1539 307 1583 ex
337 1516 549 1592 Caelo,
599 1526 659 1580 et
687 1517 1070 1585 constiterunt
1098 1517 1215 1581 duo
1240 1516 1724 1605 post-quemlibet
1748 1517 2047 1595 thronum,
2092 1528 2153 1583 et
2181 1542 2331 1586 unus

232 1628 373 1708 post
400 1617 703 1704 quodlibet
740 1617 982 1694 solium,
1035 1618 1450 1691 ministratum
1504 1626 1566 1681 e‘t‘
1604 1627 1744 1682 tnnc
1788 1640 1894 1706 per
1938 1619 2095 1685 vices
2121 1641 2154 1684 a
2184 1643 2331 1708 quo-

238 1721 376 1786 dam
408 1739 699 1808 praecone
727 1717 1113 1784 acclamatum
1147 1728 1270 1795 est,
1323 1741 1430 1783 vos
1469 1738 1636 1805 reges
1666 1728 1725 1783 et
1755 1719 2073 1807 principes,
2126 1742 2329 1809 exspe-

236 1830 399 1887 ctate
429 1821 622 1886 adhuc
647 1841 887 1908 parum,
940 1830 1304 1908 apparantur
1350 1840 1505 1883 nunc
1548 1822 1609 1883 in
1638 1820 1816 1885 Caelo
1864 1821 2035 1885 aulae
2078 1830 2331 1900 vestrae,

234 1922 477 2011 jamjam
508 1922 739 1986 venturi
763 1931 900 1987 sunt
925 1921 1097 1986 aulici
1125 1943 1257 1985 cum
1299 1920 1622 1996 satellitiis,
1672 1930 1730 1986 et
1768 1943 1871 1987 vos
1908 1922 2331 1996 introductum

232 2023 657 2112 exspectabant
682 2033 742 2087 et
768 2022 1218 2111 exspectabant,
1261 2042 1448 2109 usque
1475 2031 1539 2086 ut
1563 2022 1799 2111 spiritus
1832 2022 2066 2090 illorum
2094 2023 2333 2089 anhela·

232 2135 405 2200 rent,
459 2133 519 2188 et
544 2123 1008 2210 defatigarentur
1038 2122 1343 2188 desiderio.
1425 2123 1567 2188 Post
1605 2120 1916 2189 trihorium
1956 2124 2333 2214 aperiebatur

236 2225 483 2292 Caelum
513 2247 686 2312 supra
717 2236 890 2312 caput
918 2224 1149 2292 illorum
1169 2272 1184 2299 ‚
1231 2234 1290 2287 et
1316 2224 1705 2312 despexerunt
1736 2223 1979 2312 Angeli,
2025 2236 2084 2289 et
2110 2226 2331 2292 miserti

233 2329 509 2403 illorum,
560 2326 864 2404 dixerunt,
918 2347 1101 2414 quare
1129 2324 1342 2392 sedetis
1366 2326 1448 2391 ita
1482 2323 1659 2403 fatui,
1714 2335 1769 2392 et
1800 2326 1969 2414 agitis
1995 2326 2330 2408 histriones,

240 2429 513 2492 luserunt
548 2428 795 2497 ludibria
826 2429 1167 2502 vobiscum,
1217 2437 1277 2491 et
1319 2427 1396 2490 ab
1433 2424 1769 2495 hominibus
1808 2438 2186 2495 mutaverunt
2224 2452 2333 2499 vos

248 2529 317 2592 in
344 2528 530 2604 idola,
587 2549 658 2592 ex
683 2551 853 2595 causa
883 2530 1017 2615 quia
1047 2527 1348 2595 induxistis
1376 2528 1436 2591 in
1467 2528 1642 2593 corda
1671 2538 1900 2606 vestra,
1941 2532 2095 2619 quod
2124 2552 2335 2620 regna-

243 2628 369 2694 turi
409 2627 530 2694 sitis
569 2649 697 2693 cum
724 2629 952 2697 Christo
984 2630 1133 2694 sicut
1173 2650 1340 2716 reges
1376 2639 1437 2692 et
1477 2629 1799 2718 principes,
1854 2639 1913 2694 et
1955 2633 2114 2719 quod
2158 2634 2328 2699 vohis

240 2741 389 2796 tunc
415 2727 625 2815 Angeli
666 2731 1045 2796 ministraturi
1083 2731 1227 2796 sint:
1283 2748 1421 2794 num
1463 2731 1631 2796 obliti
1668 2732 1805 2798 estis
1846 2734 2161 2798 verborum
2206 2734 2330 2799 Do·

241 2830 421 2907 mini,
476 2832 632 2920 quod
659 2832 716 2895 in
744 2832 923 2897 Caelo
951 2833 1050 2920 qui
1076 2833 1202 2897 vult
1231 2851 1480 2918 magnus
1507 2853 1660 2911 esse,
1712 2831 1815 2898 fiat
1842 2855 2077 2898 servus:
2130 2832 2332 2898 discite

239 2952 420 3017 ergo,
456 2933 629 3019 ,quid
660 2955 764 3020 per
803 2952 971 3019 reges
1005 2943 1063 2998 et
1109 2933 1428 3022 principes,
1455 2943 1540 2997 .et
1586 2935 1727 3020 quid
1772 2954 1875 3021 per
1914 2954 2163 3018 regnare
2198 2954 2328 2997 cum

239 3032 512 3111 Christo,
559 3034 937 3120 intelligitur,
991 3034 1146 3122 quod
1188 3036 1260 3099 sit
1288 3055 1494 3122 sapere
1523 3045 1580 3098 et
1608 3034 1810 3100 facere
1835 3054 2000 3106 usus‚·
2055 3034 2332 3120 Regnum

239 3136 400 3200 enim
429 3133 664 3211 Christi,
703 3137 863 3221 quod
898 3143 982 3202 est
1012 3135 1284 3211 Caelum,
1327 3144 1414 3198 est
1439 3136 1716 3221 Regnum
1750 3154 1989 3208 usunm;
2043 3153 2182 3198 nam
2208 3134 2331 3199 Do·

241 3237 438 3301 minus
467 3246 625 3301 amat
651 3257 885 3311 omnes,
940 3256 1011 3300 ac
1048 3237 1182 3301 inde
1223 3237 1346 3303 vult
1387 3237 1664 3301 omnibus
1699 3237 1949 3311 bonum,
2001 3255 2072 3299 ac
2109 3235 2331 3300 bonum

243 3346 333 3402 est
368 3359 533 3413 usus,
589 3347 645 3401 et
675 3336 811 3424 quia
838 3337 1126 3403 Dominus
1151 3337 1308 3402 bona
1335 3358 1438 3404 seu
1467 3358 1604 3400 usus
1639 3335 1779 3400 facit
1812 3335 2062 3400 mediate
2090 3357 2207 3425 per
2231 3356 2337 3400 au-

244 3437 439 3525 gelos‚
489 3448 553 3503 et
584 3438 644 3501 in
672 3439 897 3502 Mundo
924 3460 1027 3527 per
1053 3438 1349 3515 homines,
1400 3436 1533 3502 ideo
1574 3437 1715 3514 illis,
1767 3438 1867 3524 qui
1907 3435 2158 3501 fideliter
2197 3459 2335 3504 usus

239 3538 500 3613 faciunt,
556 3538 654 3602 dat
684 3558 944 3603 amorem
980 3561 1147 3616 usus,
1197 3549 1257 3605 et
1296 3540 1421 3625 ejus
1459 3539 1822 3614 mercedem,
1875 3550 2151 3625 quaeest
2193 3541 2335 3606 bea-
2445 3588 2450 3597 ·

239 3640 435 3705 titudo
479 3640 746 3715 interna,
801 3650 860 3704 et
901 3640 1048 3707 haec
1085 3649 1173 3706 est
1209 3640 1455 3706 felicitas
1493 3649 1751 3711 aeterna.
1830 3639 1980 3707 Sunt
2023 3640 2084 3704 in
2124 3642 2332 3729 Caelis,

220 3742 395 3807 „sicut
448 3741 504 3803 in
560 3741 760 3816 terris,
825 3742 1319 3831 supereminentia
1372 3741 1648 3806 Dominia
1669 3790 1686 3817 ,
1755 3749 1814 3805 et
1863 3743 2335 3829 opulentissimae

214 3840 477 3935 ‘Gazae3
532 3850 668 3909 sunt
694 3844 847 3905 enim
875 3843 1162 3929 regimina
1190 3854 1249 3908 et
1276 3843 1624 3928 regiminum
1652 3841 1910 3917 formae,
1961 3852 2020 3907 et
2044 3844 2177 3909 ideo
2203 3853 2337 3909 sunt

245 3943 504 4030 majores
525 3954 584 4007 et
610 3944 866 4010 minores
896 3953 1212 4033 potestates
1239 3955 1296 4009 et
1325 3943 1665 4031 dignitatem
1698 3952 1756 4007 et
1781 3941 1894 4008 illis
1919 3944 2020 4030 qui
2048 3944 2116 4009 in.
2133 3966 2337 4035 supre-

243 4046 356 4110 mis
382 4052 550 4119 sunt,
600 4053 738 4109 sunt
762 4045 990 4112 Palatia
1025 4055 1083 4110 et
1119 4045 1362 4122 Curiae,
1417 4065 1568 4132 quae
1595 4043 2029 4130 magnificentia
2062 4054 2121 4108 et
2144 4045 2339 4133 splen-

240 4147 389 4213 dore
417 4145 708 4215 excedunt
735 4145 954 4233 palatia
981 4156 1041 4211 et
1064 4146 1277 4211 -curias
1312 4145 1742 4234 Imperatorum
1784 4151 1844 4207 et
1870 4145 2104 4229 Regum
2128 4144 2191 4206 in
2217 4153 2338 4210 ter-

238 4247 354 4325 ris,
408 4257 849 4317 eternumero,
877 4247 1234 4325 aulicorum,
1287 4246 1724 4323 ministrorum,
1774 4252 1836 4309 et
1877 4242 2225 4321 satellitum,
2275 4249 2337 4305 et
