2750 4775
929 375 1022 428 x1.
1102 376 1641 455 ιΜΡυΤΑΤιο,
2208 390 2306 438 151

228 528 447 603 listam,
498 527 597 614 qui
641 529 736 593 vel
778 527 995 604 credit,
1045 526 1225 615 'quod
1272 529 1506 594 Natura
1552 529 1796 616 seipsam
1843 531 2166 607 creaverit,
2216 531 2314 597 vel

231 629 384 716 quod
410 639 540 716 post
578 638 844 695 naturam
876 629 1158 695 exstiterit
1193 630 1383 703 Deus,
1441 630 1533 692 vel
1575 632 1729 717 quod
1770 631 2000 696 Natura
2046 642 2105 695 et
2149 632 2311 701 Deus

229 752 407 795 unum
435 731 580 805 sint,
631 730 786 817 quod
818 753 1052 817 prorsus
1086 730 1445 794 contrarium
1486 732 1588 806 sit,
1640 753 1855 794 numne
1893 730 1986 794 ille
2027 733 2312 819 aspiceret

226 840 284 895 te
313 831 581 895 velsicut
609 854 645 896 a
670 832 883 897 sabulis
911 833 1391 921 presbyterorum
1434 831 1718 907 delusum,
1761 834 1852 896 vel
1883 842 1946 895 ut
1974 824 2312 921 simplicem,

225 934 321 1001 ,vel
366 942 430 996 ut
471 930 774 1009 hebetem,
827 934 923 997 vel
960 941 1025 995 ut
1065 935 1427 1005 dementem;
1493 934 1676 996 simile
1726 943 1808 997 est
1851 955 1978 996 cum
2026 933 2314 1009 omnibus,

225 1054 381 1121 quae
426 1034 723 1121 persuasio
764 1043 824 1099 et
868 1029 1239 1098 confirmatio
1283 1031 1493 1107 fixant,
1560 1056 1710 1119 quae
1755 1042 2038 1122 apparent
2080 1033 2313 1099 demum

223 1135 375 1211 sicut
405 1135 541 1221 picti
568 1145 793 1223 tapetes
816 1135 1028 1221 ‘parieti
1059 1156 1127 1198 ex
1155 1134 1360 1220 lapillis
1386 1134 1664 1199 obsoletis
1691 1135 2093 1222 conglutinato
2119 1135 2316 1201 multis

226 1234 412 1301 clavis
434 1235 608 1301 affixi.

280 1460 470 1545 Quod
503 1463 831 1556 Imputatio
854 1444 1062 1528 meriti
1094 1477 1149 1527 et
1168 1465 1443 1552 justitiae
1487 1461 1711 1527 Christi
1746 1468 1825 1527 sit
1862 1463 2262 1557 impossibilis.

386 1640 529 1703 640.
586 1640 666 1704 Ut
705 1641 924 1705 sciatur
963 1641 1119 1727 quod
1158 1638 1477 1727 Imputatio
1524 1640 1720 1702 Men-iti
1760 1650 1817 1702 et
1861 1640 2136 1705 ,Iustitiae
2170 1640 2316 1704 Jesu

229 1738 446 1804 Christi
485 1740 994 1829 sitimpossibilis,
1048 1762 1346 1809 necessum
1386 1750 1473 1804 est
1511 1740 1690 1811 scire,
1746 1742 1883 1826 quid
1928 1742 2206 1806 Meritum
2254 1749 2313 1804 et

106 1924 111 1925 ἶ
222 1840 470 1905 Justitia
524 1840 709 1929 Ipsius
758 1852 923 1913 suun
994 1843 1273 1911 Meritum
1333 1841 1574 1906 Domini
1631 1843 1814 1907 nostri
1858 1841 2186 1907 Salvatoris
2229 1849 2316 1906 est

225 1942 618 2027 Redemptio,
671 1963 822 2030 quae
853 1943 1042 2028 qualis
1081 1942 1223 2016 fuit,
1275 1942 1331 2004 in
1379 1964 1483 2007 suo
1512 1942 1714 2030 Capite
1753 1966 1928 2030 supra
1970 1965 2040 2007 n:
2086 1945 2208 2007 114
2240 1942 2314 2009 ad

231 2046 397 2119 133,
450 2037 748 2118 videatur,
803 2043 1161 2129 quaexquod
1213 2043 1390 2107 fuerit
1444 2044 1776 2129 subjugatio
1835 2043 2205 2108 Infernorum
2259 2052 2317 2107 et

228 2143 527 2229 ordinatio
575 2142 920 2218 Caelorum,
973 2153 1031 2206 et
1079 2153 1276 2230 postea
1323 2144 1665 2209 instauratio
1709 2145 2035 2221 Ecclesiae,
2087 2145 2180 2207 ibi*
2213 2145 2313 2208 de·
2410 2185 2417 2194 -

224 2245 538 2319 scribiimz,
593 2254 650 2307 et
695 2243 973 2329 sic.quod
1003 2244 1355 2331 Redemptio
1395 2242 1570 2307 suerit
1608 2245 1774 2330 Opus
1814 2268 1958 2335 pure
1999 2246 2310 2311 Divinum:

225 2345 312 2409 ibi
341 2346 515 2408 etiam
545 2354 841 2408 ostensum
880 2354 1000 2420 est,
1052 2344 1206 2431 quod
1250 2345 1535 2410 Dominus
1584 2366 1684 2432 per
1725 2347 2204 2437 Redemptionem
2249 2367 2316 2413 se

230 2445 459 2508 miserit
486 2444 545 2506 in
587 2445 903 2530 potentiam
932 2447 1316 2530 regenerandi
1351 2456 1410 2510 et
1436 2445 1698 2511 salvandi
1723 2447 2021 2527 homines,
2060 2449 2159 2537 qui
2186 2469 2313 2514 cre-

230 2545 382 2608 dunt
421 2545 477 2608 in
524 2545 753 2631 Ipsum,
808 2557 863 2610 et
902 2545 1122 2610 faciunt
1164 2557 1470 2635 praecepta
1514 2548 1729 2636 Ipsius,
1782 2559 1840 2613 et
1887 2549 2042 2638 quod
2088 2550 2309 2638 absque

229 2647 668 2734 Redemptione
709 2646 805 2711 illa
848 2647 1005 2711 nulla
1036 2648 1190 2713 Caro
1217 2648 1433 2713 salvari
1480 2651 1748 2736 potuerit.
1827 2652 2119 2732 Quoniam
2157 2673 2314 2716 nunc

229 2748 590 2835 Redemptio
624 2748 731 2812 fuit
759 2750 923 2837 Opus
951 2771 1094 2837 pure
1122 2749 1433 2825 Divinum,
1485 2761 1542 2814 et
1580 2751 1759 2815 solius
1788 2753 2055 2830 Domini,
2110 2739 2178 2822 ac
2215 2751 2315 2817 illa

226 2860 315 2913 est
334 2851 626 2913 Meritum
658 2849 872 2936 Ipsius,
918 2849 1185 2934 sequitur
1211 2852 1365 2937 quod
1395 2851 1511 2916 hoc
1538 2853 1681 2916 nulli
1707 2852 1926 2916 homini
1953 2853 2318 2942 applicabile,

226 2950 618 3024 ‘addicabiles
652 2962 708 3014 et
737 2952 1075 3039 imputabile
1107 2953 1212 3028 sit,
1263 2975 1383 3017 nou
1424 2953 1552 3039 plus
1590 2975 1764 3040 quam
1794 2954 2028 3020 Creatio
2068 2966 2124 3020 et
2163 2954 2320 3019 Con·

227 3052 494 3118 servatio
524 3052 822 3127 Universi,
842 3054 1213 3137 Redemptio
1239 3055 1415 3119 etiam
1445 3054 1548 3118 fuit
1579 3057 1866 3140 quaedam
1895 3056 2129 3120 Creatio
2156 3055 2320 3120 Caeli

223 3151 495 3236 Angelici
525 3174 556 3216 e
587 3172 777 3228 novo,
819 3164 877 3217 et
905 3176 1137 3239 quoque
1170 3154 1481 3219 Ecclesiae.
1548 3156 1721 3236 Quod
1751 3157 2006 3222 Ecclesia
2034 3156 2314 3221 hodierna

223 3249 518 3318 attribuat
550 3255 689 3320 illud
721 3257 989 3318 meritum
1019 3256 1253 3319 Domini
1283 3257 1716 3342 Redemptoris.
1739 3258 1878 3331 illis,
1932 3258 2030 3342 qui
2073 3278 2141 3320 ex
2185 3277 2317 3340 gra·

224 3354 311 3418 tia
367 3351 569 3418 Fidem
627 3355 1055 3439 adipiscuntur,
1127 3365 1287 3443 patet
1327 3378 1395 3419 ex
1432 3359 1803 3444 dogmatibus
1846 3358 2110 3430 illorum,
2163 3356 2314 3420 inter

208 3449 382 3543 'quae
411 3455 524 3519 boc
554 3457 866 3542 principale
894 3468 1001 3532 est,
1046 3456 1422 3522 namadicitur
1449 3460 1524 3521 ab
1554 3459 1849 3523 Ecclesiae
1877 3458 2040 3522 istius
2069 3457 2312 3522 Hierat-

224 3555 355 3620 chis
384 3566 441 3621 et
470 3558 545 3636 ab
576 3555 809 3620 illorum
840 3556 1188 3632 clientibus,
1244 3568 1361 3621 tam
1403 3559 1461 3621 in
1493 3555 1749 3623 Ecclesia
1793 3558 2316 3624 Romano-Catho-

222 3659 372 3731 lica,
424 3679 599 3743 quam
642 3659 701 3721 in
742 3657 1015 3723 Ecclesiis
1054 3657 1566 3732 Reformatorum‚
1619 3661 1775 3747 quod
1826 3683 1928 3746 per
1967 3660 2314 3747 Imputatio-

226 3779 366 3822 nem
396 3758 595 3823 Meriti
626 3758 875 3835 Christi„
924 3758 1005 3821 illi
1035 3759 1132 3846 qui
1160 3759 1359 3824 Fidem
1394 3762 1586 3848 adepti
1612 3772 1773 3832 sunt,
1827 3784 1944 3828 uon
1977 3764 2152 3829 modo
2179 3763 2312 3849 justi

229 3870 290 3924 et
335 3859 522 3924 sancti
569 3869 943 3949 reputentur,
1010 3861 1109 3923 sed
1153 3860 1326 3923 etiam
1379 3865 1538 3948 quod
1578 3864 1723 3936 siut,
1775 3874 1829 3926 et
1877 3866 2033 3951 quod
2075 3875 2316 3952 peccata

223 3962 463 4025 illorum
492 3982 611 4024 non
635 3962 750 4026 sint
785 3971 1024 4050 peccata
1067 3982 1265 4024 coram
1294 3961 1456 4037 Deo,
1508 3964 1645 4050 quia
1689 3966 1958 4039 remissa,
2013 3975 2069 4028 et
2111 3963 2191 4026 illi
2224 3965 2313 4049 ju-

223 4061 492 4136 stificati,
540 4061 655 4126 hoc
691 4073 805 4138 est,
860 4062 1250 4137 reconciliati,
1302 4065 1595 4141 innovati,
1648 4066 2010 4150 regenerati,
2061 4061 2314 4128 sanctifi-

164 4207 169 4212 *
227 4165 374 4240 cati,
428 4171 489 4226 et
529 4163 706 4228 Caelo
754 4164 1042 4250 adscripti.
1130 4163 1304 4243 Quod
1357 4164 1632 4231 universa
1677 4166 1936 4231 Ecclesia
1983 4163 2312 4228 Christiana

223 4267 435 4331 eadem
462 4264 561 4329 illa
586 4265 760 4330 hodie
791 4266 1032 4339 doceat,
1086 4256 1391 4329 manifeste
1436 4273 1661 4329 constat
1690 4286 1758 4327 ex
1797 4263 2036 4350 Synodo
2064 4259 2312 4321 Triden-
