2750 4775
715 365 999 421 INDEx
1040 364 1795 423 MEMORABHAUM.
2224 381 2330 434 377

309 521 544 609 dignati
573 510 904 585 narrabant
931 519 1102 608 plura
1132 539 1285 606 quae
1308 518 1381 582 de
1399 520 1543 587 Fide
1560 520 1827 585 Nicaena
1855 530 1914 585 et
1931 518 2336 593 Athanasiana

307 625 371 687 in
405 622 594 688 Caelo
628 621 941 696 dicuntur,
993 640 1146 706 quae
1189 619 1522 685 videantur.
1593 621 1707 685 Sed
1739 622 1873 708 quia
1909 623 2153 688 Praesul
2183 626 2339 716 Syn-

305 724 460 788 edrii
500 742 636 787 cum
675 721 981 809 Scriptore
1020 721 1121 784 illo
1163 720 1223 783 in
1253 718 1448 808 Lipsia
1508 722 1702 808 quoad
1735 718 1999 807 spiritum
2033 727 2339 790 consocia-

308 833 407 888 tus
439 832 607 897 erat,
660 821 1002 907 alloquutus
1033 842 1160 885 sum
1200 818 1398 894 illum,
1449 831 1509 885 et
1552 822 1956 886 demonstravi
1996 845 2070 887 ex
2113 826 2337 902 Verbo,

309 925 477 1011 quod
507 921 781 988 Christus
809 922 988 985 etiam
1016 921 1215 1007 quoad
1242 922 1590 986 Humanum
1634 922 1794 987 Deus
1830 925 1934 998 sit,
1988 933 2111 986 tum
2152 927 2330 991 etiam

307 1046 384 1090 ex
423 1023 611 1088 Libro
652 1023 991 1106 dogmatico
1030 1020 1564 1106 Evangelicorum,
1616 1023 1898 1088 Formula
1944 1023 2334 1102 Concordiae,

308 1134 568 1198 vocato,
623 1123 782 1209 quod
809 1123 873 1187 in
911 1120 1145 1186 Christo
1174 1122 1335 1187 Deus
1371 1122 1445 1185 sit
1475 1122 1674 1187 Homo
1702 1131 1761 1186 et
1797 1123 1999 1189 Homo
2027 1124 2221 1201 Deus,
2266 1136 2332 1190 ut

308 1235 370 1289 et
399 1224 567 1311 quod
594 1221 944 1309 Augustana
976 1221 1282 1287 Confessio
1312 1222 1549 1288 Cultum
1586 1223 1775 1311 Ipsius
1816 1225 2069 1288 maxime
2099 1227 2331 1314 probet,

309 1333 556 1412 praeter
586 1324 777 1411 plura,
824 1323 895 1386 ad
929 1344 1080 1410 quae
1107 1323 1285 1399 siluit,
1326 1332 1383 1387 et
1411 1344 1473 1388 se
1500 1324 1733 1389 avertit.
1803 1324 2019 1390 Postea
2054 1325 2335 1413 loquutus

305 1446 445 1491 sum
475 1446 608 1488 cum
632 1423 888 1509 quodam
908 1423 1153 1511 Spiritu,
1179 1424 1278 1510 qui
1308 1425 1679 1488 consociatus
1705 1435 1834 1489 erat
1862 1448 1992 1489 cum
2015 1427 2160 1493 Viro
2187 1428 2333 1490 emi-

306 1535 494 1590 nente
542 1526 601 1589 in
642 1523 1072 1610 Gothoburgo‚
1127 1525 1227 1609 qui
1265 1522 1499 1588 Cultum
1549 1524 1790 1589 Domini
1834 1525 2093 1591 faedavit
2139 1522 2333 1592 adhuc

310 1627 531 1713 majori
560 1625 853 1691 convitio:
908 1633 969 1690 at
1011 1624 1246 1688 demum
1289 1626 1407 1689 duo
1447 1625 1546 1689 illa
1580 1626 1838 1689 convitia
1869 1628 2166 1691 declarata
2195 1637 2333 1695 sunt

308 1750 424 1814 pro
453 1726 776 1792 mendaciis
802 1735 932 1790 astu
961 1725 1248 1801 inventis,
1299 1726 1372 1789 ad
1412 1728 1801 1791 avertendum
1848 1728 2218 1804 voluntates,
2273 1737 2330 1793 et

309 1829 388 1892 ad
418 1826 842 1892 deterrendum
872 1846 906 1889 a
934 1824 1155 1890 Sancto
1186 1825 1347 1889 cultu
1381 1826 1655 1901 Domini,
1709 1848 1777 1890 n:
1835 1831 1984 1892 187.

208 1927 413 1995 XXII.
473 1926 652 2008 Quod
682 1927 1020 2015 apparuerit
1049 1926 1274 1991 Fumus
1316 1927 1395 1990 ab
1436 1926 1722 1991 inferiore
1750 1927 1942 1992 Terra
1989 1928 2330 2006 ascendens,

311 2039 372 2094 et
405 2029 630 2094 dictum
659 2037 776 2104 est,
829 2026 986 2113 quod
1017 2025 1162 2090 sumi
1194 2048 1312 2090 non
1351 2026 1508 2090 aliud
1536 2028 1650 2091 sint
1680 2049 1857 2113 quam
1888 2029 2032 2094 falsa
2080 2030 2137 2091 in
2184 2051 2328 2093 con-

316 2131 512 2216 gerie:
569 2138 627 2192 et
659 2137 802 2192 tunc
841 2127 1128 2214 quosdam
1169 2120 1430 2213 Angelos
1472 2128 1687 2192 invasit
1730 2130 2085 2194 desiderium
2127 2130 2328 2215 explo-

311 2230 486 2295 randi
510 2280 524 2306 ,
580 2248 733 2316 quae
761 2228 908 2292 salsa
934 2236 1158 2303 essent,
1211 2249 1366 2313 quae
1391 2228 1476 2291 sic
1514 2227 1845 2304 fumarent,
1901 2250 1973 2294 ac
2010 2231 2331 2294 descende·

314 2341 485 2409 runt,
540 2340 598 2393 et
645 2327 1018 2395 offenderunt
1058 2335 1316 2414 quatuor
1353 2329 1614 2395 Turmas
1666 2331 2012 2418 spirituum,
2077 2353 2328 2419 quarum

320 2432 470 2498 duae
498 2441 670 2496 erant
697 2454 768 2496 ex
788 2432 978 2495 doctis
1002 2441 1061 2495 et
1087 2429 1340 2494 indoctis
1366 2451 1400 2493 a
1430 2430 1689 2507 Clericis,
1712 2453 1784 2495 ac
1810 2433 1961 2497 duae
1990 2454 2061 2497 ex
2088 2433 2333 2498 eruditis

324 2540 381 2593 et
406 2533 709 2597 ineruditis
738 2554 771 2597 a
802 2532 1009 2607 Laicis,
1041 2532 1141 2617 qui
1171 2551 1378 2595 omnes
1403 2529 1559 2595 inter
1586 2554 1648 2597 se
1675 2531 2128 2626 confirmabant,
2169 2534 2327 2622 quod

328 2630 487 2695 Deus
510 2633 816 2697 invisibilis
843 2631 1129 2697 colendus
1151 2632 1258 2707 sit,
1302 2642 1360 2695 et
1388 2631 1549 2717 quod
1579 2633 1923 2699 cultoribus
1951 2644 2092 2699 tunc
2118 2636 2333 2699 sancti·

325 2740 412 2797 tas
452 2742 507 2796 et
541 2734 803 2809 auditio,
857 2733 1029 2798 aliter
1066 2732 1113 2797 si
1162 2731 1322 2798 Deus
1370 2733 1620 2798 visibilis
1665 2734 1999 2800 coleretur:
2048 2735 2331 2799 sanctitas

316 2842 374 2896 et
412 2835 638 2898 auditio
679 2856 714 2897 a
745 2834 877 2899 Deo
917 2832 1195 2898 invisibili
1226 2831 1663 2897 confirmabant
1699 2854 1804 2920 per
1847 2834 2043 2908 varia,
2081 2842 2139 2895 et
2167 2833 2328 2919 quod

312 2934 448 2999 ideo
476 2943 803 3020 agnoscant
843 2943 963 2999 tres
1000 2934 1161 2997 Deos
1200 2933 1277 2997 ab
1319 2943 1598 3008 aeterno,
1652 2935 1756 3018 qui
1797 2932 2118 2996 invisibiles
2161 2940 2328 3006 sunt3

311 3036 413 3099 sed
446 3045 744 3099 ostensum
774 3045 861 3099 est
889 3034 1048 3120 quod
1077 3034 1285 3098 Cultus
1312 3034 1422 3099 Dei
1455 3033 1795 3106 invisibilis,
1849 3042 1909 3095 et
1948 3031 2076 3120 plus
2115 3032 2326 3096 Trium

311 3135 695 3201 invisibilium
726 3137 798 3199 sit
826 3135 1021 3199 nullus
1049 3135 1269 3207 cultus;
1323 3136 1399 3198 ad
1428 3132 1900 3198 confirmandum
1931 3131 2045 3196 hoc
2070 3154 2142 3196 ex
2173 3131 2331 3196 Inse-

312 3236 394 3300 ris
435 3235 634 3302 educti
663 3247 800 3299 sunt
825 3236 1077 3300 Socinus
1104 3244 1161 3296 et
1188 3231 1365 3298 Arius
1394 3255 1528 3297 cum
1571 3233 1868 3319 aliquibus
1905 3232 2138 3296 illorum
2173 3254 2331 3297 asse·

312 3336 418 3401 clis
440 3386 456 3411 ,
509 3337 609 3422 qui
639 3357 845 3401 omnes
873 3334 1260 3401 Divinitatem
1292 3333 1642 3397 invisibilem
1674 3333 2012 3406 colueran13
2066 3335 2166 3421 qui
2196 3357 2327 3398 cum

309 3459 385 3501 ex
412 3436 675 3501 naturali
713 3458 817 3501 seu
854 3446 1096 3499 externa
1142 3441 1337 3498 mente
1379 3433 1610 3519 loquuti
1647 3434 1800 3508 sint,
1850 3434 2125 3499 dixerunt
2169 3436 2331 3522 quod

310 3539 475 3603 Deus
497 3582 514 3611 ,
567 3538 798 3603 tametsi
831 3535 1169 3611 invisibilis,
1214 3534 1316 3607 sit;
1366 3544 1426 3598 at
1456 3556 1586 3598 cum
1619 3544 1862 3599 externa
1896 3557 2060 3600 mens
2087 3537 2328 3601 illorum

308 3638 774 3713 occludebatur,
821 3659 893 3701 ac
919 3639 1150 3700 interna
1179 3637 1595 3721 aperiebatur,
1642 3647 1699 3700 et
1725 3659 1795 3700 ex
1824 3634 1940 3701 bac
1969 3637 2164 3702 adacti
2191 3646 2331 3702 sunt

309 3738 746 3804 confessionem
789 3743 956 3802 suam
1012 3738 1085 3800 de
1128 3738 1256 3801 Deo
1315 3739 1528 3815 edere,
1595 3738 1900 3813 dixerunt,
1957 3740 2099 3824 quid
2149 3740 2331 3814 DeuS,

303 3859 431 3904 non
472 3838 730 3902 vidimus
768 3840 1021 3924 speciem
1068 3836 1287 3925 Ipsius,
1340 3861 1449 3903 nec
1494 3838 1827 3903 audivimus
1868 3861 2083 3904 vocem
2123 3838 2330 3928 Ipsius,

207 3955 214 3964 ’
309 3939 453 4028 quid
482 3959 626 4026 ergo
654 3940 819 4004 Deus
844 3939 954 4002 nisi
996 3958 1099 4002 ens
1143 3938 1422 4016 rationis,
1474 3949 1576 4004 aut
1619 3949 1862 4013 natura;
1914 3940 2016 4004 sed
2060 3937 2328 4004 instructi

309 4050 482 4116 sunt,
536 4039 698 4127 quod
727 4040 858 4106 Deo
888 4039 1180 4126 placuerit
1204 4038 1595 4115 descendere,
1652 4051 1710 4102 et
1752 4061 2052 4105 assumere
2099 4039 2327 4104 Huma-

307 4161 490 4216 num,
535 4150 599 4205 ut
624 4140 876 4228 speciem
910 4139 1100 4227 Ipsius
1128 4138 1433 4213 viderent,
1472 4148 1529 4203 et
1563 4161 1770 4205 vocem
1802 4138 1990 4228 Ipsius
2021 4140 2328 4209 audirent;

311 4260 520 4308 verum
554 4239 669 4305 hoc
704 4240 761 4303 in
789 4240 1034 4305 auribus
1060 4238 1293 4306 illorum
1323 4238 1620 4305 incassum
1653 4239 1793 4315 fuit,
1841 4261 1907 4301 n:
1960 4243 2104 4301 159.
