2750 4775
375 379 472 440 ‚1'8
628 376 1093 433 UNIVERSA
1137 374 1676 430 THEOLOGIA
1720 377 1789 431 N.
1834 375 1898 429 Ο.
1942 376 2052 428 ΕΤ
2094 376 2158 427 Ν.
2206 377 2278 430 Εἰ

402 530 915 606 maledictionibus
958 540 1015 593 et
1054 528 1611 594 comminationibus
1652 551 1758 617 pro
1800 528 1911 594 illis
1953 529 2053 615 qui
2092 550 2209 591 non
2253 527 2509 602 faciunt3

404 635 478 700 ad
521 633 661 722 quid
698 631 848 698 haec
876 632 1073 695 omnia
1094 682 1107 700 .
1162 631 1359 704 sinon
1388 629 1541 693 foret
1570 630 1794 693 bomini
1826 630 2064 716 aliquod
2093 630 2369 694 Liberum
2413 653 2507 696 ar-

302 753 309 758 ·
403 735 644 798 bitrium
688 732 745 794 in
785 732 1237 821 spiritualibus,
1267 730 1384 793 hoc
1426 741 1540 805 est,
1597 732 1656 793 in
1700 731 1915 795 talibus
1966 753 2117 817 quae
2160 731 2408 795 salutem
2451 742 2510 796 et

403 837 585 901 vitam
627 821 928 898 aeternam
960 842 1357 906 concernunt,
1413 833 1520 896 nisi
1552 853 1727 917 quarn
1759 853 1945 910 vana,
1998 852 2151 917 quae
2192 832 2335 895 nulli
2381 833 2511 896 usui

402 935 787 1024 inservirent3
843 945 897 996 et
926 936 971 997 si
1000 934 1179 997 bomo
1209 933 1483 997 haereret
1513 935 1570 994 in
1599 933 1765 1008 idea,
1818 934 1976 1019 quod
2007 933 2164 995 nulla
2199 934 2251 994 ei
2293 932 2364 995 sit
2406 956 2508 1021 po·

400 1037 582 1100 tentia
610 1044 668 1120 et
698 1035 856 1100 nulla
890 1034 1131 1099 libertas
1159 1034 1216 1096 in
1248 1033 1682 1121 spiritualibu3‚
1735 1034 1814 1097 ita
1855 1036 2151 1100 abstracte
2192 1033 2269 1096 ab
2310 1034 2511 1121 aliqua

400 1138 662 1223 potentia
706 1137 1029 1200 voluntatis
1068 1135 1126 1196 in
1169 1135 1312 1210 iuis,
1367 1156 1507 1198 num
1536 1134 1844 1222 Scriptura
1874 1156 2044 1200 sacra
2075 1143 2214 1196 tunc
2244 1135 2294 1198 ei
2337 1135 2508 1198 aliter

399 1247 761 1326 appareret,
801 1255 976 1321 quam
1019 1235 1169 1300 sicut
1210 1233 1420 1298 charta
1463 1234 1617 1297 nuda
1655 1236 1877 1321 absque
1905 1235 2177 1324 syllabis,
2231 1244 2332 1298 aut
2360 1237 2510 1298 sicut

400 1338 607 1404 charta
649 1359 824 1427 super
866 1358 1042 1422 quam
1086 1346 1276 1398 totum
1322 1337 1809 1398 atramentarium
1854 1337 2185 1421 conjectum
2232 1345 2347 1410 est,
2405 1344 2509 1400 aut

399 1440 547 1504 sicut
590 1440 697 1505 soli
739 1439 934 1526 apices
985 1446 1085 1501 aut
1134 1440 1292 1523 iotae
1345 1436 1571 1521 absque
1614 1435 1825 1510 literis,
1878 1437 1959 1498 ita
1987 1437 2136 1498 sicut
2167 1436 2351 1499 codex
2382 1436 2510 1501 ina·

401 1541 506 1604 nis.
576 1541 715 1604 Hoc
756 1537 1108 1602 confirmare
1164 1559 1234 1599 ex
1278 1536 1480 1601 Verbo
1518 1537 1759 1622 quidem
1814 1558 2125 1621 nonopus
2165 1535 2353 1613 foret,
2406 1535 2510 1602 sed

400 1641 536 1728 quia
583 1641 882 1705 Ecclesiae
910 1637 1086 1720 hodie
1132 1635 1569 1725 profundarum
1607 1659 1669 1701 se
1708 1638 1768 1699 in
1809 1637 2153 1704 inanitatem
2199 1638 2410 1701 mentis
2447 1637 2510 1701 in

396 1741 867 1829 spiritualibus,
906 1749 962 1800 et
1011 1738 1083 1800 ad
1146 1735 1617 1802 confirmandum
1672 1737 1829 1801 illam
1881 1739 2252 1823 protulerunt
2311 1736 2507 1823 aliqua

399 1841 527 1906 loca
556 1842 738 1919 inde,
795 1861 949 1926 quae
983 1840 1125 1902 false
1157 1838 1528 1925 interpretati
1571 1847 1736 1910 sunt,
1789 1847 2022 1924 oportet
2064 1838 2358 1902 adducere
2400 1840 2510 1903 ali-

400 1965 549 2029 qua,
594 1964 744 2028 quae
776 1941 1058 2004 mandant
1088 1940 1327 2004 homini
1345 1947 1409 2001 ut
1441 1938 1617 2002 faciat
1648 1948 1704 2002 et
1734 1939 1964 2002 credat.
2019 1960 2169 2025 quae
2198 1941 2312 2003 sint
2341 1938 2506 2003 haec.

398 2038 739 2130 Aifferetur
763 2041 803 2106 a
830 2043 1008 2106 vobis
1035 2041 1170 2130 Reg
1134 2056 1306 2103 άήιιηι
1337 2040 1474 2115 Dei,
1526 2054 1581 2104 et
1609 2040 1856 2106 dabitur
1872 2045 2040 2130 genti
2061 2036 2334 2125 facienti
2347 2036 2506 2128 fru-

399 2157 532 2207 etus
558 2146 721 2260 eJ‘us,
774 2142 986 2207 Matth.
1028 2142 1203 2207 XXI:
1249 2144 1351 2204 43.
1406 2140 1615 2206 Facite
1634 2137 1895 2229 fructus
1934 2140 2155 2231 dignos
2191 2144 2507 2257 paeniten-

401 2247 519 2319 tia,
564 2248 698 2332 jam
737 2248 868 2332 jam
904 2248 1132 2307 securis
1159 2242 1246 2307 ad
1271 2241 1533 2308 radicem
1574 2242 1811 2308 arboris
1841 2246 2046 2330 jacet;
2090 2245 2287 2311 omnis
2325 2245 2509 2331 igitur

396 2342 611 2413 Arbor
652 2363 775 2410 non
797 2340 1058 2433 faciens
1090 2340 1370 2431 fructum
1420 2343 1638 2409 bonum
1687 2342 2071 2409 exscinditur
2106 2356 2161 2408 et
2205 2348 2266 2407 in
2310 2347 2506 2434 ignem

397 2450 732 2533 conjicitur,
783 2445 936 2509 Luc.
957 2446 1077 2510 111·
1111 2451 1168 2508 8.
1206 2451 1264 2508 9.
1319 2444 1506 2508 Jesus
1533 2444 1720 2520 dixit,
1775 2446 1924 2536 quid
1951 2446 2061 2511 Me
2098 2447 2338 2509 vocatis
2374 2445 2506 2509 Do-

397 2550 572 2623 mine,
627 2546 903 2622 Domine,
956 2560 1012 2611 et
1041 2570 1161 2611 non
1168 2542 1395 2632 facitis
1424 2569 1579 2637 quae
1602 2528 1772 2617 dico;
1830 2547 2044 2611 Omnis
2073 2549 2179 2637 qui
2210 2549 2379 2609 venit
2418 2545 2507 2610 ad

396 2649 539 2723 Me,
592 2661 648 2713 et
687 2646 860 2712 audit
900 2670 1205 2711 sermones
1234 2670 1430 2721 ηιεο3,
1480 2661 1537 2710 et
1556 2642 1728 2732 facit
1768 2646 1954 2722 illos,
2003 2644 2220 2711 similis
2258 2658 2347 2710 est
2394 2644 2502 2710 ho-

397 2751 548 2812 mini
581 2745 942 2839 aedificanti
981 2747 1251 2823 domum,
1304 2770 1486 2839 super
1514 2760 1721 2838 petra,
1774 2750 1880 2840 qui
1902 2770 2051 2812 vero
2076 2746 2249 2811 audit
2286 2761 2342 2811 et
2380 2771 2501 2811 non

370 2845 582 2936 facit,
633 2846 852 2912 simili-s
893 2847 1123 2914 homini
1157 2847 1522 2938 aedificanti
1560 2847 1801 2912 domum
1841 2870 2023 2940 super
2059 2846 2238 2912 humo
2277 2847 2506 2939 absque

369 2945 824 3037 fiendamento,
879 2950 1021 3012 Luc.
1055 2946 1169 3015 Vl:
1208 2951 1288 3012 46
1323 2949 1398 3011 ad
1431 2949 1532 3011 49:
1587 2947 1774 3012 Jesus
1800 2948 1991 3023 dixit,
2043 2949 2254 3014 Mater
2277 2971 2408 3012 mea
2446 2963 2504 3013 et

368 3047 621 3137 fratres
666 3054 780 3115 mei
810 3048 1071 3125 bisunt,
1127 3053 1236 3141 qui
1260 3047 1519 3113 audiunt
1552 3048 1821 3116 Verbum
1849 3048 1995 3125 Dei,
2050 3064 2108 3113 et
2130 3046 2388 3136 faciunt
2430 3047 2504 3113 il-

393 3149 532 3228 tud,
588 3152 731 3216 Luc.
775 3150 956 3214 Vlllt
1003 3154 1104 3214 21.
1159 3148 1394 3229 Scimus
1432 3148 1601 3242 quod
1631 3164 1979 3241 peccatores
2021 3150 2190 3225 Deus
2230 3174 2352 3219 non
2390 3173 2496 3214 au·

393 3250 556 3328 diat,
613 3251 728 3317 sed
750 3250 813 3316 si
846 3255 984 3344 quis
1012 3248 1204 3316 Deum
1242 3248 1415 3324 colit,
1468 3262 1524 3314 et
1549 3249 1923 3316 voluntatem
1949 3256 2083 3340 ejus
2112 3247 2290 3325 facit,
2344 3249 2505 3319 hunc

392 3352 596 3430 audi,t
648 3352 787 3427 Joh.
838 3353 960 3418 ΙΧ.
1006 3354 1106 3414 31.
1163 3349 1234 3416 Si
1269 3350 1418 3416 haec
1458 3353 1657 3427 scitis,
1710 3351 1873 3416 beati
1913 3356 2085 3427 estis,
2141 3377 2195 3416 st
2188 3347 2502 3438 feceritis

391 3451 534 3530 itta,
588 3453 940 3518 Joh.X111:
979 3456 1078 3515 Π.
1140 3452 1263 3534 Qui
1288 3449 1466 3519 habet
1491 3466 1816 3545 praecepta
1858 3476 2018 3527 mea,
2073 3449 2324 3539 etfacit
2368 3450 2501 3527 illa,

389 3550 494 3616 ille
518 3567 607 3618 est
633 3556 741 3645 qui
762 3566 926 3616 amat
956 3544 1084 3628 Me,
1116 3566 1172 3618 et
1199 3553 1338 3642 Ego
1361 3552 1579 3617 amabo
1609 3551 1797 3631 illum,
1824 3553 1963 3617 Joh.
1994 3553 2167 3619 XIV.
2205 3557 2300 3617 15.
2336 3546 2464 3645 [21.
2472 3546 2497 3643 ]

387 3652 469 3716 In
497 3651 608 3718 lzoc
630 3651 1021 3815 glorgificatus
1047 3667 1132 3717 est
1160 3653 1350 3719 Pater
1375 3674 1570 3730 meus,
1612 3668 1674 3719 ut
1679 3651 1980 3743 fructum
1990 3652 2236 3719 multum
2240 3650 2498 3741 stratis,

385 3752 525 3816 Joh.
567 3753 751 3819 XV·
757 3757 812 3815 8.
890 3752 962 3819 V
960 3776 1032 3815 os
1076 3757 1256 3818 amici
1305 3757 1419 3818 mei
1467 3757 1643 3831 estis,
1696 3780 1752 3819 3ι
1744 3751 2050 3843 feceritis
2087 3770 2501 3853 quaecunque

385 3851 613 3918 mando
642 3852 873 3928 vobigs
903 3853 1042 3942 Ego
1068 3853 1225 3944 elegi
1245 3879 1395 3931 vos,
1431 3869 1515 3920 ut
1536 3852 1821 3942 fructum
1840 3846 2110 3945 seratis,
2166 3869 2222 3920 et
2237 3852 2500 3944 fructus

383 3966 590 4019 vester
613 3966 871 4029 maneat
925 3954 1061 4018 Joh.
1094 3956 1232 4020 XV·
1273 3958 1370 4020 14.
1411 3961 1509 4019 16
1566 3956 1775 4020 Facite
1809 3957 2081 4022 arborem
2111 3958 2362 4033 bonam,
2417 3978 2502 4019 ex

359 4050 583 4140 fluctu
635 4058 1017 4144 cognoscitur
1054 4052 1292 4132 Arbor,
1347 4055 1562 4141 Mauh,
1613 4057 1763 4120 XII:
1811 4060 1912 4119 33.
1992 4057 2201 4122 Facite
2236 4053 2500 4143 fructus

383 4153 608 4244 dignos
658 4158 1066 4248 paenitentia,
1138 4155 1356 4223 Matth.
1403 4152 1525 4220 111:
1570 4161 1627 4219 8.
1712 4156 1837 4239 Qui
1890 4160 1950 4220 in
2008 4172 2222 4223 terram
2278 4158 2501 4223 bonam

382 4259 718 4322 seminatus
762 4269 890 4337 est,
949 4255 1047 4322 hic
1089 4272 1179 4324 est
1225 4260 1333 4348 qui
1376 4256 1449 4324 V
1446 4255 1901 4347 erbunnaudit,
1957 4271 2012 4322 et
2058 4255 2318 4330 fructum
2341 4253 2501 4345 fert,
