2750 4775
922 351 1016 406 xl.
1100 351 1634 405 IMPUTATIO.
2241 361 2344 411 169

241 523 366 568 sum
396 501 634 576 orbem,
691 510 748 564 et
777 502 972 578 ultra,
1025 500 1379 566 emittimus:
1433 512 1575 566 tunc
1604 502 1722 567 dixi
1750 503 1864 581 illi,
1907 503 2157 576 ,videsne
2186 503 2346 592 quod

240 623 309 683 ex
337 601 646 691 phantasia
675 601 1207 690 supereminentiae
1234 602 1524 676 insanias;
1577 612 1637 666 et
1663 606 1996 691 respondit,
2043 605 2346 693 quomodo

236 702 513 792 potesita
539 701 733 789 loqui,
787 702 926 787 quia
957 703 1128 768 nobis
1156 723 1395 790 prorsus
1422 702 1724 779 videmur,
1778 713 1837 768 et
1881 725 2115 792 quoque
2160 726 2345 792 agno-

234 804 457 869 scimur
481 824 517 866 a
545 803 861 886 consociis,
915 802 1093 875 tales;
1147 802 1262 867 boc
1287 803 1522 879 audito,
1569 824 1686 868 non
1717 803 1876 869 volui
1906 804 2101 870 adbuc
2126 804 2345 881 dicere,

233 902 486 978 insanis,
541 907 677 990 quia
707 924 779 966 ex
806 901 1113 989 phantasia
1142 902 1452 970 insanivitz
1506 913 1567 967 et
1595 902 1802 990 datum
1834 913 1920 970 est
1952 902 2093 967 mibi
2129 924 2346 990 cogno-

235 1026 433 1080 scere,
488 1004 648 1090 quod
686 1003 784 1068 ille
814 1002 1118 1080 diabolus,
1173 1025 1306 1068 cum
1348 1004 1410 1066 in
1453 1002 1676 1067 mundo
1722 1004 1892 1079 vixit,
1945 1003 2124 1068 fuerit
2168 1005 2347 1068 modo

242 1113 487 1170 curator
516 1103 764 1190 aiicujus
792 1103 1035 1178 domus;
1062 1113 1147 1168 -et
1176 1104 1333 1190 quod
1367 1113 1511 1167 tunc
1551 1104 1612 1168 in
1653 1112 1881 1181 tantum
1925 1103 2113 1169 elatus
2139 1104 2350 1190 spiritu

232 1205 452 1280 fuerit,
503 1213 570 1269 ut
606 1226 745 1292 prae
773 1225 835 1269 se
877 1225 1051 1268 omne
1077 1203 1281 1268 Genus
1316 1203 1642 1268 humanum
1680 1205 1997 1292 spreverit,
2051 1226 2121 1272 ac
2153 1204 2346 1269 indul·

233 1307 377 1372 serit
418 1304 815 1393 phantasiae,
842 1304 1010 1391 -quod
1039 1304 1271 1390 dignior
1308 1313 1461 1370 esset
1500 1324 1679 1391 rege,
1730 1313 1789 1368 et
1817 1326 2052 1392 quoque
2089 1307 2344 1393 impera-

232 1416 400 1479 tore3
456 1427 527 1469 ex
574 1427 694 1492 quo
737 1404 893 1469 fastu
937 1416 1266 1490 negaverat
1312 1404 1546 1480 Deum,
1598 1423 1671 1469 ac
1716 1413 2096 1492 reputaverat
2142 1405 2344 1472 omnia

233 1516 439 1576 sancta
484 1506 785 1578 Ecclesiae
831 1506 1001 1570 sicuti
1042 1504 1207 1569 nihili
1251 1527 1360 1593 pro
1398 1527 1492 1581 se,
1546 1504 1649 1569 sed
1693 1505 1916 1593 aliquid
1959 1527 2068 1593 pro
2111 1506 2343 1592 stupida

234 1607 426 1694 plebe.
504 1607 774 1671 Tandem
806 1606 1068 1694 quaesivi
1096 1606 1297 1683 illum,
1351 1628 1458 1671 vos
1488 1605 1724 1670 ducenti
1747 1606 1862 1680 ibi,
1910 1606 2189 1690 quamdiu
2215 1606 2346 1690 gio-

234 1708 469 1771 riamini
497 1707 579 1770 ita
609 1707 763 1771 inter
792 1729 928 1778 vos;
983 1707 1126 1771 dixit
1155 1707 1215 1770 in
1239 1716 1587 1783 aeternum,
1637 1707 1740 1771 sed
1769 1705 1927 1792 quod
1957 1705 2041 1769 illi
2081 1727 2114 1769 e
2151 1704 2345 1794 nobis,

236 1809 336 1894 qui
385 1808 650 1872 cruciant
696 1808 841 1871 alios
888 1817 1131 1894 propter
1176 1807 2086 1896 negatamosupereminentiam,
2156 1806 2388 1872 subsi·-

235 1907 419 1981 dant3
469 1908 607 1972 licet
635 1908 793 1972 enim
818 1908 989 1972 nobis
1017 1907 1291 1993 gloriari,
1345 1908 1448 1971 sed
1482 1928 1601 1971 non
1630 1906 1806 1971 alicui
1831 1907 2054 1970 mahnm
2089 1906 2344 1978 inferre3

238 2009 504 2096 quaesivi
553 2009 805 2084 iterum,
871 2009 1060 2071 seisne
1110 2007 1300 2095 qualis
1342 2029 1471 2071 sors
1515 2017 1603 2071 est
1642 2007 2116 2083 subsidentibus,
2185 2005 2346 2082 dixit,

235 2108 400 2194 quod
444 2107 752 2174 subsidant
794 2108 852 2171 in
894 2106 1191 2194 quendam
1236 2128 1570 2184 carcerem,
1622 2108 1723 2172 ubi
1770 2114 2061 2171 vocantur
2107 2106 2347 2173 viliores

232 2207 457 2272 vilibus
478 2230 599 2272 seu
621 2205 914 2282 vilissimi,
968 2216 1025 2269 et
1053 2206 1365 2280 laborant;
1420 2215 1560 2271 tunc
1588 2206 1706 2272 dixi
1731 2207 1805 2272 ad
1834 2205 2133 2274 diabolum
2161 2207 2345 2282 illum,

230 2328 385 2373 cave
412 2308 613 2395 itaque
641 2316 736 2381 tu,
789 2328 863 2368 ne
892 2307 1070 2371 etiam
1099 2306 1381 2371 subsidas.

397 2408 547 2471 Post
586 2406 736 2471 haec
780 2407 997 2470 iterum
1040 2407 1272 2493 aperuit
1310 2429 1373 2472 se
1419 2418 1613 2484 terra,
1663 2367 1764 2473 sod
1809 2409 1883 2473 ad
1930 2409 2232 2485 dextrum,
2283 2417 2344 2473 et

236 2505 363 2571 vidi
392 2515 800 2593 exsurgentem
829 2507 1006 2571 alium
1035 2507 1386 2584 Diabolum,
1422 2529 1599 2596 super
1631 2510 1796 2596 cujus
1824 2510 2011 2597 capite
2039 2519 2168 2575 erat
2192 2510 2345 2574 sicut

232 2605 499 2682 Cidaris,
556 2608 984 2673 circumvoluta
1023 2606 1195 2696 spiris
1235 2619 1516 2699 tanquam
1560 2610 1830 2686 colubri,
1881 2611 2046 2696 eujus
2091 2619 2265 2698 caput
2308 2629 2342 2673 e

231 2706 461 2773 vertice
489 2708 769 2781 eminuit,
824 2708 1009 2772 facies
1033 2709 1086 2773 ei
1112 2719 1241 2773 erat
1267 2709 1500 2797 leprosa
1528 2732 1561 2774 a
1588 2711 1785 2774 fronte
1824 2710 1900 2774 ad
1939 2718 2232 2785 mentem,
2282 2718 2345 2772 et

229 2827 471 2894 quoque
499 2817 757 2895 utraque
782 2830 1021 2885 manus,
1073 2810 1256 2874 lumbi
1299 2821 1472 2875 erant
1512 2812 1653 2877 nudi
1696 2819 1755 2874 et
1795 2811 1909 2874 atri
1949 2811 2098 2875 sicut
2137 2809 2344 2895 fuligo,

230 2922 338 2997 per
364 2931 540 2994 quam
571 2910 723 2995 ignis
750 2912 900 2974 sicut
928 2909 1044 2974 soci
1071 2909 1244 2977 furve
1271 2911 1663 2999 transparuit,
1717 2922 1777 2974 et
1807 2910 1909 2974 tali
1953 2910 2167 2995 pedum
2192 2909 2344 2975 sicut

230 3010 381 3074 duae
409 3010 684 3098 viperae:
742 3011 904 3094 prior
930 3010 1219 3075 Diabolus
1247 3010 1362 3075 hoc
1390 3011 1518 3077 viso
1553 3012 1806 3098 conjecit
1833 3033 1895 3074 se
1925 3031 2106 3096 super
2130 3029 2343 3096 genua,

228 3119 290 3174 et
317 3109 591 3178 adoravit
620 3110 817 3182 illum;
870 3111 1169 3196 quaesivi,
1220 3132 1326 3175 cur
1353 3111 1468 3186 ita,
1519 3111 1695 3187 dixit,
1748 3119 1833 3175 est
1872 3111 1970 3174 ille
2012 3110 2156 3175 deus
2194 3108 2341 3173 caeli

229 3219 288 3273 et
314 3220 545 3286 terrae,
596 3221 801 3296 estque
833 3211 1238 3298 omnipotens;
1292 3219 1350 3275 et
1385 3220 1526 3275 tunc
1553 3211 1817 3296 quaesivi
1849 3209 2039 3286 bunc,
2092 3211 2233 3296 quid
2276 3219 2341 3272 tu

232 3310 377 3375 dicis
404 3309 479 3372 ad
508 3298 656 3385 hoc„
710 3312 1041 3399 respondit,
1095 3311 1236 3397 quid
1265 3311 1491 3386 dicam,
1546 3322 1633 3375 est
1675 3310 1817 3377 mibi
1859 3311 2051 3374 omnis
2084 3318 2343 3395 potestas

227 3407 680 3498 super-Caelum
711 3419 767 3474 et
800 3411 1140 3487 infernum,
1183 3433 1312 3476 sors
1341 3412 1603 3476 omnium
1636 3411 1966 3477 animarum
2006 3419 2092 3473 est
2119 3410 2178 3472 in
2210 3429 2341 3475 mea

228 3528 443 3584 manu;
500 3519 559 3574 et
589 3512 852 3596 quaesivi
899 3513 1152 3586 iterum,
1208 3511 1506 3598 quomodo
1549 3521 1740 3599 potest
1784 3511 1916 3587 ille„
1966 3511 2064 3597 qui
2107 3519 2194 3574 est
2234 3510 2344 3573 im·-

172 3683 183 3693 .
228 3619 475 3698 perator
518 3611 987 3696 imperatorum,
1043 3611 1123 3674 ita
1163 3633 1225 3676 se
1270 3612 1651 3686 submittere,
1716 3620 1775 3675 et
1819 3621 1880 3675 tu
1927 3612 2338 3679 adorationem

226 3704 561 3800 reciperes
587 3712 923 3797 respondit,
972 3706 1065 3777 est
1108 3733 1292 3799 usque
1333 3732 1498 3775 meus
1538 3733 1775 3788 servus,
1842 3712 1980 3800 quid
2019 3713 2340 3799 imperator

228 3831 431 3876 coram
478 3811 639 3885 Deo,
678 3821 778 3877 est
824 3814 884 3876 in
934 3811 1138 3877 dextra
1194 3832 1322 3887 mea
1379 3811 2226 3888 fulmen-excommunicandi:
2280 3821 2342 3876 et

227 3919 369 3975 tune
403 3911 522 3975 dixi
560 3911 672 3987 illi,
728 3912 1028 4002 quomodo
1074 3921 1241 4001 potes
1283 3913 1366 3977 ita
1408 3911 1699 3989 insanire,
1770 3912 1968 3977 fueras
2006 3913 2065 3976 in
2111 3910 2340 3977 Mundo

225 4011 414 4077 solum
450 4011 821 4090 canonicus,
869 4024 939 4080 et
966 4013 1104 4101 quia
1141 4012 1450 4099 phantasia
1493 4012 1809 4087 laborasti,
1866 4012 2025 4098 quod
2067 4011 2173 4074 tibi
2210 4010 2342 4075 sue-

227 4111 341 4176 rint
397 4114 627 4190 claves,
693 4124 750 4178 et
798 4115 935 4181 inde
986 4122 1245 4200 potestas
1298 4112 1555 4199 ligandi,
1610 4123 1668 4177 et
1718 4110 2021 4186 solvendi,
2072 4110 2340 4198 spiritum

229 4221 390 4305 tuum
421 4213 484 4279 in
513 4214 666 4280 hunc
699 4214 1255 4301 gradum‘vesaniae
1286 4233 1589 4288 evexeras,
1637 4223 1699 4279 ut
1728 4233 1887 4276 nunc
1917 4209 2137 4284 credaS,
2181 4203 2340 4290 quod
