2750 4775
461 318 570 366 5605
693 305 896 357 usu
931 305 1150 358 ERSA
1199 304 1739 357 THEOLOGIA
1798 305 1863 358 N.
1904 303 1971 357 C.
2018 303 2122 354 ET
2164 305 2232 361 N.
2275 304 2335 356 Ε.

515 464 570 522 4.

516 666 571 723 5.

471 2772 575 2832 10.

627 457 804 539 Quod
834 456 1147 544 posthanc
1173 458 1433 524 Noctem
1460 467 1747 543 sequatur
1776 459 1989 529 Mane;
2043 466 2104 520 et
2149 455 2306 544 quod
2334 453 2546 519 Adven-

667 569 760 621 tus
789 557 1029 623 Domini
1055 559 1128 622 sit
1154 559 1316 633 illud,
1374 580 1445 621 n:
1496 563 1621 623 764
1658 559 1730 620 ad
1760 563 1908 621 767.

628 658 808 740 Quod
835 656 1145 723 Adventus
1175 658 1437 732 Domini,
1472 680 1591 723 non
1618 660 1693 722 sit
1720 658 2031 725 Adventus
2061 648 2252 743 Ipsius
2280 656 2349 719 ad
2375 654 2549 719 delen·

663 760 802 822 dum
834 759 1078 831 Caelum
1125 759 1483 846 aspectabile
1524 769 1584 823 et
1629 759 1883 823 Terram
1928 757 2310 831 habitabilem
2330 806 2344 832 ‚
2392 765 2447 818 et
2481 754 2545 819 ad

664 861 986 924 creandum
1016 882 1236 924 novum
1265 859 1509 928 Caelum
1537 869 1596 922 et
1624 881 1844 923 novam
1874 859 2164 933 Terram,
2200 858 2345 922 sicut
2372 856 2546 927 hacte-

665 983 774 1025 nus
804 960 971 1023 multi
999 982 1072 1024 ex
1100 981 1218 1023 non
1260 961 1560 1026 intellecto
1596 960 1783 1025 Sensu
1826 959 2121 1048 spirituali
2148 958 2326 1023 Verbi
2354 955 2570 1054 opinati,

668 1071 835 1135 sunt,
881 1064 1132 1124 11:768
1162 1061 1233 1123 ad
1267 1065 1414 1125 771.

568 1216 577 1227 .
633 1162 808 1242 Quod
854 1162 949 1224 bic
993 1159 1304 1225 Adventus
1350 1162 1623 1236 Domini,
1680 1160 1779 1246 qui
1837 1170 1922 1223 est
1976 1159 2319 1234 Secundus,
2368 1157 2552 1220 existat

668 1271 907 1350 propter
936 1283 1207 1337 causam,
1263 1270 1328 1324 ut
1365 1270 1720 1348 separentur
1749 1261 1889 1325 mali
1917 1282 1951 1323 a
1993 1261 2201 1335 bonis,
2252 1280 2321 1322 ac
2363 1266 2420 1320 ut
2454 1256 2551 1321 sal-

668 1370 884 1431 ventur
926 1362 1039 1437 illi,
1095 1362 1193 1447 qui
1237 1362 1616 1425 crediderunt
1656 1370 1714 1424 et
1742 1361 1991 1425 credunt
2030 1362 2094 1425 in
2139 1361 2365 1446 Ipsum,
2413 1363 2551 1419 aeut

667 1465 744 1527 ab
785 1463 874 1527 bis
905 1461 1194 1527 formetur
1232 1463 1475 1527 Novum
1506 1462 1751 1526 Caelum
1792 1460 2153 1548 Angelicum
2180 1470 2238 1525 et
2263 1460 2431 1525 Nova
2456 1456 2549 1520 Ec-

667 1563 842 1627 clesia
872 1563 931 1625 in
958 1564 1194 1628 Terris:
1250 1571 1309 1625 et
1336 1562 1495 1648 quod
1527 1563 1749 1649 absque
1780 1584 1852 1626 eo
1881 1583 2021 1624 non.
2043 1571 2245 1649 posset
2282 1560 2397 1625 ulla
2432 1550 2555 1620 caro'

670 1665 1042 1739 conservari,
1096 1661 1306 1726 Matth.
1340 1662 1573 1728 XXIV:
1623 1667 1739 1737 Ὧς
1795 1685 1863 1726 n:
1906 1667 2031 1727 'rc-2
2070 1661 2144 1724 ad
2180 1666 2328 1724 775.
2380 1726 2387 1729 ,
2464 1702 2471 1706 -

563 1813 576 1826 .
631 1764 806 1845 Quod
835 1766 1138 1831 Secundus
1179 1765 1272 1826 bic
1304 1762 1611 1827 Adventus
1638 1764 1879 1827 Domini
1924 1785 2044 1827 uon
2088 1763 2181 1827 sit*
2208 1764 2265 1825 in
2292 1762 2545 1829 Persona,

667 1866 770 1929 sed
799 1865 961 1951 quod
987 1869 1058 1928 sit
1088 1867 1147 1927 in
1175 1865 1409 1939 Verbo,
1464 1865 1629 1950 quod
1652 1873 1738 1928 est
1770 1865 1845 1927 ab
1873 1864 2012 1950 Ipso
2055 1873 2118 1928 et
2161 1864 2247 1928 sic
2289 1861 2443 1948 Ipse,
2490 1877 2546 1920 u:

672 1970 821 2029 776.
858 1971 1002 2028 777.
1035 1969 1183 2027 778.
2364 2016 2367 2017 γ

631 2066 806 2147 Quod
851 2065 1159 2129 Secundus
1203 2064 1298 2129 hic
1324 2062 1634 2129 Adventus
1673 2063 1909 2129 Domini
1960 2062 2217 2149 fiat-per
2263 2059 2555 2129 bominem,

669 2187 868 2249 coram
897 2187 1014 2252 quo
1046 2164 1338 2229 Dominus
1366 2165 1426 2227 in
1455 2165 1717 2230 Persona
1745 2165 1821 2228 Se
1858 2164 2285 2239 manifestavit,
2320 2172 2375 2224 et
2401 2176 2547 2247 quem

667 2264 928 2351 implevit
955 2287 1063 2331 suo
1089 2267 1294 2351 spiritu
1325 2266 1399 2329 ad
1429 2266 1757 2329 docendum
1778 2264 1991 2328 Novae
2013 2264 2317 2329 Ecclesiae
2345 2256 2550 2326 Doctri-

669 2386 774 2432 nas
806 2387 907 2451 per
936 2365 1198 2432 Verbum
1229 2369 1303 2434 ab
1335 2365 1500 2452 Ipso,
1558 2389 1627 2432 n:
1679 2370 1826 2432 779.
1873 2370 2021 2432 780.

561 2515 573 2530 .
633 2465 807 2545 Quod
862 2466 976 2530 hoc
1019 2489 1123 2554 per
1169 2469 1411 2532 Novum
1456 2465 1699 2531 Caelum
1755 2477 1810 2531 et
1840 2466 2091 2540 ,Novam
2153 2462 2456 2559 [Terram‚
2500 2466 2548 2521 el

672 2566 807 2629 inde
838 2568 1290 2632 descendentem
1321 2568 1591 2652 Novam]
1623 2568 2106 2657 Hierosolymam
2138 2570 2199 2630 in
2221 2556 2547 2655 Apocalypsi

668 2667 807 2753 Cap.
853 2668 1020 2744 XXI,
1067 2668 1467 2755 intelligatur,
1521 2691 1593 2730 n:
1649 2673 1768 2732 781
1808 2669 1882 2734 ad
1915 2672 2060 2731 785.

632 2768 810 2849 Quod
842 2769 1016 2836 Nova
1047 2768 1195 2833 haec
1222 2768 1486 2832 Ecclesia
1515 2769 1587 2831 sit
1609 2769 1844 2833 Corona
1876 2769 2137 2832 omnium
2162 2767 2550 2833 Ecclesiarum,

671 2892 823 2957 quae
861 2868 977 2934 buc
1023 2870 1291 2957 usquein
1320 2870 1648 2933 Terrarum
1680 2870 1844 2934 Orbe
1887 2868 2162 2944 fuerunt,
2221 2890 2289 2934 n:
2338 2868 2452 2931 ’186
2488 2857 2548 2923 ad

674 2976 822 3034 791.

1027 3116 1998 3228 ADDITAMENTUM.

566 3322 577 3333 .
635 3269 725 3333 De
751 3271 997 3337 Morino
1024 3273 1425 3345 SmnrruAm,
1481 3270 1669 3356 qualis
1708 3239 1832 3344 ille,
1892 3290 1958 3331 n:
2008 3274 2137 3333 792
2165 3269 2241 3333 ad
2276 3272 2416 3333 ²195.

631 3371 723 3438 De
750 3371 1054 3458 Lumssuo
1080 3374 1139 3433 in
1169 3371 1394 3434 Mundo
1423 3370 1731 3455 spirituali,
1783 3392 1818 3431 n
1847 3397 1860 3432 :
1908 3375 2054 3435 796.

564 3522 577 3535 .
634 3471 727 3534 De
755 3471 1362 3538 Mncmcurnonssin
1394 3471 1620 3538 Mundo
1648 3471 1973 3556 spirituali,
2028 3492 2100 3532 n:
2153 3474 2298 3534 297.

633 3573 720 3633 De
750 3571 1036 3633 Cacvtuo
1064 3570 1122 3631 in
1155 3571 1380 3633 Mundo
1407 3571 1730 3658 spirituali,
1783 3593 1857 3633 n:
1910 3576 2240 3638 7980799.
2320 3611 2325 3616 ι

566 3722 576 3733 .
632 3672 721 3734 De
753 3669 1120 3733 HocLANms
1148 3669 1206 3731 in
1231 3671 1463 3752 Mundo
1493 3670 1815 3757 spirituali,
1838 3719 1847 3722 -
1871 3694 1939 3734 nz
1989 3677 2116 3754 800
2148 3672 2221 3740 ad
2256 3671 2399 3754 805.

565 3821 575 3832 .
632 3771 722 3833 De
748 3766 983 3832 Aucus
1011 3768 1069 3830 in
1102 3771 1326 3834 Mundo
1355 3772 1677 3858 spirituali,
1730 3793 1803 3835 n:
1853 3778 1980 3837 806
2013 3757 2086 3838 ad
2119 3775 2268 3835 812.

564 3918 577 3933 .
636 3871 728 3936 De
753 3867 1087 3962 Gcnmams
1114 3870 1174 3933 in
1203 3871 1427 3936 Mundo
1455 3873 1764 3959 spirituali,
1818 3894 1886 3935 n:
1945 3875 2071 3936 813
2104 3872 2179 3939 ad
2208 3875 2357 3935 816.

566 4021 586 4035 .
637 3970 729 4035 De
755 3971 1139 4036 Ponrrmcns
1164 3971 1225 4036 in
1253 3972 1487 4050 Mundo
1510 3972 1837 4060 spirituali,
1891 3995 1963 4037 n:
2012 3976 2137 4036 817
2173 3972 2246 4037 ad
2281 3974 2418 4036 821.

632 4074 722 4142 De
747 4072 1008 4136 smnus
1048 4071 1566 4138 Ponrlmcronum
1604 4073 1664 4135 in
1697 4073 1923 4138 Mundo
1958 4069 2265 4161 spirituali,
2319 4094 2383 4135 n:
2432 4064 2542 4131 822

676 4171 746 4234 ad
781 4175 860 4234 82
875 4175 930 4234 7.
