2750 4775
29 2931 41 2972 -q
29 2823 43 2871 ss
29 2725 45 2792 ’π
29 2607 45 2666 w
29 2503 45 2568 ‘ff‘-

31 3755 34 3762 -
31 3625 35 3679 ff„
31 3537 36 3579 --
29 3419 38 3476 ’Ἰν-
29 3331 39 3377 -
29 3237 39 3296 ⁴⁸·-
29 3133 41 3172 v·-
31 3025 42 3070 aa„

720 357 739 371 '
834 383 986 439 xm.
1069 382 1420 442 SANCTA.
1476 383 1787 440 CQENA.
2250 399 2353 448 ειη

249 560 455 615 norw,
506 557 661 626 quae
686 544 815 600 erat
839 535 1042 602 Prima
1071 555 1143 598 ex
1182 534 1544 621 sapientibus
1568 556 1601 597 e
1625 535 1813 623 Plaga
1854 538 2236 618 occidentali,
2284 561 2358 605 ex

245 662 499 706 suarum
544 636 915 708 affectionum
963 635 1421 722 cogitationibus
1464 636 1643 701 edidit
1683 635 1830 704 boet
1869 640 2019 726 ⁴quid
2060 637 2354 707 Gaudium

248 742 524 828 Caeleste
577 749 636 803 et
687 739 961 804 Felicitas
1006 747 1247 802 aeterna
1296 736 1491 813 alind,
1559 761 1734 825 quam
1787 738 2167 826 Epulationes
2221 765 2356 808 cum

251 841 640 918 Abrahamo‚
693 838 893 915 lsaco,
958 847 1019 903 et
1059 839 1325 913 Jacobo,
1388 861 1565 927 super
1625 862 1876 925 quorum
1922 841 2142 907 Mensis
2183 854 2362 908 erunt

250 943 471 1009 Edulia
501 940 1132 1028 delicata-etopipara,
1172 940 1424 1005 ac‘Vina
1451 960 1741 1024 generosa
1771 949 1830 1004 et
1854 942 2099 1017 nobilia,
2141 952 2203 1007 et
2228 955 2359 1030 post
2465 942 2472 948 ’

244 1043 649 1135 epulasLudi
688 1064 761 1107 ac
803 1040 1072 1107 Choreae
1126 1041 1419 1128 virginum
1463 1051 1522 1104 et
1566 1042 1847 1128 juvenum
1891 1042 2234 1108 saltantium
2280 1046 2356 1111 ad

248 1147 464 1211 modos
491 1143 978 1235 symphoniarum
1008 1151 1066 1206 et
1096 1143 1372 1210 tibiarum
1392 1190 1412 1216 ‚
1463 1143 2079 1229 interjectiscantibus
2107 1145 2354 1210 odarum

246 1247 646 1315 suavissimis:
700 1254 757 1309 et
785 1246 1021 1320 demum
1049 1245 1125 1308 ad
1166 1266 1476 1329 vesperam
1515 1257 1686 1307 erunt
1726 1245 2072 1329 Spectacula
2114 1268 2186 1312 ex
2223 1270 2355 1333 per-

246 1349 504 1419 sonatis‹;
557 1357 616 1410 et
645 1345 947 1434 posthaec
975 1347 1187 1409 iterum
1220 1345 1476 1430 Epulae‚
1523 1345 1690 1416 etsie
1718 1347 1927 1432 quovis
1956 1347 2047 1411 die
2078 1348 2135 1411 in
2165 1360 2355 1414 aeter-

248 1472 413 1515 num.
509 1450 619 1513 His
670 1447 904 1521 edictis,
957 1445 1230 1526 Quan'rs
1282 1446 1567 1522 Conon,
1632 1463 1786 1533 quae
1829 1449 2270 1516 eratsecunda
2317 1473 2350 1512 e

249 1553 427 1641 plaga
470 1549 848 1623 occidentali,
914 1548 1244 1618 enuntiavit
1294 1567 1462 1612 suam
1517 1550 1905 1624 sententiam,
1956 1550 2191 1627 dicens,
2246 1573 2352 1617 nos

240 1651 508 1719 'fovimus
536 1651 729 1738 plures
756 1650 915 1722 ideas
942 1650 1015 1714 de
1042 1648 1278 1714 Gaudio
1304 1648 1588 1725 Caelesti,
1642 1661 1703 1711 et
1731 1650 1803 1713 de
1831 1650 2137 1718 Felicitate
2162 1661 2352 1717 aeter·

245 1776 363 1829 na,
415 1763 474 1817 et
500 1752 937 1839 exploravimus
977 1750 1144 1815 varia
1177 1748 1412 1814 Gaudia
1452 1759 1509 1814 et
1549 1750 1903 1816 contulimus
1944 1753 2040 1816 illa
2079 1752 2239 1816 inter
2266 1774 2348 1829 se,

244 1866 309 1921 et
337 1854 726 1922 conclusimus
754 1853 912 1939 quod
936 1851 1169 1916 Gaudia
1201 1850 1490 1917 Caelestia
1532 1853 1646 1916 sint
1690 1850 1920 1918 Gaudia
1949 1853 2347 1930 Paradisiaca,

244 1956 389 2045 quid
445 1955 604 2020 aliud
655 1954 896 2018 Caelum
951 1974 1124 2040 quam
1178 1953 1528 2028 Paradisus‚
1593 1953 1775 2038 Cujus
1819 1956 2081 2019 extensio
2131 1955 2346 2032 estab

243 2058 496 2122 Oriente
523 2057 581 2118 in
613 2055 1027 2129 Occidentem,
1066 2065 1121 2115 et
1163 2075 1196 2115 a
1241 2053 1492 2118 Meridie
1531 2053 1591 2115 in
1630 2052 2134 2142 Septentrionem,
2187 2064 2247 2120 et
2286 2056 2344 2118 in

242 2159 350 2224 illo
387 2159 634 2222 arbores
666 2156 963 2220 fructuum
1011 2164 1069 2218 et
1113 2152 1293 2220 flores
1330 2154 1703 2230 delitiarum,
1756 2156 1813 2217 in
1858 2177 2108 2242 quarum
2153 2155 2344 2221 medio

241 2273 335 2332 eat
363 2256 673 2344 magnifica
700 2254 898 2324 Arbor
925 2256 1100 2330 vitae,
1129 2255 1353 2319 circum
1380 2277 1556 2340 quam
1584 2256 1871 2322 sedebunt
1902 2258 2077 2333 beati,
2105 2279 2343 2323 vescen-

248 2373 342 2425 tes
367 2360 656 2425 fructibus
681 2357 907 2446 saporis
934 2356 1196 2432 delicati,
1234 2377 1303 2420 ac
1331 2357 1528 2421 ornati
1551 2357 1720 2422 sertis
1747 2355 1958 2423 florum
1989 2360 2187 2427 odoris
2211 2382 2350 2425 sua·

245 2461 513 2531 vissimh·
558 2470 615 2523 et
643 2458 973 2546 quodhaec
1000 2458 1295 2546 aspirante
1324 2469 1608 2546 perpetuo
1641 2481 1779 2529 vere
1818 2462 2006 2527 indies
2042 2484 2175 2528 cum
2213 2461 2345 2526 infi—

247 2561 376 2624 nita
424 2561 710 2624 varietate
748 2570 1104 2625 enascantur
1150 2570 1209 2623 et
1253 2570 1668 2634 renascantur;
1699 2560 1782 2625 'et
1824 2562 1978 2648 quod
2020 2585 2096 2628 ex
2128 2563 2343 2633 horum

248 2670 394 2729 ortu
433 2671 490 2726 et
543 2660 689 2726 flore
739 2671 1051 2749 perpetuo,
1119 2673 1176 2723 et
1225 2660 1398 2723 simul
1444 2683 1515 2724 ex
1553 2665 1834 2750 temperie
1879 2664 2096 2751 jugiter
2138 2687 2343 2740 verna,

242 2763 432 2829 animi
462 2764 733 2829 continue
761 2763 1030 2828 renovati
1060 2784 1177 2826 non
1208 2765 1430 2849 possint
1457 2763 1628 2829 aliter
1666 2786 1844 2849 quam
1884 2764 2117 2832 Gaudia
2156 2767 2345 2830 indies

242 2885 407 2930 nova
437 2865 734 2931 attrahere
764 2872 821 2927 et
850 2865 1171 2950 respirare,
1226 2873 1283 2926 et
1324 2864 1463 2928 inde
1500 2865 1558 2929 in
1597 2862 1906 2931 florentem
1945 2875 2232 2943 aetatem,
2284 2875 2345 2929 et

241 2989 352 3056 per
378 2966 531 3031 banc
552 2970 614 3029 in
632 2966 1002 3055 primitivum
1026 2973 1274 3039 statum,
1327 2967 1388 3030 in
1425 2986 1598 3051 quem
1629 2966 1890 3033 Adamus
1929 2976 1989 3029 et
2028 2966 2154 3051 ejus
2193 2985 2343 3029 uxor

240 3068 424 3132 creati
452 3070 615 3143 suni,
659 3066 890 3142 reduci,
936 3077 993 3129 et
1018 3067 1103 3130 sic
1128 3066 1188 3128 in
1214 3065 1564 3135 Paradisum
1593 3066 1860 3143 illorum,
1900 3089 1932 3130 e
1962 3075 2120 3130 terra
2149 3074 2342 3130 trans·

241 3172 429 3237 latum
454 3169 518 3233 in
545 3168 786 3234 Caelum
810 3219 824 3240 ‚
871 3167 1106 3231 remitti.
1186 3161 1441 3248 Qun-112«
1467 3160 1754 3243 coneus,
1806 3188 1958 3254 quae
1985 3175 2114 3231 erat
2139 3166 2342 3233 Prima

240 3293 316 3336 ex
342 3271 661 3356 ingeniosis
687 3290 719 3331 e
746 3269 937 3353 Plaga
965 3268 1365 3343 meridionali,
1420 3266 1593 3332 effata
1624 3281 1709 3332 est
1738 3270 1880 3340 hoc;
1932 3267 2165 3333 Gaudia
2211 3288 2344 3332 cae·

200 3402 206 3408 ⁴
239 3372 413 3436 lestia
437 3380 498 3434 et
527 3370 799 3436 Felicitas
824 3377 1063 3441 aeterna
1094 3391 1211 3433 non
1242 3370 1398 3433 aliud
1427 3379 1594 3442 sunt,
1648 3392 1822 3454 quam
1851 3368 2341 3458 supereminentia

239 3472 554 3548 Dominia‚
609 3480 667 3536 et
696 3471 1169 3558 opulentissimae
1193 3469 1427 3546 Gazae,
1475 3477 1535 3531 et
1564 3470 1696 3532 inde
1736 3470 2343 3556 supertegiaiMagni-

239 3572 480 3638 ficentia
508 3593 577 3636 ac
603 3570 1019 3657 superillustris
1055 3572 1364 3657 splendor:
1419 3571 1576 3657 quod
1614 3569 1844 3636 Gaudia
1887 3571 2081 3647 Caeli,
2131 3581 2192 3637 et
2229 3569 2341 3636 ho-

238 3687 375 3740 rum
403 3674 605 3739 fruitio
624 3672 944 3746 continua,
1002 3681 1269 3758 quaeest
1298 3682 1541 3739 aeterna
1573 3671 1848 3747 felicitas,-
1893 3674 1989 3737 illa
2018 3675 2164 3751 sint,
2211 3695 2343 3762 per·

234 3776 537 3863 speximus
564 3797 634 3838 ex
662 3774 773 3838 illis
801 3773 857 3835 in
889 3774 1115 3839 Mundo
1146 3775 1359 3862 priori,
1414 3772 1510 3860 qui
1542 3773 1706 3861 potiti
1743 3786 1876 3838 sunt
1905 3774 2045 3847 illis;
2096 3786 2154 3840 et
2182 3776 2342 3841 insu·

236 3899 344 3965 per
372 3899 443 3941 ex
472 3897 578 3952 ee,
631 3874 787 3962 quod
837 3873 1034 3939 felices
1076 3873 1137 3937 in
1178 3875 1357 3939 Caelo
1391 3876 1693 3960 regnaturi
1732 3876 1847 3938 sint
1890 3898 2020 3940 cum
2062 3877 2341 3953 Domino,

233 3999 307 4045 ac
333 3977 517 4043 futuri
546 3997 714 4064 reges
743 3985 802 4039 et
834 3977 1155 4064 principes,
1206 3978 1341 4064 quia
1370 3984 1507 4040 sunt
1548 3974 1892 4062 filiilpsius,
1947 3977 2065 4057 Qui
2095 3987 2182 4043 est
2208 3978 2344 4043 Rex

231 4099 444 4167 regum
475 4088 543 4143 et
562 4077 850 4144 Dominus
876 4076 1284 4155 dominorum,
1329 4087 1388 4141 et
1413 4077 1569 4162 ¹quod
1596 4078 1809 4141 sessuri
1835 4076 1951 4141 sint
1978 4099 2155 4165 super
2178 4077 2352 4147 thro·¹

227 4181 349 4256 nis,
396 4191 453 4245 et
483 4179 641 4268 quod
668 4175 877 4264 Angeli
909 4177 1018 4241 illis
1046 4178 1431 4242 ministraturi
1459 4176 1630 4249 Sintai
1654 4177 2152 4263 magnificentiam
2180 4175 2340 4242 Caeli

229 4283 642 4370 perspeximus
693 4303 764 4346 ex
816 4278 963 4355 hoc,
1030 4279 1190 4366 quod
1244 4279 1424 4346 Nova
1480 4276 1934 4365 Hierosolyma,
2003 4299 2109 4361 per
2158 4295 2338 4361 quam
