2750 4775
441 363 552 413 non
669 348 1130 405 Untvssnsa
1173 350 1709 406 THEOLOGM
1754 352 1824 408 N.
1864 349 1937 411 C,
1976 351 2082 404 ET
2124 350 2195 407 N.
2238 351 2307 407 E.
2384 386 2389 395 .

539 513 822 571 teruntet
857 504 1131 570 viderunt
1158 503 1288 569 illos
1315 503 1433 579 ita,
1483 500 1727 568 fuerunt
1753 503 1920 592 pueri
1947 525 2079 569 cum
2111 504 2440 591 magistro,
2488 514 2556 570 et
2692 540 2695 545 ·

537 606 634 671 bic
663 606 939 672 instruxit
975 605 1108 671 illos
1131 604 1275 692 quid
1312 603 1684 690 significabat
1708 605 2000 692 apparitio
2024 604 2178 672 sicut
2205 606 2358 693 Equi
2391 626 2558 671 mor-

539 709 644 782 tui,
696 715 755 772 et
779 716 923 771 tunc
950 707 1190 794 quinam
1218 716 1375 780 suut,
1427 705 1530 792 qui
1559 726 1594 770 e
1617 705 1943 793 longinquo
1973 706 2051 771 ita
2088 718 2406 794 apparent,
2461 707 2555 775 di-

541 831 679 874 cens
717 807 876 895 qnod
911 809 1057 882 sint,
1121 807 1224 893 qui
1264 805 1405 871 dum
1448 805 1650 891 legunt
1692 806 1994 881 Verbum,
2059 808 2453 873 materialiter
2480 818 2555 872 -et

541 932 664 977 non
705 908 1085 997 spiritualiter
1121 908 1193 972 de
1223 907 1385 982 Deo,
1439 907 1513 970 de
1540 907 1821 972 Proximo
1846 918 1906 971 et
1933 908 2005 971 de
2032 909 2214 973 Caelo
2256 911 2551 995 cogitant,

539 1020 601 1077 et
629 1011 789 1100 quod
816 1010 900 1075 illi
930 1008 1314 1074 materialiter
1341 1009 1604 1095 cogitent
1630 1008 1703 1071 de
1731 1008 1892 1083 Deo,
1944 1008 2047 1098 qui
2075 1030 2146 1074 ex
2172 1010 2447 1077 Persona
2475 1011 2553 1075 de

543 1112 842 1188 Essentia,
894 1110 966 1174 de
995 1109 1273 1175 Proximo
1301 1130 1372 1173 ex
1397 1107 1548 1174 facie
1576 1118 1637 1172 et
1661 1109 1896 1195 loquela
1924 1111 1999 1174 de
2024 1111 2341 1198 qualitate,
2386 1122 2450 1175 et
2476 1112 2553 1177 de

544 1214 725 1279 Caelo
764 1232 838 1277 ex
864 1211 997 1277 loco
1028 1212 1104 1277 de
1128 1220 1285 1279 statu
1315 1210 1533 1277 amoris
1570 1211 1687 1283 ibi;
1740 1220 1806 1274 at
1839 1211 1997 1298 quod
2035 1211 2119 1275 illi
2158 1213 2553 1300 spiritualiter

541 1316 834 1402 cogitent,
885 1313 990 1399 qui
1027 1312 1104 1377 de
1142 1313 1272 1377 Deo
1311 1333 1384 1376 ex
1423 1310 1691 1376 Essentia
1731 1320 1790 1376 et
1830 1312 1967 1377 inde
2005 1312 2078 1377 de
2113 1313 2418 1389 Persona,
2472 1313 2549 1378 de

541 1414 823 1483 Proximo
849 1434 921 1478 ex
944 1413 1231 1499 qualitate
1260 1421 1318 1476 et
1343 1411 1482 1475 inde
1508 1412 1581 1475 de
1607 1412 1756 1477 facie
1782 1422 1841 1477 et
1868 1414 2120 1501 loquela,
2154 1434 2226 1478 ac
2254 1415 2329 1476 de
2361 1413 2550 1480 Caelo

539 1539 614 1582 ex
638 1525 796 1583 statu
822 1514 1042 1580 amoris
1079 1514 1161 1578 ibi
1203 1523 1261 1577 et
1301 1514 1438 1578 inde
1474 1514 1551 1578 de
1587 1514 1754 1587 loco;
1806 1522 1866 1578 et
1908 1522 2108 1604 postea
2150 1515 2357 1579 docuit
2400 1515 2550 1593 illos,

541 1617 700 1707 quod
745 1615 950 1704 Equus
986 1612 1277 1703 significet
1317 1612 1679 1679 intellectum
1720 1615 1935 1692 Verbi,
1986 1624 2047 1678 et
2084 1615 2226 1704 quia
2266 1615 2540 1685 Verbum

541 1720 699 1805 apud
727 1717 887 1792 illos,
941 1716 1039 1803 qui
1068 1716 1449 1800 spiritualiter
1475 1716 1773 1801 cogitant,
1822 1717 1961 1781 dum
1992 1716 2406 1803 legantium,
2458 1727 2545 1783 est

540 1820 739 1886 Litera
772 1818 942 1892 viva,
982 1815 1141 1902 quod
1172 1817 1304 1881 ideo
1333 1816 1414 1880 illi
1443 1839 1475 1878 e
1504 1815 1830 1903 longinquo
1860 1818 2364 1905 appareant‹sicut
2395 1819 2545 1905 Equi

541 1922 695 1996 vivi,
747 1930 806 1983 et
834 1918 1117 1992 vicissim,
1170 1919 1306 2006 quia
1339 1918 1604 1983 Verbum
1633 1917 1789 2005 apud
1818 1919 1977 1993 illos,
2024 1920 2125 2006 qui
2158 1921 2543 1985 materialiter

539 2024 836 2109 cogitant,
887 2019 1024 2082 dum
1071 2017 1278 2105 legunt
1325 2019 1501 2094 illud,
1564 2029 1652 2083 est
1695 2019 1892 2086 Litera
1939 2028 2204 2096 mortua,
2273 2021 2439 2106 quod
2482 2021 2542 2085 bi

541 2124 678 2187 ideo
703 2143 735 2185 e
762 2121 1084 2205 longinquo
1113 2130 1434 2209 appareant
1458 2119 1608 2183 sicut
1639 2120 1792 2206 Equi
1821 2120 2058 2195 mortui,
2096 2143 2163 2183 n:
2211 2125 2365 2184 623.

441 2224 663 2291 LXIII.
719 2222 894 2303 Quod
942 2222 1100 2285 visus
1135 2222 1209 2286 sit
1252 2218 1515 2307 Angelus
1557 2244 1687 2285 cum
1730 2218 1953 2286 Charta
1997 2223 2057 2285 in
2098 2243 2315 2296 manu,
2367 2245 2545 2314 super

542 2345 660 2410 qua
683 2323 967 2409 scriptum
993 2332 1122 2386 erat
1149 2322 1533 2390 consumma
1576 2342 1725 2387 nom
1764 2343 1842 2387 nr
1885 2344 2068 2398 veni,
2120 2323 2488 2393 descendens
2512 2347 2545 2390 e

413 2440 420 2448 ’
542 2425 723 2490 Caelo
751 2425 811 2487 in
840 2423 1159 2500 Mundum,
1214 2446 1288 2488 ac
1309 2426 1496 2490 visum
1528 2434 1645 2499 est,
1695 2424 1854 2509 quod
1880 2424 2100 2489 Charta
2124 2425 2238 2490 illa
2273 2425 2333 2488 in
2365 2426 2545 2493 Caelo

543 2527 802 2600 luceret,
852 2525 914 2588 in
941 2525 1223 2589 descensu
1251 2534 1448 2589 autem
1480 2523 1841 2613 pedetentim
1863 2526 2054 2590 minus
2078 2535 2138 2590 et
2176 2527 2410 2604 minus,
2454 2550 2548 2595 us-

542 2626 823 2714 que—dum
851 2647 969 2689 non
984 2625 1204 2690 Charta
1232 2647 1340 2691 nec
1364 2625 1626 2712 Angelus
1652 2638 1998 2711 appareret,
2038 2628 2421 2694 solummodo
2450 2652 2546 2695 co-

544 2750 675 2795 ram
703 2727 995 2817 aliquibus
1021 2726 1326 2793 ineruditis
1353 2727 1542 2813 quiin
1583 2726 1826 2813 simplici
1867 2729 2045 2792 eorde
2080 2738 2291 2804 erant,
2344 2751 2545 2795 coram

545 2831 635 2896 bis
662 2829 926 2916 Angelus
947 2828 1310 2916 explicabat,
1362 2827 1504 2914 quid
1531 2827 1881 2913 Coniugium
1912 2830 2052 2893 boni
2091 2838 2148 2892 et
2183 2830 2312 2894 veri
2352 2831 2545 2899 invol-

547 2931 989 3007 vit,·videlicet
1031 2928 1187 3017 quod
1227 2928 1426 2993 omnia
1465 2939 1524 2992 et
1561 2928 1789 3015 singula
1825 2930 1886 2992 in
1930 2927 2206 2995 univers'o
2246 2930 2437 2996 Caelo
2474 2954 2544 2996 ac

548 3034 824 3108 universo
851 3031 1076 3095 Mundo
1105 3031 1445 3095 contineant
1471 3041 1790 3115 utrumque
1816 3031 2020 3108 simul,
2072 3051 2144 3102 ex
2183 3052 2364 3102 causa
2413 3033 2542 3121 quia

545 3135 769 3204 bouum
791 3141 861 3196 et
890 3153 1095 3197 verum
1125 3131 1182 3193 in
1209 3129 1470 3198 Domino
1499 3131 1629 3194 Deo
1658 3130 1940 3198 Creatore
1969 3151 2159 3196 unum¹
2181 3130 2434 3211 faciunt,
2478 3155 2545 3199 ac

503 3217 508 3224 “
545 3236 680 3299 ideo
716 3233 875 3322 quod
923 3255 1045 3298 nou
1084 3232 1257 3297 detur
1297 3231 1513 3296 alicubi
1561 3234 1873 3317 quicquam
1916 3234 2073 3328 quod
2120 3233 2418 3299 duntaxat
2458 3244 2544 3299 est

542 3336 795 3409 bouum,
848 3355 957 3398 nec
997 3333 1314 3422 quicquam
1360 3333 1519 3418 quod
1569 3333 1854 3398 duntaxat
1907 3344 1994 3399 est
2040 3355 2284 3411 verum,
2338 3353 2542 3401 couse-

545 3537 704 3613 ueri,
756 3543 815 3598 et
853 3535 912 3596 in
953 3534 1215 3600 Ecclesia
1256 3535 1608 3622 Coniugium
1649 3533 1966 3601 Charitatis
2002 3546 2061 3601 et
2094 3535 2296 3611 Fidei,
2352 3555 2540 3626 quon·

543 3637 658 3704 iam
707 3634 977 3699 Charitas
1022 3644 1108 3698 est
1152 3635 1327 3712 boni,
1378 3648 1438 3701 et
1484 3634 1658 3701 Fides
1707 3647 1797 3701 est
1843 3637 1988 3713 veri,
2045 3659 2116 3700 n:
2175 3629 2333 3702 624ss

441 3736 653 3802 LXIV.
675 3761 680 3766 ²
703 3734 888 3816 Quod
925 3755 1062 3798 cum
1101 3755 1265 3799 eram
1306 3737 1366 3799 iu
1402 3734 1702 3823 ‚profunda
1729 3736 2105 3824 ‘cogitatione
2149 3737 2233 3802 de·
2265 3739 2539 3805 Secundo

544 3834 822 3908 Adventu
862 3835 1132 3914 Domini,
1187 3837 1436 3908 viderim
1465 3836 1707 3903 Caelum
1741 3839 1818 3906 ab
1844 3838 2095 3912 ,Oriente
2132 3838 2208 3902 ad
2248 3840 2541 3908 Occiden-

541 3947 659 4004 tem
704 3936 1055 4001 luminosnm
1072 3986 1086 4012 ,
1137 3947 1207 4001 et·
1223 3935 1552 4004 audiverim
1579 3938 1655 4003 ab
1681 3935 1921 4027 Angelis
1945 3935 2457 4008 Glorificationem
2484 3949 2540 4006 et

542 4038 1012 4106 celebrationem
1041 4037 1308 4115 Domini,
1359 4038 1464 4104 sed
1506 4060 1577 4104 ex
1600 4039 1802 4105 Verbo
1831 4050 1950 4107 tam
1979 4039 2340 4130 Prophetico
2370 4044 2540 4110 Vete-

540 4138 618 4201 ris
666 4138 1061 4216 Testainenti,
1133 4161 1307 4226 quam
1363 4160 1434 4202 ex
1493 4139 1833 4227 Apostolico
1887 4142 2086 4214 Novi;
2153 4143 2279 4231 ipsa
2322 4141 2477 4216 loca¹
2506 4164 2537 4206 e
