2750 4775
1393 156 1436 195 ψ

460 372 1216 441 x.REFORMAT10
1253 282 2077 427 ETxffg‘GENERATlo
2239 386 2335 434 121

239 526 372 595 111.
406 533 463 591 5.
518 526 611 591 Ad
636 527 1014 591 Ecclesiam
999 549 1059 590 in
1088 526 1531 615 Philadelphia,
1589 528 1712 611 Qui
1732 532 1972 604 vicerit,
2022 551 2154 593 eum
2179 527 2341 595 dabo

236 628 591 695 columnam
633 631 694 692 in
740 626 987 720 Templo
1026 627 1174 704 Dei,
1232 628 1398 693 Vers.
1445 633 1545 692 12.
1623 627 1714 692 Ad
1759 629 2078 693 Ecclesiam
2125 631 2339 694 Laodi-

235 730 541 805 censium,
598 729 721 814 Qui
749 733 996 806 vicerit,
1036 726 1134 794 illi
1168 728 1329 795 dabo
1370 744 1435 793 ut
1474 728 1680 794 sedeat
1709 730 1948 794 Mecum
1989 734 2050 794 in
2096 729 2339 796 lerono

232 856 409 906 mee,
454 830 617 896 Vers.
671 835 772 894 21.
872 831 1097 896 Ultimo
1139 830 1391 894 addetur
1429 830 1576 906 hoc,
1633 831 1792 916 quod
1836 840 2119 914 quantum
2160 829 2339 896 homo

230 942 665 1019 regeneratur,
732 953 835 995 seu
876 941 1161 1019 quantum
1208 933 1584 1017 regeneratio
1625 930 1777 1046 apud
1824 929 1985 994 illum
2027 928 2341 1019 perficitur,

233 1043 478 1099 tantum
511 1054 629 1096 non
676 1032 786 1097 sibi
815 1033 1036 1097 tribuat
1065 1032 1287 1119 aliquid
1316 1033 1542 1096 boniet
1571 1033 1727 1108 veri,
1780 1031 1895 1096 hoc
1921 1042 2044 1108 est,
2093 1032 2346 1096 charita-

233 1137 314 1201 tis
367 1144 425 1199 et
472 1132 636 1207 fidei,
692 1133 791 1199 sed
838 1134 1127 1205 Domino;
1184 1154 1324 1198 vera
1367 1133 1523 1197 enim
1569 1154 1722 1221 quae
1760 1134 2084 1199 successive
2126 1132 2341 1209 haurit,

231 1236 389 1301 illud
436 1233 745 1300 manifeste
786 1235 1012 1300 docent.

239 1461 439 1548 Quod
475 1476 760 1556 quantum
805 1463 999 1527 Homo
1040 1477 1450 1553 regeneratur,
1496 1477 1725 1528 tantum
1765 1474 2177 1527 removeantur
2204 1485 2347 1552 pec-

349 1578 518 1638 cala,
572 1576 629 1629 et
669 1564 836 1657 quod
885 1568 1129 1629 remotio
1183 1562 1295 1628 illa
1346 1567 1427 1628 sit
1478 1562 1779 1629 Remis-sio
1825 1576 2225 1657 peccatorum.

375 1745 522 1806 611.
553 1741 727 1823 Quod
757 1752 1043 1828 quantum
1070 1722 1249 1807 homo
1277 1752 1687 1826 regeneratur,
1727 1749 1954 1815 tantum
1983 1749 2222 1828 peccata
2252 1761 2345 1804 re-

236 1851 617 1918 moveantur,
636 1853 721 1907 est
743 1843 878 1929 quia
900 1844 1272 1928 regeneratio
1290 1852 1376 1906 est
1398 1863 1766 1929 compescere
1796 1862 2033 1906 carnem
2064 1862 2138 1904 ne
2159 1841 2345 1905 domi-

236 1954 437 2019 netur,
481 1965 552 2008 ac
573 1953 829 2008 veterem
860 1941 1158 2006 hominem
1189 1960 1323 2007 cum
1353 1942 1478 2028 ejus
1495 1943 1978 2029 concupiscentiis
2001 1942 2243 2006 domare
2269 1963 2345 2007 ne

239 2054 571 2129 exsurgat,·
605 2053 664 2106 et
686 2044 1080 2108 intellectuale
1110 2044 1337 2128 perdat,
1375 2065 1494 2129 quo
1522 2044 1825 2132 deperdito
1856 2043 2036 2108 homo
2062 2065 2179 2107 non
2218 2064 2348 2107 am·

240 2145 399 2233 plius
428 2153 515 2209 est
543 2144 962 2218 reformabilis3
1008 2165 1160 2228 quae
1188 2142 1531 2206 reformatio
1561 2166 1677 2207 non
1709 2153 1897 2230 potest
1924 2144 2071 2219 fieri,
2098 2143 2204 2209 nisi
2231 2145 2345 2233 spi,-

238 2247 395 2311 ritus
422 2243 705 2317 hominis,
758 2246 860 2331 qui
903 2265 1081 2330 supra
1113 2265 1346 2308 carnem
1378 2254 1493 2321 est,
1546 2244 1869 2310 instruatur
1905 2256 1964 2310 et
1992 2244 2341 2334 perficiatur.

246 2347 417 2427 Quis,
447 2346 538 2410 cui
565 2345 892 2414 intellectus
911 2344 1102 2411 adhuc
1130 2345 1358 2433 integer
1385 2356 1489 2422 est,
1517 2344 1716 2413 exitiis
1741 2368 1861 2411 non
1891 2356 2081 2436 potest
2110 2347 2347 2413 conclu-

250 2446 416 2522 dere,
438 2446 596 2533 quod
627 2446 763 2511 talia
794 2469 911 2510 non
937 2447 1153 2532 possint
1179 2469 1297 2510 uno
1323 2457 1620 2512 momento
1649 2447 1793 2525 fieri,
1812 2450 1912 2514 sed
1934 2450 2090 2536 quod
2116 2471 2345 2516 succes-

246 2548 395 2624 sive,
424 2548 572 2612 sicut
601 2547 779 2613 homo
800 2549 1143 2636 concipitur,
1174 2558 1437 2634 gestatur
1462 2550 1520 2611 in
1542 2557 1729 2624 utero,
1760 2552 2020 2616 nascitur
2043 2559 2101 2615 et
2128 2551 2345 2615 educa-

246 2659 367 2724 tur,
385 2649 703 2713 secundum
721 2650 821 2714 ina
845 2671 996 2737 quae
1022 2671 1195 2736 supra
1226 2660 1457 2715 ostensa
1485 2660 1650 2724 sunt3
1677 2672 1814 2715 nam
1836 2653 1953 2727 illa,
1983 2673 2132 2739 quae
2153 2652 2347 2716 carnis

243 2772 352 2815 seu
383 2737 602 2815 veteris
628 2749 881 2815 hominis
905 2761 1070 2827 sunt,
1123 2750 1433 2816 inhaerent
1460 2772 1494 2815 a
1522 2752 1863 2829 nativitate,
1914 2764 1971 2818 et
2002 2761 2346 2818 construunt

240 2852 493 2939 primam
524 2851 649 2938 ejus
689 2855 897 2917 mentis
938 2854 1211 2929 domum,
1257 2853 1323 2916 in
1359 2874 1476 2940 qua
1517 2854 2022 2941 concupiscentiae
2058 2853 2343 2931 habitant,

239 2952 396 3017 sicut
421 2953 584 3018 serae
611 2956 669 3017 in
714 2956 831 3019 suis
872 2955 1097 3029 caveis,
1150 2975 1220 3019 ac
1262 2953 1597 3019 inhabitant
1637 2955 1885 3039 primum
1926 2954 1985 3019 in
2024 2954 2228 3029 atriis,
2274 2975 2346 3016 ac

240 3054 580 3118 subintrant
611 3076 713 3142 per
739 3057 897 3119 vices
922 3057 1071 3120 sicut
1108 3056 1167 3118 in
1194 3054 1357 3122 istius
1396 3054 1607 3120 domus
1647 3056 1979 3146 mansiones
2015 3056 2125 3121 sub
2164 3064 2344 3130 terra,

239 3164 304 3218 et
333 3165 537 3241 postea
567 3178 671 3244 per
697 3156 884 3221 scalas
914 3166 1259 3240 assurgunt,
1314 3167 1373 3220 et
1415 3176 1678 3220 cameras
1704 3156 1815 3221 sibi
1842 3157 2134 3228 formant;
2187 3155 2346 3241 quod

237 3254 311 3320 fit
334 3259 660 3320 successive
687 3258 833 3321 sicut
861 3256 1055 3323 infans
1082 3257 1322 3335 crescit,
1370 3256 1442 3321 fit
1483 3277 1654 3345 puer,
1710 3268 1767 3322 et
1806 3257 1941 3322 dein
1984 3257 2344 3331 adolescens,

237 3367 303 3420 et
330 3366 565 3426 tuncex
595 3358 828 3445 proprio
855 3358 1156 3422 intellectu
1184 3357 1386 3445 incipit
1412 3360 1704 3443 cogitare,
1756 3369 1815 3424 et
1854 3381 1926 3421 ex
1967 3357 2200 3444 propria
2238 3355 2366 3421 vo·‘

237 3459 473 3523 luntate
497 3479 710 3545 agere:
765 3460 895 3545 quis
920 3481 1041 3522 non
1068 3458 1260 3534 videt,
1313 3459 1470 3545 quod
1499 3458 1651 3523 haec
1678 3459 1888 3525 domus
1913 3461 1970 3521 in
2001 3467 2196 3524 mente
2226 3459 2342 3522 huc

234 3581 429 3645 usque
467 3570 794 3635 exstructa,
844 3560 906 3623 in
945 3582 1060 3645 qua
1103 3560 1645 3646 concupiscentiae,
1701 3572 1765 3625 ut
1810 3561 2035 3636 othim,
2088 3559 2240 3648 zijim
2282 3569 2342 3625 et

232 3660 428 3748 satyri
475 3661 686 3748 junctis
731 3662 1000 3726 manibus
1043 3661 1248 3725 ludunt
1299 3660 1579 3737 choreas,
1648 3662 1825 3750 possit
1869 3684 1988 3726 uno
2042 3672 2342 3728 momento

237 3762 495 3836 destrui,
548 3772 607 3825 et
634 3784 788 3828 nova
818 3763 1027 3827 domus
1052 3763 1186 3828 loco
1214 3762 1341 3847 ejus
1376 3764 1632 3836 exstrni‚«
1680 3786 1898 3827 numne
1927 3764 2344 3852 concupiscen-

234 3863 361 3926 tiae
401 3871 666 3928 tenentes
705 3885 768 3928 se
811 3864 1112 3940 manibuS‚
1166 3871 1225 3927 et
1269 3864 1350 3928 sic
1391 3863 1686 3939 ludentes,
1744 3865 1901 3953 prius
1947 3864 2343 3932 removendae

237 3971 414 4039 sunt,
467 3986 538 4028 ae
564 3986 719 4030 nova
750 3964 1036 4030 desideria
1064 3986 1216 4053 quae
1243 3974 1379 4029 sunt
1422 3965 1562 4030 boni
1590 3977 1646 4030 et
1678 3966 1836 4041 veri,
1887 3965 2020 4030 loco
2059 3967 2346 4052 cupidita-

240 4075 405 4139 tum,
458 4088 610 4151 quae
637 4075 776 4131 sunt
807 4066 943 4129 mali
983 4074 1042 4129 et
1079 4065 1245 4141 falsi,
1305 4065 1735 4133 introducenda
1780 4076 1945 4131 sunt:
2000 4067 2157 4153 quod
2198 4066 2346 4131 haec

241 4187 361 4231 non
392 4167 613 4252 possint
645 4179 942 4232 momento
968 4166 1125 4244 fieri,
1168 4174 1358 4255 potest
1385 4170 1576 4234 omnis
1600 4169 1832 4257 sapiens
1861 4167 2094 4243 videre,
2133 4189 2203 4230 ex
2229 4166 2346 4227 hoc

241 4268 400 4344 solo,
455 4268 613 4356 quod
655 4291 827 4336 omne
867 4269 1086 4336 malum
1124 4264 1442 4334 conflatum
1481 4270 1555 4333 sit
1596 4290 1666 4334 ex
1707 4268 2026 4338 innumeris
2067 4264 2343 4349 concupi·-
