2750 4775
924 357 1017 409 XI.
1098 357 1629 410 IMPUTATlo.
2214 366 2320 417 tw

244 511 527 576 fidendum
569 522 654 576 est
683 510 991 584 Conciliis,
1043 530 1174 572 cum
1204 508 1472 573 Concilia
1496 509 1771 575 Romano
1800 511 2102 578 Catholica
2142 513 2323 579 etiam

241 614 522 678 unanimis
546 611 837 699 suffragiis
878 611 1291 675 concluserunt
1317 609 1682 676 Vicariatum
1719 610 2031 696 Papalem,
2083 614 2326 680 iuvoca-

239 717 450 780 tionem
514 724 884 787 sanctorum,
967 711 1409 778 venerationem
1470 711 1914 779 simulacrorum
1970 724 2029 777 et
2079 715 2318 791 ossium,

234 816 575 881 divisionem
619 815 870 879 Sanctae
915 813 1352 887 Eucharistiae,
1408 813 1842 898 purgatorium,
1909 814 2321 900 indulgentias,

230 929 284 982 et
322 919 510 1005 plura.
589 916 666 981 Et
692 916 831 1002 quid
859 914 1154 979 fidendum
1194 921 1281 978 est
1318 912 1623 988 Conciliis,
1676 934 1806 976 cum
1843 915 2319 979 Dordrectanum

232 1019 407 1083 etiam
448 1018 740 1081 unanimis
780 1013 1070 1102 suffragiis
1097 1010 1358 1079 decrevit
1398 1014 1800 1079 detestabilem
1832 1015 2328 1081 praedestinatio-

234 1142 398 1195 nem,
451 1129 512 1205 el
538 1119 741 1182 extulit
767 1119 924 1182 illam
959 1125 1020 1179 ut
1046 1114 1374 1181 Palladium
1407 1113 1720 1200 religionis.
1797 1116 1914 1180 Sed
1955 1119 2032 1182 mi
2059 1117 2322 1183 *Lecton

231 1241 303 1284 ne
342 1221 523 1284 crede
565 1218 873 1294 Conciliis,
924 1217 1027 1282 sed
1069 1227 1274 1281 sancto
1316 1216 1556 1290 Verbo,
1621 1227 1677 1280 et
1717 1217 1811 1281 adi
1861 1218 2213 1295 Dominum,
2265 1227 2326 1281 et

230 1321 645 1391 illustraberis;
692 1318 799 1383 Ille
825 1320 978 1382 enim
1010 1325 1100 1382 est
1124 1318 1421 1394 Verbum,
1478 1316 1591 1383 hoc
1628 1327 1747 1394 est,
1803 1318 1996 1404 Ipsum
2039 1319 2320 1386 Divinum

231 1423 452 1488 Verum
498 1423 594 1485 ibi.

384 1526 530 1588 635.
611 1522 835 1587 Ultimo
867 1521 1174 1606 detegetur
1200 1519 1312 1582 hoc
1343 1519 1670 1584 Arcanum:
1725 1519 1782 1582 in
1824 1521 2070 1609 Septem·
2107 1522 2325 1608 Capiti·

229 1626 336 1690 bus
378 1625 438 1686 in
484 1622 835 1714 Apocalypsi
882 1621 1232 1687 describitur
1275 1621 1718 1686 Consummatio
1759 1619 2080 1688 hodiernae
2120 1622 2325 1688 Eccle-

231 1728 382 1801 siae,
436 1724 701 1789 similiter
723 1726 869 1788 sicut
896 1723 1243 1787 describitur
1269 1723 1599 1791 devastatio
1627 1719 1914 1812 Aegypti,
1970 1744 2039 1789 ac
2073 1734 2324 1810 utraque

231 1848 335 1914 per
368 1827 587 1892 similes
629 1824 859 1913 plagas,
914 1822 1161 1910 quarum
1211 1823 1571 1909 unaquaevis
1614 1824 1994 1911 spiritualiter
2034 1823 2327 1911 significat

231 1924 468 2015 aliquod
511 1927 754 1998 falsum,
808 1925 963 2013 quod
1008 1925 1303 2010 promovit
1342 1925 1808 1989 devastationem
1851 1926 1977 2011 ejus
2019 1947 2205 2013 usque
2249 1926 2326 1990 ad

228 2028 560 2102 interitum,
626 2049 808 2113 quare
850 2026 1025 2087 etiam
1072 2023 1219 2086 haec
1258 2024 1554 2098 Ecclesia,
1608 2046 1762 2111 quae
1802 2025 1975 2090 hodie
2020 2026 2325 2114 deperdita

227 2138 356 2202 est,
407 2138 658 2194 vocatur
701 2125 1006 2216 Aegyptus
1049 2125 1428 2212 spiritualiter
1481 2125 1805 2200 intellecta,
1841 2127 2055 2215 -Apoc.
2098 2127 2217 2193 XI:
2264 2133 2321 2192 8.

224 2212 541 2316 Plagae-in¹
569 2227 842 2315 Aegypto
873 2225 1106 2288 fuerunt
1130 2225 1274 2301 hae,
1327 2227 1484 2312 quod
1514 2247 1700 2311 aquae
1729 2248 1934 2291 versae
1962 2229 2076 2292 sint
2102 2230 2160 2291 in
2188 2248 2325 2294 san-

225 2331 506 2415 guinem,
579 2329 733 2391 unde
780 2335 1046 2389 mortuus
1091 2336 1177 2390 est
1222 2327 1411 2391 omnis
1455 2327 1657 2414 piscis,
1728 2337 1783 2390 et
1827 2327 2035 2394 saetuit
2083 2327 2321 2409 flumen,

230 2430 423 2493 Exod.
467 2428 614 2494 VII:
661 2428 925 2492 similiter
952 2427 1163 2490 dicitur
1199 2428 1255 2490 in
1284 2426 1642 2517 Apocalypsi
1670 2429 1810 2515 Cap.
1842 2430 2023 2495 VIII:
2067 2437 2122 2494 8.
2179 2432 2319 2528 Cap.

231 2530 411 2595 XVI:
462 2534 532 2601 ὃς
587 2552 693 2617 per
715 2528 1058 2614 sanguinem
1101 2528 1461 2615 significatur
1489 2531 1764 2593 Divinum
1795 2530 2013 2596 Verum
2052 2531 2324 2599 falsifica-

228 2642 391 2707 tum,
458 2631 730 2696 videatur
773 2628 1195 2695 Ammonos
1239 2632 1611 2708 REvELATA,
1671 2653 1741 2694 n:
1786 2636 1950 2695 3Ἶ9κ
1982 2635 2127 2697 404.
2173 2637 2321 2698 681.

232 2737 384 2799 687.
422 2737 595 2806 '688;
648 2742 706 2796 et
751 2743 857 2818 pe‘r
895 2732 1107 2819 pisces,
1161 2732 1258 2818 qui
1302 2742 1444 2796 tune
1486 2734 1732 2807 mortui,
1789 2754 1927 2797 vera
1971 2735 2030 2797 in
2071 2734 2326 2802 naturali

224 2834 464 2900 homine
491 2835 790 2908 similiter,
846 2855 914 2895 n:
959 2836 1111 2896 290.
1154 2834 1301 2897 405.
1360 2834 1428 2898 ln
1457 2831 1711 2924 Aegypti
1753 2842 1971 2897 terram
2002 2836 2325 2923 productae

225 2944 365 3008 sunt
419 2957 635 3010 ranae,
701 2935 886 3000 Exod.
942 2932 1123 2998 VIII:
1190 2933 1410 3021 aliquid
1458 2936 1529 2998 de
1570 2934 1729 2999 ranis
1769 2935 1943 2998 etiam
1998 2937 2213 3002 dicitur
2264 2936 2324 3001 in

220 3033 582 3126 Apocalypsi
625 3036 766 3122 Cap.
807 3034 980 3100 xvl:
1032 3038 1130 3097 13.
1188 3056 1290 3120 per
1337 3057 1513 3100 ranas
1561 3032 1965 3121 significantur
2006 3037 2319 3103 ratiocina-

224 3138 419 3202 tiones
448 3161 518 3201 ex
549 3138 866 3224 cupiditate
911 3134 1254 3206 falsificandi
1296 3157 1474 3212 vera,
1527 3136 1796 3199 videatur
1831 3133 2032 3202 Apoc:
2074 3140 2322 3203 Rev-en:

222 3260 298 3305 n:
347 3242 494 3303 702.
578 3237 644 3300 In
690 3235 961 3326 Aegypto
994 3236 1190 3300 ulcera
1219 3237 1392 3316 noxia
1423 3235 1578 3300 facta
1608 3246 1742 3300 sun‘t
1779 3258 1953 3324 super
1994 3236 2233 3302 homine
2261 3248 2321 3302 et

223 3339 448 3414 bestia,
494 3339 676 3403 Exod.
726 3336 841 3408 IX:
895 3337 1160 3402 similiter
1195 3338 1256 3400 in
1294 3335 1651 3426 Apocalypsi
1697 3336 1835 3423 Cap.
1870 3336 2044 3403 XVI:
2092 3343 2165 3409 ῆς
2220 3358 2325 3425 per

222 3440 429 3504 ulcera
455 3438 860 3526 significantur
886 3437 1169 3501 interiora
1200 3438 1354 3501 mala
1397 3446 1457 3500 et
1494 3437 1640 3501 falsa
1680 3436 2037 3502 destructiva
2079 3438 2220 3506 boni
2264 3450 2325 3504 et

224 3542 354 3606 veri
386 3541 445 3603 in
474 3540 769 3614 Ecclesia,
814 3540 1086 3604 videatur
1112 3536 1325 3603 Apocr
1353 3559 1585 3603 navet..-
1628 3560 1700 3603 n.-
1733 3543 1895 3632 5⁷³·
1954 3538 2024 3603 In
2050 3539 2323 3632 Aegypto

223 3642 384 3706 facta
413 3652 500 3706 est
526 3641 752 3726 grando
783 3641 959 3704 mixta
988 3640 1122 3722 igne
1141 3687 1157 3714 ,
1201 3639 1381 3703 Exod.
1412 3639 1528 3712 1X³
1568 3639 1834 3704 similiter
1859 3639 1919 3704 iu
1947 3642 2326 3733 Apocalypsi,

223 3741 371 3830 Cap.
406 3742 586 3807 VIII:
636 3748 690 3805 7.
749 3742 886 3826 Cap.
921 3740 1095 3805 XVI:
1137 3741 1253 3812 21;
1310 3741 1537 3826 grando
1564 3740 1853 3827 significat
1894 3741 2103 3810 salsum
2144 3744 2326 3810 infer-

226 3844 399 3915 nale,
478 3844 750 3910 videatur
789 3841 977 3907 Aroe.
1027 3860 1242 3908 neven.
1296 3859 1368 3904 n:
1431 3846 1580 3906 399.
1627 3847 1778 3907 714.
1874 3843 1941 3909 In
1983 3843 2325 3935 Aegyptum

225 3944 492 4008 immissa
521 3956 605 4010 est
635 3945 891 4017 locusta,
935 3941 1119 4005 Exod.
1154 3942 1244 4007 X:
1273 3942 1539 4007 similiter
1563 3941 1624 4005 in
1650 3941 2004 4036 Apocalypsi
2034 3945 2171 4033 Cap.
2203 3944 2325 4008 IX:

234 4050 263 4109 1
303 4046 378 4109 ad
414 4049 535 4120 11.,
587 4045 846 4109 locustae
870 4041 1204 4130 significant
1228 4042 1373 4108 salsa
1400 4043 1460 4106 in
1488 4046 1795 4121 extremis,
1836 4047 2107 4116 videatur
2133 4041 2323 4109 Apoc.

230 4166 457 4211 aava.
498 4148 754 4210 112424.
787 4148 932 4209 4:30.
1013 4142 1082 4206 ln
1111 4142 1449 4233 Aegyptum
1476 4163 1692 4230 graves
1729 4147 2010 4210 tenebrae
2047 4144 2326 4207 inductae

229 4256 396 4323 sunt,
444 4246 629 4312 Exod.
667 4247 753 4311 X:
797 4245 1062 4312 similiter
1088 4244 1145 4306 in
1174 4242 1564 4331 Apocalypsi,
1602 4242 1742 4328 Cap.
1789 4242 1970 4398 {121²
2015 4246 2114 4303 12.
2161 4248 2325 4298 tene-
