2750 4775
968 359 1063 413 xl.
1146 359 1675 417 lMPUTATIO.
2253 375 2354 424 157

255 510 510 585 bestias,
563 519 622 573 et
649 530 884 598 quoque
911 511 1268 589 inanimata,
1313 522 1376 576 ut
1404 513 1641 588 domus,
1687 516 2107 602 possessiones,
2162 537 2355 603 agroS,

206 610 495 686 ,hort0s‚
550 613 822 688 arbores,
875 613 1104 703 sylvas,
1157 624 1381 687 terras',
1446 617 1563 678 imo
1604 616 1838 678 metalla
1880 627 1938 678 et
1975 618 2227 705 lapides,
2281 641 2353 683 ex

258 712 526 776 bonitate
554 723 609 776 et
639 735 744 777 usu
772 715 1037 788 illorum,
1092 716 1311 779 bonum
1353 725 1411 778 et
1439 737 1577 780 usus
1608 737 1787 780 unum
1832 726 1999 788 sunt;
2052 720 2191 804 quid
2231 742 2352 784 non

256 815 548 883 Dominus
577 825 802 878 amaret
832 815 1125 878 bominem
1158 825 1216 878 et
1245 815 1566 880 Ecclesiam
1596 838 1665 880 ex
1694 817 1869 881 bono.

263 1041 453 1127 Quod
494 1041 674 1108 Fides
715 1055 771 1107 et
810 1043 1138 1134 Imputatio
1179 1041 1395 1108 Novae
1439 1040 1751 1107 Ecclesiae
1793 1060 2167 1136 nequaquam
2205 1067 2354 1136 pos-

254 1149 379 1209 sint
426 1168 549 1208 una
588 1167 719 1208 esse
763 1167 893 1207 cum
925 1142 1074 1235 fide
1113 1158 1169 1207 et
1209 1148 1601 1235 imputatione
1625 1148 1858 1235 prioris
1901 1143 2245 1221 Eodem-me,
2297 1157 2356 1210 et

256 1245 454 1338 quod,
508 1249 565 1309 si
600 1269 722 1309 una
750 1258 920 1318 sunt,
955 1243 1092 1335 fiat
1119 1242 1356 1310 collisio
1399 1259 1455 1309 et
1486 1244 1786 1333 conflictio
1825 1243 1998 1320 talis,
2051 1259 2115 1311 ut
2145 1258 2353 1339 pereat

740 1368 913 1411 omne
964 1342 1275 1411 Eccleszae
1326 1345 1497 1438 apud
1548 1343 1857 1410 hominem.

415 1526 559 1587 647.
598 1473 791 1603 Quod
822 1522 995 1587 Fides
1022 1531 1081 1586 et
1108 1522 1428 1609 Imputatio
1458 1543 1647 1588 novae
1677 1522 1974 1611 Ecclesiae
2016 1543 2131 1586 non
2177 1525 2354 1610 possit

254 1648 380 1691 una
409 1647 531 1691 esse
570 1631 705 1688 cum'
746 1623 867 1688 fide·
897 1633 955 1687 et
994 1625 1379 1711 imputatione
1420 1625 1629 1711 prioris
1666 1644 1770 1688 seu
1811 1622 2003 1687 adbuc
2041 1625 2352 1708 perstantis

259 1726 595 1800 Ecclesiae,
646 1734 731 1789 est
779 1744 983 1801 causa,
1039 1726 1174 1811 quia
1221 1747 1338 1789 non
1381 1726 1440 1788 iu
1487 1747 1604 1789 uno
1647 1725 1851 1798 tertio,
1904 1745 1976 1786 ne
2017 1724 2250 1810 quidem
2290 1725 2352 1789 in

258 1851 383 1893 uno
436 1827 661 1890 decimo
715 1826 1102 1890 conveniunt:
1167 1827 1323 1891 Nam
1375 1824 1519 1890 fides
1573 1826 1783 1913 prioris
1828 1825 2125 1889 Ecclesiae
2163 1826 2353 1903 docet,

263 1930 445 2017 quod·
477 1929 552 1993 ab
597 1917 838 1991 aeterno
887 1927 1210 1992 exstiterint
1256 1936 1374 1990 tres
1418 1927 1715 1991 Personae
1760 1925 2046 1999 Divinae,
2098 1947 2350 2012 quarum

259 2029 627 2119 un'aquaevis
668 2028 1001 2114 singulatim
1050 2049 1303 2114 seu-per
1345 2048 1407 2089 se
1454 2037 1603 2092 esset
1647 2027 1834 2103 Deus,
1889 2025 2127 2090 totidem
2174 2029 2349 2091 etiam

254 2132 607 2203 Creatorem
662 2129 806 2192 fides
846 2138 1040 2192 autem
1083 2148 1274 2192 novae
1311 2127 1607 2192 Ecclesiae
1645 2137 1760 2202 est,
1813 2128 1970 2217 quod
2011 2128 2187 2193 modo
2232 2150 2350 2193 una

257 2233 525 2298 Persona
578 2229 827 2303 Divina,
893 2231 987 2291 itm
1022 2250 1170 2292 unus
1213 2229 1372 2292 Deus
1418 2229 1493 2295 ab
1541 2238 1779 2292 aeterno
1830 2228 2037 2303 fuerit,
2090 2237 2148 2292 et
2191 2229 2352 2318 quod

262 2343 505 2421 praeter
534 2331 733 2416 Ipsum
767 2350 884 2393 non
913 2329 1063 2393 alius
1091 2330 1250 2393 Deus
1275 2327 1380 2392 sit:
1431 2350 1614 2417 quare
1650 2329 1787 2393 fides
1822 2330 2030 2417 prioris
2056 2329 2351 2396 Ecclesiae

261 2432 509 2497 tradidit
540 2431 816 2493 Divinam
845 2431 1196 2495 Trinitatem
1225 2431 1472 2494 divisam
1504 2432 1563 2493 in
1596 2442 1712 2495 tres
1738 2430 2059 2503 Personam
2111 2441 2171 2496 at
2211 2431 2355 2497 fides

267 2553 461 2597 novae
491 2530 787 2596 Ecclesiae
820 2532 994 2595 tradit
1023 2531 1293 2595 Divinam
1323 2532 1674 2596 Trinitatem
1707 2532 1925 2596 unitam
1968 2532 2029 2595 in
2067 2554 2183 2596 uua
2212 2532 2355 2597 Per·

257 2654 429 2699 sona.
512 2632 684 2724 Fides
714 2634 918 2718 prioris
946 2632 1240 2700 Ecclesiae
1270 2632 1390 2697 ¹fuit
1429 2635 1487 2697 in
1528 2634 1719 2698 Deum
1759 2632 2140 2709 invisibilem,
2192 2635 2355 2699 inac-

261 2734 590 2799 cessibilem
633 2744 690 2795 et
731 2733 1277 2820 inconjungibilem,
1333 2734 1405 2797 de
1452 2757 1568 2821 quo
1612 2735 1745 2799 idea
1782 2734 1891 2799 fuit
1931 2734 2120 2820 qualis
2156 2745 2241 2802 est
2279 2734 2352 2799 de

254 2835 481 2925 Spiritu
505 2883 521 2912 ‚
575 2857 727 2921 quae
755 2846 844 2898 est
867 2836 1015 2899 sicut
1042 2845 1127 2898 est
1156 2836 1228 2898 de
1254 2834 1490 2899 aethere
1518 2846 1617 2899 aut
1644 2847 1854 2905 vento;
1908 2845 1966 2898 at
1994 2832 2136 2899 tides
2160 2856 2354 2901 novae

257 2937 564 3001 Ecclesiae
602 2946 688 3000 est
714 2936 770 2998 in
802 2937 993 3000 Deum
1033 2935 1352 3011 visibilem,
1405 2937 1835 3010 accessibilem,
1887 2946 1945 3020 et
1986 2936 2355 3022 conjungibi·

259 3038 379 3101 lem
399 3086 415 3113 ,
467 3038 527 3102 in
558 3059 674 3124 quo
703 3048 768 3100 ut
798 3037 993 3100 anima
1033 3040 1092 3099 in
1123 3058 1367 3124 corpore
1397 3048 1483 3101 est
1511 3039 1674 3103 Deus
1704 3036 2041 3111 invisibilis,
2096 3038 2354 3103 inacces-

253 3138 443 3205 sibilis
470 3148 528 3201 et
553 3138 1058 3224 inconjungibilis‚
1111 3138 1181 3201 de
1224 3160 1341 3225 quo
1382 3148 1469 3202 est
1509 3138 1639 3201 idea
1680 3137 1960 3212 hominis,
2014 3138 2151 3224 quia
2192 3138 2353 3201 Deus

255 3255 448 3313 unus,
503 3240 602 3323 qui
630 3240 737 3304 fuit
765 3239 840 3302 ab
867 3247 1141 3313 aeterno,
1195 3238 1385 3310 factus
1412 3248 1498 3302 est
1529 3238 1706 3306 homo
1735 3239 1791 3300 in
1822 3247 2101 3324 tempore.
2181 3238 2355 3302 Fides

258 3341 474 3428 prioris
519 3340 816 3404 Ecclesiae
866 3340 1067 3402 tribuit
1115 3339 1244 3404 Deo
1289 3338 1563 3403 invisibili
1610 3360 1843 3403 omnem
1888 3338 2241 3425 potentiam,
2293 3348 2351 3403 et

256 3442 421 3506 hanc
451 3440 582 3504 Deo
610 3441 822 3506 visibili
853 3440 1125 3526 derogat,
1179 3461 1313 3502 nam
1358 3440 1534 3503 tradit
1575 3440 1729 3526 quod
1762 3439 1923 3502 Deus
1949 3436 2128 3501 Pater
2165 3439 2353 3526 impu-

254 3552 350 3607 tet
376 3540 581 3615 fidem,
635 3552 695 3605 et
722 3561 826 3628 per
852 3541 1013 3604 illam
1041 3541 1219 3605 donet
1262 3542 1439 3606 vitam
1471 3550 1803 3616 aeternam,
1858 3549 1914 3603 et
1955 3540 2111 3628 quod
2155 3540 2349 3605 visibi-

254 3645 334 3708 lis
365 3643 539 3707 modo
566 3643 923 3714 intercedat,
979 3652 1036 3706 et
1066 3642 1220 3729 quod
1248 3652 1533 3729 uterque,
1586 3652 1687 3707 aut
1713 3641 2029 3706 secundum
2058 3638 2350 3706 Graecam

256 3744 621 3818 Ecclesiam,
677 3742 841 3808 Deus
862 3742 1042 3807 Pater
1073 3744 1313 3828 Spiritui
1343 3742 1596 3828 Sancto,
1649 3746 1746 3831 qui
1789 3752 1875 3807 est
1915 3744 2120 3807 tertius
2157 3745 2216 3807 in
2256 3765 2353 3808 or-

256 3846 399 3909 dine
425 3845 724 3933 Deusper
759 3866 856 3918 se,
909 3844 1007 3908 det
1045 3866 1279 3909 omnem
1322 3833 1641 3933 potentiam
1688 3846 1968 3932 operandi
2012 3846 2175 3910 istius
2215 3844 2353 3909 fidei

256 3944 533 4019 effectum
584 3955 648 4009 at
689 3945 833 4010 fides
868 3966 1063 4011 novae
1089 3946 1390 4011 Ecclesiae
1427 3946 1629 4010 tribuit
1664 3946 1793 4011 Deo
1833 3945 2075 4022 visibili,
2125 3945 2187 4010 in
2232 3967 2350 4032 quo

256 4046 596 4122 invisibilis,
650 4048 1135 4134 omnipotentiam
1171 4046 1531 4136 imputandi,
1586 4058 1644 4111 et
1679 4068 1911 4135 quoque
1952 4045 2240 4134 operandi
2266 4044 2353 4109 ef-

254 4149 449 4213 fectus
491 4148 709 4213 salutis.
789 4147 964 4214 Fides
1006 4149 1231 4214 Prioris
1272 4148 1567 4213 Ecclesiae
1608 4159 1696 4213 est
1742 4148 2019 4236 primario
2058 4146 2120 4209 in
2157 4147 2351 4210 Deum

256 4249 637 4326 Creatorem,
687 4258 751 4314 et
776 4267 891 4313 non
921 4249 1097 4315 simul
1118 4250 1175 4314 in
1221 4248 1392 4314 Illum
1435 4259 1500 4313 ut
1544 4248 2004 4337 Redemptorem
2040 4254 2101 4309 et
2140 4241 2352 4308 Salva-
