<?xml version="1.0" encoding="UTF-8"?>
<!DOCTYPE html PUBLIC "-//W3C//DTD XHTML 1.0 Transitional//EN"
    "http://www.w3.org/TR/xhtml1/DTD/xhtml1-transitional.dtd">
<html xmlns="http://www.w3.org/1999/xhtml" xml:lang="en" lang="en">
 <head>
  <title>
</title>
<meta http-equiv="Content-Type" content="text/html;charset=utf-8" />
  <meta name='ocr-system' content='tesseract 3.04.00' />
  <meta name='ocr-capabilities' content='ocr_page ocr_carea ocr_par ocr_line ocrx_word'/>
</head>
<body>
  <div class='ocr_page' id='page_1' title='image "./verachristianar00unkngoog_0314.png"; bbox 0 0 2750 4775; ppageno 0'>
   <div class='ocr_carea' id='block_1_1' title="bbox 511 355 2347 418">
    <p class='ocr_par' dir='ltr' id='par_1_1' title="bbox 511 355 2347 418">
     <span class='ocr_line' id='line_1_1' title="bbox 511 355 2347 418; baseline -0.002 -2"><span class='ocrx_word' id='word_1_1' title='bbox 511 366 617 418; x_wconf 79' lang='lat'>288</span> <span class='ocrx_word' id='word_1_2' title='bbox 738 355 1201 418; x_wconf 75' lang='lat' dir='ltr'>uvassRsA</span> <span class='ocrx_word' id='word_1_3' title='bbox 1243 356 1778 414; x_wconf 65' lang='lat' dir='ltr'><strong>THEOLOGM</strong></span> <span class='ocrx_word' id='word_1_4' title='bbox 1831 359 1896 415; x_wconf 72' lang='lat' dir='ltr'>N.</span> <span class='ocrx_word' id='word_1_5' title='bbox 1938 357 2000 411; x_wconf 81' lang='lat' dir='ltr'>C.</span> <span class='ocrx_word' id='word_1_6' title='bbox 2042 358 2144 410; x_wconf 83' lang='lat' dir='ltr'>ET</span> <span class='ocrx_word' id='word_1_7' title='bbox 2185 359 2248 411; x_wconf 75' lang='lat' dir='ltr'>N.</span> <span class='ocrx_word' id='word_1_8' title='bbox 2287 355 2347 412; x_wconf 74' lang='lat' dir='ltr'>E.</span> 
     </span>
    </p>
   </div>
   <div class='ocr_carea' id='block_1_2' title="bbox 417 507 2564 2827">
    <p class='ocr_par' dir='ltr' id='par_1_2' title="bbox 417 507 2564 2827">
     <span class='ocr_line' id='line_1_2' title="bbox 507 507 2544 599; baseline -0.002 -22"><span class='ocrx_word' id='word_1_9' title='bbox 507 510 688 577; x_wconf 77' lang='lat' dir='ltr'>Caelo</span> <span class='ocrx_word' id='word_1_10' title='bbox 717 518 776 572; x_wconf 82' lang='lat' dir='ltr'>et</span> <span class='ocrx_word' id='word_1_11' title='bbox 802 508 1077 587; x_wconf 76' lang='lat' dir='ltr'>Inferno,</span> <span class='ocrx_word' id='word_1_12' title='bbox 1130 510 1321 598; x_wconf 82' lang='lat' dir='ltr'>deque</span> <span class='ocrx_word' id='word_1_13' title='bbox 1347 510 1484 575; x_wconf 81' lang='lat' dir='ltr'>Vita</span> <span class='ocrx_word' id='word_1_14' title='bbox 1523 530 1629 575; x_wconf 79' lang='lat' dir='ltr'>sua</span> <span class='ocrx_word' id='word_1_15' title='bbox 1668 520 1800 599; x_wconf 83' lang='lat' dir='ltr'>post</span> <span class='ocrx_word' id='word_1_16' title='bbox 1838 520 2121 586; x_wconf 83' lang='lat' dir='ltr'>mortem,</span> <span class='ocrx_word' id='word_1_17' title='bbox 2172 509 2344 576; x_wconf 81' lang='lat' dir='ltr'>ethic</span> <span class='ocrx_word' id='word_1_18' title='bbox 2366 510 2428 574; x_wconf 85' lang='lat' dir='ltr'>de</span> <span class='ocrx_word' id='word_1_19' title='bbox 2452 507 2544 573; x_wconf 70' lang='lat' dir='ltr'>Ad-</span> 
     </span>
     <span class='ocr_line' id='line_1_3' title="bbox 510 610 2551 700; baseline -0.001 -22"><span class='ocrx_word' id='word_1_20' title='bbox 510 620 692 678; x_wconf 85' lang='lat' dir='ltr'>ventu</span> <span class='ocrx_word' id='word_1_21' title='bbox 717 610 992 688; x_wconf 82' lang='lat' dir='ltr'>Domini,</span> <span class='ocrx_word' id='word_1_22' title='bbox 1043 611 1260 700; x_wconf 87' lang='lat' dir='ltr'>placuit</span> <span class='ocrx_word' id='word_1_23' title='bbox 1289 612 1552 677; x_wconf 75' lang='lat' dir='ltr'>Domino</span> <span class='ocrx_word' id='word_1_24' title='bbox 1589 612 1819 699; x_wconf 85' lang='lat' dir='ltr'>aperire</span> <span class='ocrx_word' id='word_1_25' title='bbox 1849 614 2035 675; x_wconf 82' lang='lat' dir='ltr'>visum</span> <span class='ocrx_word' id='word_1_26' title='bbox 2062 612 2298 699; x_wconf 87' lang='lat' dir='ltr'>spiritus</span> <span class='ocrx_word' id='word_1_27' title='bbox 2332 612 2463 687; x_wconf 86' lang='lat' dir='ltr'>mei,</span> <span class='ocrx_word' id='word_1_28' title='bbox 2498 622 2551 675; x_wconf 85' lang='lat' dir='ltr'>et</span> 
     </span>
     <span class='ocr_line' id='line_1_4' title="bbox 502 712 2554 799; baseline -0.002 -20"><span class='ocrx_word' id='word_1_29' title='bbox 502 714 588 780; x_wconf 81' lang='lat' dir='ltr'>sic</span> <span class='ocrx_word' id='word_1_30' title='bbox 623 712 1015 780; x_wconf 67' lang='lat' dir='ltr'>intromittere</span> <span class='ocrx_word' id='word_1_31' title='bbox 1043 714 1104 776; x_wconf 93' lang='lat' dir='ltr'>in</span> <span class='ocrx_word' id='word_1_32' title='bbox 1129 713 1421 794; x_wconf 75' lang='lat' dir='ltr'>Mundum</span> <span class='ocrx_word' id='word_1_33' title='bbox 1451 712 1848 799; x_wconf 80' lang='lat' dir='ltr'>spiritualem,</span> <span class='ocrx_word' id='word_1_34' title='bbox 1899 723 1957 776; x_wconf 91' lang='lat' dir='ltr'>et</span> <span class='ocrx_word' id='word_1_35' title='bbox 1985 735 2105 777; x_wconf 89' lang='lat' dir='ltr'>non</span> <span class='ocrx_word' id='word_1_36' title='bbox 2135 714 2307 778; x_wconf 87' lang='lat' dir='ltr'>modo</span> <span class='ocrx_word' id='word_1_37' title='bbox 2334 713 2462 777; x_wconf 87' lang='lat' dir='ltr'>dare</span> <span class='ocrx_word' id='word_1_38' title='bbox 2483 714 2554 775; x_wconf 89' lang='lat' dir='ltr'>lo-</span> 
     </span>
     <span class='ocr_line' id='line_1_5' title="bbox 508 814 2556 903; baseline -0.001 -24"><span class='ocrx_word' id='word_1_39' title='bbox 508 816 608 902; x_wconf 85' lang='lat' dir='ltr'>qui</span> <span class='ocrx_word' id='word_1_40' title='bbox 633 837 766 882; x_wconf 86' lang='lat' dir='ltr'>cum</span> <span class='ocrx_word' id='word_1_41' title='bbox 794 814 1093 903; x_wconf 82' lang='lat' dir='ltr'>spiritibus</span> <span class='ocrx_word' id='word_1_42' title='bbox 1115 824 1176 880; x_wconf 90' lang='lat' dir='ltr'>et</span> <span class='ocrx_word' id='word_1_43' title='bbox 1202 814 1456 901; x_wconf 83' lang='lat' dir='ltr'>augelis,</span> <span class='ocrx_word' id='word_1_44' title='bbox 1504 834 1758 900; x_wconf 83' lang='lat' dir='ltr'>cumque</span> <span class='ocrx_word' id='word_1_45' title='bbox 1800 815 2067 899; x_wconf 81' lang='lat' dir='ltr'>cognatis</span> <span class='ocrx_word' id='word_1_46' title='bbox 2106 823 2168 878; x_wconf 87' lang='lat' dir='ltr'>et</span> <span class='ocrx_word' id='word_1_47' title='bbox 2201 815 2418 889; x_wconf 79' lang='lat' dir='ltr'>amicis,</span> <span class='ocrx_word' id='word_1_48' title='bbox 2461 814 2556 877; x_wconf 80' lang='lat' dir='ltr'>imo</span> 
     </span>
     <span class='ocr_line' id='line_1_6' title="bbox 506 912 2559 1004; baseline -0.002 -24"><span class='ocrx_word' id='word_1_49' title='bbox 506 937 641 981; x_wconf 83' lang='lat' dir='ltr'>eum</span> <span class='ocrx_word' id='word_1_50' title='bbox 680 916 916 1002; x_wconf 80' lang='lat' dir='ltr'>regibus</span> <span class='ocrx_word' id='word_1_51' title='bbox 953 925 1012 979; x_wconf 82' lang='lat' dir='ltr'>et</span> <span class='ocrx_word' id='word_1_52' title='bbox 1053 917 1439 1004; x_wconf 82' lang='lat' dir='ltr'>principibus,</span> <span class='ocrx_word' id='word_1_53' title='bbox 1504 915 1605 1001; x_wconf 87' lang='lat' dir='ltr'>qui</span> <span class='ocrx_word' id='word_1_54' title='bbox 1650 913 1772 980; x_wconf 82' lang='lat' dir='ltr'>fata</span> <span class='ocrx_word' id='word_1_55' title='bbox 1815 936 1923 980; x_wconf 88' lang='lat' dir='ltr'>sua</span> <span class='ocrx_word' id='word_1_56' title='bbox 1968 915 2027 977; x_wconf 89' lang='lat' dir='ltr'>in</span> <span class='ocrx_word' id='word_1_57' title='bbox 2071 916 2300 979; x_wconf 85' lang='lat' dir='ltr'>Mundo</span> <span class='ocrx_word' id='word_1_58' title='bbox 2343 912 2559 979; x_wconf 76' lang='lat' dir='ltr'>naturafi</span> 
     </span>
     <span class='ocr_line' id='line_1_7' title="bbox 508 1014 2559 1104; baseline -0.001 -23"><span class='ocrx_word' id='word_1_59' title='bbox 508 1018 855 1093; x_wconf 83' lang='lat' dir='ltr'>obiverunt,</span> <span class='ocrx_word' id='word_1_60' title='bbox 908 1017 1010 1082; x_wconf 86' lang='lat' dir='ltr'>sed</span> <span class='ocrx_word' id='word_1_61' title='bbox 1035 1017 1213 1090; x_wconf 80' lang='lat' dir='ltr'>etiam</span> <span class='ocrx_word' id='word_1_62' title='bbox 1246 1017 1449 1081; x_wconf 81' lang='lat' dir='ltr'>videte</span> <span class='ocrx_word' id='word_1_63' title='bbox 1472 1016 1761 1104; x_wconf 72' lang='lat' dir='ltr'>stupenda</span> <span class='ocrx_word' id='word_1_64' title='bbox 1789 1015 1983 1092; x_wconf 79' lang='lat' dir='ltr'>Caeli,</span> <span class='ocrx_word' id='word_1_65' title='bbox 2033 1025 2098 1079; x_wconf 85' lang='lat' dir='ltr'>et</span> <span class='ocrx_word' id='word_1_66' title='bbox 2138 1017 2451 1082; x_wconf 85' lang='lat' dir='ltr'>miseranda</span> <span class='ocrx_word' id='word_1_67' title='bbox 2484 1014 2559 1078; x_wconf 80' lang='lat' dir='ltr'>In-</span> 
     </span>
     <span class='ocr_line' id='line_1_8' title="bbox 506 1107 2560 1208; baseline -0.002 -24"><span class='ocrx_word' id='word_1_68' title='bbox 506 1118 688 1193; x_wconf 86' lang='lat' dir='ltr'>ferni,</span> <span class='ocrx_word' id='word_1_69' title='bbox 741 1118 910 1184; x_wconf 85' lang='lat' dir='ltr'>etsie</span> <span class='ocrx_word' id='word_1_70' title='bbox 941 1119 1096 1208; x_wconf 85' lang='lat' dir='ltr'>quod</span> <span class='ocrx_word' id='word_1_71' title='bbox 1135 1118 1316 1183; x_wconf 86' lang='lat' dir='ltr'>homo</span> <span class='ocrx_word' id='word_1_72' title='bbox 1355 1139 1478 1182; x_wconf 90' lang='lat' dir='ltr'>non</span> <span class='ocrx_word' id='word_1_73' title='bbox 1518 1116 1695 1203; x_wconf 75' lang='lat' dir='ltr'>degat</span> <span class='ocrx_word' id='word_1_74' title='bbox 1732 1117 1789 1180; x_wconf 91' lang='lat' dir='ltr'>in</span> <span class='ocrx_word' id='word_1_75' title='bbox 1836 1116 2038 1205; x_wconf 81' lang='lat' dir='ltr'>aliquo</span> <span class='ocrx_word' id='word_1_76' title='bbox 2081 1118 2178 1184; x_wconf 88' lang='lat' dir='ltr'>Pu</span> <span class='ocrx_word' id='word_1_77' title='bbox 2216 1107 2431 1194; x_wconf 78' lang='lat' dir='ltr'>terrae,</span> <span class='ocrx_word' id='word_1_78' title='bbox 2475 1136 2560 1180; x_wconf 82' lang='lat' dir='ltr'>uec</span> 
     </span>
     <span class='ocr_line' id='line_1_9' title="bbox 507 1213 2562 1304; baseline -0.001 -22"><span class='ocrx_word' id='word_1_79' title='bbox 507 1218 937 1283; x_wconf 78' lang='lat' dir='ltr'>circumvolitet</span> <span class='ocrx_word' id='word_1_80' title='bbox 963 1239 1173 1286; x_wconf 84' lang='lat' dir='ltr'>caecus</span> <span class='ocrx_word' id='word_1_81' title='bbox 1211 1229 1271 1285; x_wconf 89' lang='lat' dir='ltr'>et</span> <span class='ocrx_word' id='word_1_82' title='bbox 1298 1228 1492 1284; x_wconf 81' lang='lat' dir='ltr'>mutus</span> <span class='ocrx_word' id='word_1_83' title='bbox 1530 1218 1590 1282; x_wconf 90' lang='lat' dir='ltr'>iu</span> <span class='ocrx_word' id='word_1_84' title='bbox 1629 1224 1768 1284; x_wconf 61' lang='lat' dir='ltr'>aere</span> <span class='ocrx_word' id='word_1_85' title='bbox 1809 1226 1912 1282; x_wconf 87' lang='lat' dir='ltr'>aut</span> <span class='ocrx_word' id='word_1_86' title='bbox 1954 1219 2017 1282; x_wconf 86' lang='lat' dir='ltr'>iu</span> <span class='ocrx_word' id='word_1_87' title='bbox 2054 1220 2255 1295; x_wconf 82' lang='lat' dir='ltr'>inani,</span> <span class='ocrx_word' id='word_1_88' title='bbox 2302 1220 2401 1283; x_wconf 87' lang='lat' dir='ltr'>sed</span> <span class='ocrx_word' id='word_1_89' title='bbox 2435 1213 2562 1304; x_wconf 86' lang='lat' dir='ltr'>quod</span> 
     </span>
     <span class='ocr_line' id='line_1_10' title="bbox 507 1318 2563 1410; baseline -0 -28"><span class='ocrx_word' id='word_1_90' title='bbox 507 1320 671 1384; x_wconf 81' lang='lat' dir='ltr'>vivat</span> <span class='ocrx_word' id='word_1_91' title='bbox 697 1320 875 1386; x_wconf 85' lang='lat' dir='ltr'>homo</span> <span class='ocrx_word' id='word_1_92' title='bbox 902 1321 963 1384; x_wconf 92' lang='lat' dir='ltr'>in</span> <span class='ocrx_word' id='word_1_93' title='bbox 990 1342 1238 1410; x_wconf 83' lang='lat' dir='ltr'>corpore</span> <span class='ocrx_word' id='word_1_94' title='bbox 1262 1319 1663 1395; x_wconf 68' lang='lat' dir='ltr'>substantiali,</span> <span class='ocrx_word' id='word_1_95' title='bbox 1716 1321 1776 1384; x_wconf 92' lang='lat' dir='ltr'>in</span> <span class='ocrx_word' id='word_1_96' title='bbox 1818 1318 2006 1384; x_wconf 88' lang='lat' dir='ltr'>multo</span> <span class='ocrx_word' id='word_1_97' title='bbox 2052 1319 2388 1408; x_wconf 79' lang='lat' dir='ltr'>perfectiori</span> <span class='ocrx_word' id='word_1_98' title='bbox 2418 1325 2563 1392; x_wconf 84' lang='lat' dir='ltr'>statu,</span> 
     </span>
     <span class='ocr_line' id='line_1_11' title="bbox 504 1417 2562 1511; baseline -0.002 -25"><span class='ocrx_word' id='word_1_99' title='bbox 504 1423 554 1486; x_wconf 87' lang='lat' dir='ltr'>si</span> <span class='ocrx_word' id='word_1_100' title='bbox 605 1421 759 1488; x_wconf 86' lang='lat' dir='ltr'>inter</span> <span class='ocrx_word' id='word_1_101' title='bbox 808 1422 1013 1490; x_wconf 82' lang='lat' dir='ltr'>beatos</span> <span class='ocrx_word' id='word_1_102' title='bbox 1056 1423 1249 1499; x_wconf 84' lang='lat' dir='ltr'>venit,</span> <span class='ocrx_word' id='word_1_103' title='bbox 1302 1441 1482 1511; x_wconf 88' lang='lat' dir='ltr'>quam</span> <span class='ocrx_word' id='word_1_104' title='bbox 1528 1421 1687 1507; x_wconf 86' lang='lat' dir='ltr'>prius</span> <span class='ocrx_word' id='word_1_105' title='bbox 1726 1442 1863 1484; x_wconf 85' lang='lat' dir='ltr'>cum</span> <span class='ocrx_word' id='word_1_106' title='bbox 1906 1422 1969 1484; x_wconf 83' lang='lat' dir='ltr'>in</span> <span class='ocrx_word' id='word_1_107' title='bbox 2012 1441 2272 1511; x_wconf 82' lang='lat' dir='ltr'>corpore</span> <span class='ocrx_word' id='word_1_108' title='bbox 2315 1417 2562 1486; x_wconf 79' lang='lat' dir='ltr'>materiali</span> 
     </span>
     <span class='ocr_line' id='line_1_12' title="bbox 505 1518 2563 1611; baseline -0.002 -25"><span class='ocrx_word' id='word_1_109' title='bbox 505 1522 665 1588; x_wconf 81' lang='lat' dir='ltr'>vixit.</span> <span class='ocrx_word' id='word_1_110' title='bbox 739 1523 840 1588; x_wconf 62' lang='lat' dir='ltr'>»Ne</span> <span class='ocrx_word' id='word_1_111' title='bbox 866 1523 1066 1610; x_wconf 87' lang='lat' dir='ltr'>itaque</span> <span class='ocrx_word' id='word_1_112' title='bbox 1094 1521 1275 1588; x_wconf 87' lang='lat' dir='ltr'>homo</span> <span class='ocrx_word' id='word_1_113' title='bbox 1295 1545 1359 1589; x_wconf 86' lang='lat' dir='ltr'>se</span> <span class='ocrx_word' id='word_1_114' title='bbox 1390 1522 1634 1588; x_wconf 86' lang='lat' dir='ltr'>ulterius</span> <span class='ocrx_word' id='word_1_115' title='bbox 1661 1520 1975 1610; x_wconf 77' lang='lat' dir='ltr'><strong>profundet</strong></span> <span class='ocrx_word' id='word_1_116' title='bbox 1999 1523 2064 1586; x_wconf 88' lang='lat' dir='ltr'>iu</span> <span class='ocrx_word' id='word_1_117' title='bbox 2090 1523 2390 1611; x_wconf 81' lang='lat' dir='ltr'>Opinione</span> <span class='ocrx_word' id='word_1_118' title='bbox 2414 1520 2476 1585; x_wconf 86' lang='lat' dir='ltr'>de</span> <span class='ocrx_word' id='word_1_119' title='bbox 2496 1518 2563 1582; x_wconf 84' lang='lat' dir='ltr'>in·</span> 
     </span>
     <span class='ocr_line' id='line_1_13' title="bbox 507 1620 2561 1713; baseline -0.002 -26"><span class='ocrx_word' id='word_1_120' title='bbox 507 1624 683 1688; x_wconf 86' lang='lat' dir='ltr'>teritu</span> <span class='ocrx_word' id='word_1_121' title='bbox 712 1623 871 1688; x_wconf 84' lang='lat' dir='ltr'>Caeli</span> <span class='ocrx_word' id='word_1_122' title='bbox 901 1626 1267 1713; x_wconf 77' lang='lat' dir='ltr'>aspectabilis</span> <span class='ocrx_word' id='word_1_123' title='bbox 1296 1636 1357 1688; x_wconf 85' lang='lat' dir='ltr'>et</span> <span class='ocrx_word' id='word_1_124' title='bbox 1382 1624 1608 1688; x_wconf 80' lang='lat' dir='ltr'>Terrae</span> <span class='ocrx_word' id='word_1_125' title='bbox 1636 1622 2003 1700; x_wconf 86' lang='lat' dir='ltr'>habitabilis,</span> <span class='ocrx_word' id='word_1_126' title='bbox 2057 1634 2122 1689; x_wconf 87' lang='lat' dir='ltr'>et</span> <span class='ocrx_word' id='word_1_127' title='bbox 2144 1624 2235 1689; x_wconf 82' lang='lat' dir='ltr'>sic</span> <span class='ocrx_word' id='word_1_128' title='bbox 2273 1624 2343 1688; x_wconf 87' lang='lat' dir='ltr'>de</span> <span class='ocrx_word' id='word_1_129' title='bbox 2378 1620 2561 1688; x_wconf 83' lang='lat' dir='ltr'>Mundo</span> 
     </span>
     <span class='ocr_line' id='line_1_14' title="bbox 505 1724 2563 1813; baseline -0.003 -24"><span class='ocrx_word' id='word_1_130' title='bbox 505 1724 821 1813; x_wconf 83' lang='lat' dir='ltr'>spirituali,</span> <span class='ocrx_word' id='word_1_131' title='bbox 874 1747 944 1790; x_wconf 83' lang='lat' dir='ltr'>ex</span> <span class='ocrx_word' id='word_1_132' title='bbox 987 1726 1361 1812; x_wconf 80' lang='lat' dir='ltr'>ignorantia,</span> <span class='ocrx_word' id='word_1_133' title='bbox 1412 1744 1484 1788; x_wconf 79' lang='lat' dir='ltr'>ex</span> <span class='ocrx_word' id='word_1_134' title='bbox 1526 1745 1647 1811; x_wconf 89' lang='lat' dir='ltr'>qua</span> <span class='ocrx_word' id='word_1_135' title='bbox 1694 1726 2112 1790; x_wconf 82' lang='lat' dir='ltr'>naturalismus</span> <span class='ocrx_word' id='word_1_136' title='bbox 2156 1734 2218 1788; x_wconf 88' lang='lat' dir='ltr'>et</span> <span class='ocrx_word' id='word_1_137' title='bbox 2257 1724 2420 1790; x_wconf 87' lang='lat' dir='ltr'>simul</span> <span class='ocrx_word' id='word_1_138' title='bbox 2457 1731 2563 1786; x_wconf 82' lang='lat' dir='ltr'>tunc</span> 
     </span>
     <span class='ocr_line' id='line_1_15' title="bbox 503 1824 2562 1911; baseline -0.003 -21"><span class='ocrx_word' id='word_1_139' title='bbox 503 1824 845 1901; x_wconf 71' lang='lat' dir='ltr'>etheismus,</span> <span class='ocrx_word' id='word_1_140' title='bbox 894 1828 994 1911; x_wconf 90' lang='lat' dir='ltr'>qui</span> <span class='ocrx_word' id='word_1_141' title='bbox 1020 1826 1196 1890; x_wconf 87' lang='lat' dir='ltr'>hodie</span> <span class='ocrx_word' id='word_1_142' title='bbox 1224 1829 1376 1890; x_wconf 88' lang='lat' dir='ltr'>inter</span> <span class='ocrx_word' id='word_1_143' title='bbox 1402 1824 1679 1889; x_wconf 86' lang='lat' dir='ltr'>Eruditos</span> <span class='ocrx_word' id='word_1_144' title='bbox 1706 1825 1766 1888; x_wconf 91' lang='lat' dir='ltr'>in</span> <span class='ocrx_word' id='word_1_145' title='bbox 1797 1835 1992 1889; x_wconf 88' lang='lat' dir='ltr'>mente</span> <span class='ocrx_word' id='word_1_146' title='bbox 2014 1824 2562 1892; x_wconf 49' lang='lat' dir='ltr'>ratio‘uali‘interiore</span> 
     </span>
     <span class='ocr_line' id='line_1_16' title="bbox 507 1924 2563 2015; baseline -0.003 -24"><span class='ocrx_word' id='word_1_147' title='bbox 507 1936 750 2015; x_wconf 81' lang='lat' dir='ltr'>coeptus</span> <span class='ocrx_word' id='word_1_148' title='bbox 777 1937 864 1991; x_wconf 83' lang='lat' dir='ltr'>est</span> <span class='ocrx_word' id='word_1_149' title='bbox 901 1927 1174 2003; x_wconf 80' lang='lat' dir='ltr'>radicari,</span> <span class='ocrx_word' id='word_1_150' title='bbox 1224 1927 1418 2002; x_wconf 81' lang='lat' dir='ltr'>latius,</span> <span class='ocrx_word' id='word_1_151' title='bbox 1467 1927 1616 1992; x_wconf 88' lang='lat' dir='ltr'>sicut</span> <span class='ocrx_word' id='word_1_152' title='bbox 1655 1927 2025 1992; x_wconf 82' lang='lat' dir='ltr'>morticinum</span> <span class='ocrx_word' id='word_1_153' title='bbox 2065 1929 2131 1991; x_wconf 93' lang='lat' dir='ltr'>in</span> <span class='ocrx_word' id='word_1_154' title='bbox 2179 1949 2378 2004; x_wconf 82' lang='lat' dir='ltr'>earne,</span> <span class='ocrx_word' id='word_1_155' title='bbox 2422 1924 2563 1988; x_wconf 82' lang='lat' dir='ltr'>etiam</span> 
     </span>
     <span class='ocr_line' id='line_1_17' title="bbox 417 2027 2564 2122; baseline 0.003 -31"><span class='ocrx_word' id='word_1_156' title='bbox 417 2115 424 2122; x_wconf 29' lang='grc' dir='ltr'><strong><em>Ι</em></strong></span> <span class='ocrx_word' id='word_1_157' title='bbox 505 2029 564 2093; x_wconf 89' lang='lat' dir='ltr'>in</span> <span class='ocrx_word' id='word_1_158' title='bbox 593 2030 854 2094; x_wconf 85' lang='lat' dir='ltr'>Mentem</span> <span class='ocrx_word' id='word_1_159' title='bbox 883 2030 1009 2114; x_wconf 80' lang='lat' dir='ltr'>ejus</span> <span class='ocrx_word' id='word_1_160' title='bbox 1031 2038 1371 2103; x_wconf 79' lang='lat' dir='ltr'>externam,</span> <span class='ocrx_word' id='word_1_161' title='bbox 1424 2048 1494 2090; x_wconf 82' lang='lat' dir='ltr'>ex</span> <span class='ocrx_word' id='word_1_162' title='bbox 1522 2049 1637 2116; x_wconf 88' lang='lat' dir='ltr'>qua</span> <span class='ocrx_word' id='word_1_163' title='bbox 1667 2027 1960 2115; x_wconf 88' lang='lat' dir='ltr'>loquitur,</span> <span class='ocrx_word' id='word_1_164' title='bbox 2012 2052 2073 2092; x_wconf 85' lang='lat' dir='ltr'>se</span> <span class='ocrx_word' id='word_1_165' title='bbox 2119 2030 2564 2115; x_wconf 65' lang='lat' dir='ltr'>circumspargab</span> 
     </span>
     <span class='ocr_line' id='line_1_18' title="bbox 501 2123 2562 2218; baseline -0.003 -26"><span class='ocrx_word' id='word_1_166' title='bbox 501 2129 830 2215; x_wconf 76' lang='lat' dir='ltr'>injunctum</span> <span class='ocrx_word' id='word_1_167' title='bbox 860 2149 893 2193; x_wconf 89' lang='lat' dir='ltr'>a</span> <span class='ocrx_word' id='word_1_168' title='bbox 927 2130 1182 2193; x_wconf 87' lang='lat' dir='ltr'>Domino</span> <span class='ocrx_word' id='word_1_169' title='bbox 1209 2129 1350 2193; x_wconf 87' lang='lat' dir='ltr'>mihi</span> <span class='ocrx_word' id='word_1_170' title='bbox 1376 2140 1496 2205; x_wconf 83' lang='lat' dir='ltr'>est,</span> <span class='ocrx_word' id='word_1_171' title='bbox 1550 2130 1715 2194; x_wconf 80' lang='lat' dir='ltr'>varia</span> <span class='ocrx_word' id='word_1_172' title='bbox 1743 2149 1816 2192; x_wconf 83' lang='lat' dir='ltr'>ex</span> <span class='ocrx_word' id='word_1_173' title='bbox 1845 2130 1980 2196; x_wconf 84' lang='lat' dir='ltr'>visis</span> <span class='ocrx_word' id='word_1_174' title='bbox 2005 2140 2064 2197; x_wconf 85' lang='lat' dir='ltr'>et</span> <span class='ocrx_word' id='word_1_175' title='bbox 2096 2131 2320 2218; x_wconf 73' lang='lat' dir='ltr'>auditis</span> <span class='ocrx_word' id='word_1_176' title='bbox 2349 2123 2562 2217; x_wconf 82' lang='lat' dir='ltr'>promul·</span> 
     </span>
     <span class='ocr_line' id='line_1_19' title="bbox 506 2229 2562 2318; baseline 0.002 -24"><span class='ocrx_word' id='word_1_177' title='bbox 506 2251 680 2317; x_wconf 82' lang='lat' dir='ltr'>gare,</span> <span class='ocrx_word' id='word_1_178' title='bbox 734 2240 854 2294; x_wconf 79' lang='lat' dir='ltr'>tam</span> <span class='ocrx_word' id='word_1_179' title='bbox 884 2230 955 2296; x_wconf 91' lang='lat' dir='ltr'>de</span> <span class='ocrx_word' id='word_1_180' title='bbox 981 2229 1190 2295; x_wconf 54' lang='lat' dir='ltr'>Cauno</span> <span class='ocrx_word' id='word_1_181' title='bbox 1218 2251 1295 2294; x_wconf 74' lang='lat' dir='ltr'>m</span> <span class='ocrx_word' id='word_1_182' title='bbox 1322 2230 1629 2304; x_wconf 58' lang='lat' dir='ltr'>larnano,</span> <span class='ocrx_word' id='word_1_183' title='bbox 1681 2252 1856 2318; x_wconf 87' lang='lat' dir='ltr'>quam</span> <span class='ocrx_word' id='word_1_184' title='bbox 1904 2232 1976 2297; x_wconf 90' lang='lat' dir='ltr'>de</span> <span class='ocrx_word' id='word_1_185' title='bbox 2020 2232 2289 2299; x_wconf 75' lang='lat' dir='ltr'>Ummo</span> <span class='ocrx_word' id='word_1_186' title='bbox 2327 2231 2562 2298; x_wconf 73' lang='lat' dir='ltr'>Jun1G102</span> 
     </span>
     <span class='ocr_line' id='line_1_20' title="bbox 506 2327 2561 2419; baseline -0.002 -23"><span class='ocrx_word' id='word_1_187' title='bbox 506 2340 566 2396; x_wconf 87' lang='lat' dir='ltr'>et</span> <span class='ocrx_word' id='word_1_188' title='bbox 591 2352 828 2419; x_wconf 85' lang='lat' dir='ltr'>quoque</span> <span class='ocrx_word' id='word_1_189' title='bbox 852 2328 1318 2409; x_wconf 64' lang='lat' dir='ltr'>Arommrrsm,</span> <span class='ocrx_word' id='word_1_190' title='bbox 1372 2331 1471 2396; x_wconf 90' lang='lat' dir='ltr'>ubi</span> <span class='ocrx_word' id='word_1_191' title='bbox 1500 2330 1573 2394; x_wconf 88' lang='lat' dir='ltr'>de</span> <span class='ocrx_word' id='word_1_192' title='bbox 1598 2328 1873 2397; x_wconf 79' lang='lat' dir='ltr'>Adventu</span> <span class='ocrx_word' id='word_1_193' title='bbox 1906 2333 2144 2399; x_wconf 87' lang='lat' dir='ltr'>Domini</span> <span class='ocrx_word' id='word_1_194' title='bbox 2162 2383 2178 2411; x_wconf 88' lang='lat'><strong>‚</strong></span> <span class='ocrx_word' id='word_1_195' title='bbox 2236 2343 2298 2399; x_wconf 86' lang='lat' dir='ltr'>et</span> <span class='ocrx_word' id='word_1_196' title='bbox 2324 2327 2561 2396; x_wconf 68' lang='lat' dir='ltr'>de-Caelo</span> 
     </span>
     <span class='ocr_line' id='line_1_21' title="bbox 507 2431 2561 2526; baseline 0.003 -31"><span class='ocrx_word' id='word_1_197' title='bbox 507 2433 721 2517; x_wconf 82' lang='lat' dir='ltr'>priori,</span> <span class='ocrx_word' id='word_1_198' title='bbox 774 2442 838 2495; x_wconf 90' lang='lat' dir='ltr'>et</span> <span class='ocrx_word' id='word_1_199' title='bbox 859 2432 930 2494; x_wconf 81' lang='lat' dir='ltr'>de</span> <span class='ocrx_word' id='word_1_200' title='bbox 959 2431 1137 2498; x_wconf 85' lang='lat' dir='ltr'>Caelo</span> <span class='ocrx_word' id='word_1_201' title='bbox 1170 2455 1357 2508; x_wconf 87' lang='lat' dir='ltr'>novo,</span> <span class='ocrx_word' id='word_1_202' title='bbox 1411 2434 1601 2520; x_wconf 85' lang='lat' dir='ltr'>deque</span> <span class='ocrx_word' id='word_1_203' title='bbox 1628 2434 1844 2498; x_wconf 85' lang='lat' dir='ltr'>Sancta</span> <span class='ocrx_word' id='word_1_204' title='bbox 1874 2435 2336 2526; x_wconf 86' lang='lat' dir='ltr'>Hierosolyma,</span> <span class='ocrx_word' id='word_1_205' title='bbox 2387 2432 2561 2517; x_wconf 70' lang='lat' dir='ltr'>agitur,</span> 
     </span>
     <span class='ocr_line' id='line_1_22' title="bbox 508 2532 2563 2624; baseline 0.003 -30"><span class='ocrx_word' id='word_1_206' title='bbox 508 2532 829 2619; x_wconf 55' lang='lat' dir='ltr'>explic-arm</span> <span class='ocrx_word' id='word_1_207' title='bbox 881 2555 916 2596; x_wconf 91' lang='lat' dir='ltr'>a</span> <span class='ocrx_word' id='word_1_208' title='bbox 946 2534 1158 2620; x_wconf 88' lang='lat' dir='ltr'>quibus</span> <span class='ocrx_word' id='word_1_209' title='bbox 1183 2535 1346 2601; x_wconf 75' lang='lat' dir='ltr'>lectis</span> <span class='ocrx_word' id='word_1_210' title='bbox 1373 2544 1435 2597; x_wconf 86' lang='lat' dir='ltr'>et</span> <span class='ocrx_word' id='word_1_211' title='bbox 1473 2534 1811 2610; x_wconf 84' lang='lat' dir='ltr'>intellectis,</span> <span class='ocrx_word' id='word_1_212' title='bbox 1860 2536 2117 2624; x_wconf 80' lang='lat' dir='ltr'>quisque</span> <span class='ocrx_word' id='word_1_213' title='bbox 2153 2539 2356 2602; x_wconf 83' lang='lat' dir='ltr'>videre</span> <span class='ocrx_word' id='word_1_214' title='bbox 2394 2537 2563 2622; x_wconf 46' lang='lat' dir='ltr'>potes&amp;</span> 
     </span>
     <span class='ocr_line' id='line_1_23' title="bbox 501 2632 2564 2755; baseline 0.001 -59.009"><span class='ocrx_word' id='word_1_215' title='bbox 501 2632 647 2719; x_wconf 89' lang='lat' dir='ltr'>quid</span> <span class='ocrx_word' id='word_1_216' title='bbox 694 2633 771 2696; x_wconf 91' lang='lat' dir='ltr'>ibi</span> <span class='ocrx_word' id='word_1_217' title='bbox 819 2655 922 2720; x_wconf 88' lang='lat' dir='ltr'>per</span> <span class='ocrx_word' id='word_1_218' title='bbox 962 2634 1297 2701; x_wconf 80' lang='lat' dir='ltr'>Adventum</span> <span class='ocrx_word' id='word_1_219' title='bbox 1341 2632 1610 2711; x_wconf 85' lang='lat' dir='ltr'>Domini,</span> <span class='ocrx_word' id='word_1_220' title='bbox 1658 2657 1881 2723; x_wconf 85' lang='lat' dir='ltr'>perque</span> <span class='ocrx_word' id='word_1_221' title='bbox 1920 2638 2166 2703; x_wconf 83' lang='lat' dir='ltr'>Novum</span> <span class='ocrx_word' id='word_1_222' title='bbox 2216 2637 2481 2755; x_wconf 78' lang='lat' dir='ltr'>Caelum,</span> <span class='ocrx_word' id='word_1_223' title='bbox 2520 2636 2564 2692; x_wconf 76' lang='lat' dir='ltr'>et</span> 
     </span>
     <span class='ocr_line' id='line_1_24' title="bbox 507 2734 1833 2827; baseline 0.003 -29"><span class='ocrx_word' id='word_1_224' title='bbox 507 2755 612 2823; x_wconf 85' lang='lat' dir='ltr'>pet</span> <span class='ocrx_word' id='word_1_225' title='bbox 657 2755 871 2800; x_wconf 77' lang='lat' dir='ltr'>novam</span> <span class='ocrx_word' id='word_1_226' title='bbox 913 2735 1424 2827; x_wconf 79' lang='lat' dir='ltr'>Hierosolymam,</span> <span class='ocrx_word' id='word_1_227' title='bbox 1476 2734 1833 2822; x_wconf 76' lang='lat' dir='ltr'>intelligitur.</span> 
     </span>
    </p>
   </div>
   <div class='ocr_carea' id='block_1_3' title="bbox 483 2900 2566 3359">
    <p class='ocr_par' dir='ltr' id='par_1_3' title="bbox 483 2900 2566 3359">
     <span class='ocr_line' id='line_1_25' title="bbox 510 2900 2563 3056; baseline -0.001 -28"><span class='ocrx_word' id='word_1_228' title='bbox 510 2960 716 3047; x_wconf 83' lang='lat' dir='ltr'>Quod</span> <span class='ocrx_word' id='word_1_229' title='bbox 732 2961 831 3027; x_wconf 74' lang='lat' dir='ltr'>hic</span> <span class='ocrx_word' id='word_1_230' title='bbox 867 2962 1160 3031; x_wconf 76' lang='lat' dir='ltr'>adventus</span> <span class='ocrx_word' id='word_1_231' title='bbox 1197 2900 1478 3042; x_wconf 84' lang='lat' dir='ltr'>Domini,</span> <span class='ocrx_word' id='word_1_232' title='bbox 1530 2970 1639 3056; x_wconf 80' lang='lat' dir='ltr'>qui</span> <span class='ocrx_word' id='word_1_233' title='bbox 1677 2980 1775 3039; x_wconf 79' lang='lat' dir='ltr'>est</span> <span class='ocrx_word' id='word_1_234' title='bbox 1805 2963 2563 3055; x_wconf 63' lang='lat' dir='ltr'>Secundus,ex1statpm-</span> 
     </span>
     <span class='ocr_line' id='line_1_26' title="bbox 500 3065 2566 3161; baseline -0.003 -30"><span class='ocrx_word' id='word_1_235' title='bbox 500 3078 640 3157; x_wconf 83' lang='lat' dir='ltr'>pter</span> <span class='ocrx_word' id='word_1_236' title='bbox 690 3088 969 3141; x_wconf 80' lang='lat' dir='ltr'>causam,</span> <span class='ocrx_word' id='word_1_237' title='bbox 1024 3081 1087 3131; x_wconf 76' lang='lat' dir='ltr'>ut</span> <span class='ocrx_word' id='word_1_238' title='bbox 1134 3074 1492 3161; x_wconf 67' lang='lat' dir='ltr'>separentur</span> <span class='ocrx_word' id='word_1_239' title='bbox 1531 3065 1682 3131; x_wconf 77' lang='lat' dir='ltr'>mali</span> <span class='ocrx_word' id='word_1_240' title='bbox 1716 3091 1757 3131; x_wconf 85' lang='lat' dir='ltr'><em>a</em></span> <span class='ocrx_word' id='word_1_241' title='bbox 1801 3066 2004 3143; x_wconf 83' lang='lat' dir='ltr'>bonis,</span> <span class='ocrx_word' id='word_1_242' title='bbox 2069 3091 2144 3134; x_wconf 82' lang='lat' dir='ltr'>ac</span> <span class='ocrx_word' id='word_1_243' title='bbox 2185 3084 2253 3134; x_wconf 76' lang='lat' dir='ltr'>ut</span> <span class='ocrx_word' id='word_1_244' title='bbox 2299 3065 2566 3133; x_wconf 71' lang='lat' dir='ltr'>salvemur</span> 
     </span>
     <span class='ocr_line' id='line_1_27' title="bbox 508 3158 2564 3262; baseline 0 -34"><span class='ocrx_word' id='word_1_245' title='bbox 508 3163 633 3241; x_wconf 81' lang='lat' dir='ltr'>illi,</span> <span class='ocrx_word' id='word_1_246' title='bbox 703 3169 811 3259; x_wconf 82' lang='lat' dir='ltr'>qui</span> <span class='ocrx_word' id='word_1_247' title='bbox 864 3158 1244 3232; x_wconf 74' lang='lat' dir='ltr'>crediderunt</span> <span class='ocrx_word' id='word_1_248' title='bbox 1288 3180 1345 3233; x_wconf 78' lang='lat' dir='ltr'>et</span> <span class='ocrx_word' id='word_1_249' title='bbox 1405 3166 1651 3233; x_wconf 79' lang='lat' dir='ltr'>credunt</span> <span class='ocrx_word' id='word_1_250' title='bbox 1699 3171 1758 3232; x_wconf 85' lang='lat' dir='ltr'>in</span> <span class='ocrx_word' id='word_1_251' title='bbox 1817 3168 2067 3262; x_wconf 82' lang='lat' dir='ltr'>Ipsum,</span> <span class='ocrx_word' id='word_1_252' title='bbox 2139 3194 2219 3234; x_wconf 84' lang='lat' dir='ltr'>ac</span> <span class='ocrx_word' id='word_1_253' title='bbox 2269 3184 2336 3236; x_wconf 84' lang='lat' dir='ltr'>ut</span> <span class='ocrx_word' id='word_1_254' title='bbox 2382 3192 2457 3232; x_wconf 77' lang='lat' dir='ltr'>ex</span> <span class='ocrx_word' id='word_1_255' title='bbox 2491 3160 2564 3228; x_wconf 77' lang='lat' dir='ltr'>his</span> 
     </span>
     <span class='ocr_line' id='line_1_28' title="bbox 483 3262 2562 3359; baseline 0.001 -28"><span class='ocrx_word' id='word_1_256' title='bbox 483 3262 795 3354; x_wconf 72' lang='lat' dir='ltr'>formetur</span> <span class='ocrx_word' id='word_1_257' title='bbox 831 3267 1073 3335; x_wconf 80' lang='lat' dir='ltr'>Novum</span> <span class='ocrx_word' id='word_1_258' title='bbox 1116 3266 1360 3334; x_wconf 81' lang='lat' dir='ltr'>Caelum</span> <span class='ocrx_word' id='word_1_259' title='bbox 1416 3266 1809 3359; x_wconf 79' lang='lat' dir='ltr'>Angelicum,</span> <span class='ocrx_word' id='word_1_260' title='bbox 1875 3285 1933 3336; x_wconf 85' lang='lat' dir='ltr'>et</span> <span class='ocrx_word' id='word_1_261' title='bbox 1973 3271 2051 3336; x_wconf 90' lang='lat' dir='ltr'><em>N</em></span> <span class='ocrx_word' id='word_1_262' title='bbox 2047 3292 2161 3337; x_wconf 75' lang='lat' dir='ltr'>ova</span> <span class='ocrx_word' id='word_1_263' title='bbox 2207 3268 2482 3337; x_wconf 79' lang='lat' dir='ltr'>Ecclesia</span> <span class='ocrx_word' id='word_1_264' title='bbox 2516 3267 2562 3327; x_wconf 75' lang='lat' dir='ltr'>in</span> 
     </span>
    </p>
   </div>
   <div class='ocr_carea' id='block_1_4' title="bbox 459 3368 2562 3538">
    <p class='ocr_par' dir='ltr' id='par_1_4' title="bbox 459 3368 2562 3538">
     <span class='ocr_line' id='line_1_29' title="bbox 459 3368 2562 3481; baseline 0.002 -48.089"><span class='ocrx_word' id='word_1_265' title='bbox 459 3373 704 3447; x_wconf 82' lang='lat' dir='ltr'>terris,</span> <span class='ocrx_word' id='word_1_266' title='bbox 760 3382 816 3434; x_wconf 75' lang='lat' dir='ltr'>et</span> <span class='ocrx_word' id='word_1_267' title='bbox 854 3368 1021 3461; x_wconf 85' lang='lat' dir='ltr'>quod</span> <span class='ocrx_word' id='word_1_268' title='bbox 1059 3368 1284 3464; x_wconf 79' lang='lat' dir='ltr'>absque</span> <span class='ocrx_word' id='word_1_269' title='bbox 1312 3392 1419 3446; x_wconf 75' lang='grc' dir='ltr'>εο,</span> <span class='ocrx_word' id='word_1_270' title='bbox 1469 3395 1590 3435; x_wconf 85' lang='lat' dir='ltr'>non</span> <span class='ocrx_word' id='word_1_271' title='bbox 1625 3382 1836 3462; x_wconf 79' lang='lat' dir='ltr'>posset</span> <span class='ocrx_word' id='word_1_272' title='bbox 1873 3370 2005 3437; x_wconf 74' lang='lat' dir='ltr'><em>alla</em></span> <span class='ocrx_word' id='word_1_273' title='bbox 2046 3371 2203 3437; x_wconf 76' lang='lat' dir='ltr'>Caro</span> <span class='ocrx_word' id='word_1_274' title='bbox 2239 3387 2562 3481; x_wconf 68' lang='lat' dir='ltr'>conservem,</span> 
     </span>
     <span class='ocr_line' id='line_1_30' title="bbox 1225 3469 1845 3538; baseline 0 -3"><span class='ocrx_word' id='word_1_275' title='bbox 1225 3471 1436 3535; x_wconf 86' lang='lat' dir='ltr'>Matth.</span> <span class='ocrx_word' id='word_1_276' title='bbox 1473 3469 1702 3538; x_wconf 86' lang='grc' dir='ltr'><em>ΧΧΙΣΤ·</em></span> <span class='ocrx_word' id='word_1_277' title='bbox 1745 3476 1845 3535; x_wconf 89' lang='grc'>22.</span> 
     </span>
    </p>
   </div>
   <div class='ocr_carea' id='block_1_5' title="bbox 437 3606 2564 4357">
    <p class='ocr_par' dir='ltr' id='par_1_5' title="bbox 437 3606 2564 4357">
     <span class='ocr_line' id='line_1_31' title="bbox 654 3606 2564 3725; baseline -0.002 -18"><span class='ocrx_word' id='word_1_278' title='bbox 654 3648 803 3708; x_wconf 76' lang='grc' dir='ltr'><strong>Ἶ72.</strong></span> <span class='ocrx_word' id='word_1_279' title='bbox 860 3644 1034 3725; x_wconf 86' lang='lat' dir='ltr'>Quod</span> <span class='ocrx_word' id='word_1_280' title='bbox 1077 3606 1384 3713; x_wconf 79' lang='lat' dir='ltr'>Secundus</span> <span class='ocrx_word' id='word_1_281' title='bbox 1421 3649 1516 3712; x_wconf 89' lang='lat' dir='ltr'>hic</span> <span class='ocrx_word' id='word_1_282' title='bbox 1555 3647 1859 3715; x_wconf 77' lang='lat' dir='ltr'>Adventus</span> <span class='ocrx_word' id='word_1_283' title='bbox 1888 3650 2170 3721; x_wconf 82' lang='lat' dir='ltr'>Domini,</span> <span class='ocrx_word' id='word_1_284' title='bbox 2224 3672 2344 3715; x_wconf 88' lang='lat' dir='ltr'>non</span> <span class='ocrx_word' id='word_1_285' title='bbox 2388 3646 2564 3715; x_wconf 81' lang='lat' dir='ltr'>existat</span> 
     </span>
     <span class='ocr_line' id='line_1_32' title="bbox 495 3744 2560 3837; baseline 0.002 -28"><span class='ocrx_word' id='word_1_286' title='bbox 495 3744 576 3809; x_wconf 64' lang='lat' dir='ltr'>ed</span> <span class='ocrx_word' id='word_1_287' title='bbox 621 3745 932 3811; x_wconf 85' lang='lat' dir='ltr'>delendum</span> <span class='ocrx_word' id='word_1_288' title='bbox 973 3746 1220 3810; x_wconf 83' lang='lat' dir='ltr'>Caelum</span> <span class='ocrx_word' id='word_1_289' title='bbox 1264 3750 1617 3837; x_wconf 78' lang='lat' dir='ltr'>aspectabile</span> <span class='ocrx_word' id='word_1_290' title='bbox 1653 3755 1719 3815; x_wconf 84' lang='lat' dir='ltr'>-et</span> <span class='ocrx_word' id='word_1_291' title='bbox 1763 3752 2016 3816; x_wconf 87' lang='lat' dir='ltr'>Terram</span> <span class='ocrx_word' id='word_1_292' title='bbox 2059 3750 2470 3824; x_wconf 76' lang='lat' dir='ltr'>habitabilem,</span> <span class='ocrx_word' id='word_1_293' title='bbox 2515 3745 2560 3809; x_wconf 74' lang='lat' dir='ltr'>in</span> 
     </span>
     <span class='ocr_line' id='line_1_33' title="bbox 501 3846 2561 3939; baseline 0.001 -29"><span class='ocrx_word' id='word_1_294' title='bbox 501 3846 886 3917; x_wconf 78' lang='lat' dir='ltr'>antecedente</span> <span class='ocrx_word' id='word_1_295' title='bbox 917 3846 1183 3918; x_wconf 82' lang='lat' dir='ltr'>Articulo</span> <span class='ocrx_word' id='word_1_296' title='bbox 1217 3860 1607 3916; x_wconf 83' lang='lat' dir='ltr'>monstratum</span> <span class='ocrx_word' id='word_1_297' title='bbox 1635 3861 1748 3916; x_wconf 76' lang='lat' dir='ltr'>est-z</span> <span class='ocrx_word' id='word_1_298' title='bbox 1805 3853 1961 3939; x_wconf 85' lang='lat' dir='ltr'>quod</span> <span class='ocrx_word' id='word_1_299' title='bbox 2005 3874 2126 3918; x_wconf 86' lang='lat' dir='ltr'>uon</span> <span class='ocrx_word' id='word_1_300' title='bbox 2171 3853 2245 3916; x_wconf 91' lang='lat' dir='ltr'>ad</span> <span class='ocrx_word' id='word_1_301' title='bbox 2290 3854 2561 3917; x_wconf 80' lang='lat' dir='ltr'>destruen-</span> 
     </span>
     <span class='ocr_line' id='line_1_34' title="bbox 501 3944 2561 4042; baseline 0.001 -33"><span class='ocrx_word' id='word_1_302' title='bbox 501 3944 643 4012; x_wconf 86' lang='lat' dir='ltr'>dum</span> <span class='ocrx_word' id='word_1_303' title='bbox 678 3947 930 4035; x_wconf 73' lang='lat' dir='ltr'>aliquid,</span> <span class='ocrx_word' id='word_1_304' title='bbox 979 3948 1083 4012; x_wconf 86' lang='lat' dir='ltr'>sed</span> <span class='ocrx_word' id='word_1_305' title='bbox 1119 3950 1195 4014; x_wconf 90' lang='lat' dir='ltr'>ad</span> <span class='ocrx_word' id='word_1_306' title='bbox 1243 3949 1702 4029; x_wconf 84' lang='lat' dir='ltr'>aedificandum,</span> <span class='ocrx_word' id='word_1_307' title='bbox 1753 3952 1997 4042; x_wconf 88' lang='lat' dir='ltr'>proinde</span> <span class='ocrx_word' id='word_1_308' title='bbox 2039 3974 2156 4017; x_wconf 91' lang='lat' dir='ltr'>non</span> <span class='ocrx_word' id='word_1_309' title='bbox 2200 3950 2279 4017; x_wconf 49' lang='lat' dir='ltr'>¹ad</span> <span class='ocrx_word' id='word_1_310' title='bbox 2319 3950 2561 4019; x_wconf 86' lang='lat' dir='ltr'>condem·</span> 
     </span>
     <span class='ocr_line' id='line_1_35' title="bbox 499 4048 2556 4142; baseline 0.001 -31"><span class='ocrx_word' id='word_1_311' title='bbox 499 4049 791 4126; x_wconf 82' lang='lat' dir='ltr'>nandum,</span> <span class='ocrx_word' id='word_1_312' title='bbox 844 4050 945 4116; x_wconf 87' lang='lat' dir='ltr'>sed</span> <span class='ocrx_word' id='word_1_313' title='bbox 976 4050 1050 4114; x_wconf 89' lang='lat' dir='ltr'>ad</span> <span class='ocrx_word' id='word_1_314' title='bbox 1073 4051 1420 4119; x_wconf 79' lang='lat' dir='ltr'>salvandum</span> <span class='ocrx_word' id='word_1_315' title='bbox 1442 4052 1621 4129; x_wconf 75' lang='lat' dir='ltr'>illos„</span> <span class='ocrx_word' id='word_1_316' title='bbox 1660 4055 1758 4141; x_wconf 89' lang='lat' dir='ltr'>qui</span> <span class='ocrx_word' id='word_1_317' title='bbox 1796 4075 1832 4119; x_wconf 85' lang='lat' dir='ltr'>a</span> <span class='ocrx_word' id='word_1_318' title='bbox 1874 4054 2062 4142; x_wconf 81' lang='lat' dir='ltr'>primo</span> <span class='ocrx_word' id='word_1_319' title='bbox 2091 4049 2367 4119; x_wconf 81' lang='lat' dir='ltr'>Adventu</span> <span class='ocrx_word' id='word_1_320' title='bbox 2404 4048 2556 4139; x_wconf 77' lang='lat' dir='ltr'>Ipsius</span> 
     </span>
     <span class='ocr_line' id='line_1_36' title="bbox 499 4144 2554 4243; baseline -0 -28"><span class='ocrx_word' id='word_1_321' title='bbox 499 4151 871 4218; x_wconf 81' lang='lat' dir='ltr'>crediderunt</span> <span class='ocrx_word' id='word_1_322' title='bbox 898 4152 957 4215; x_wconf 89' lang='lat' dir='ltr'>in</span> <span class='ocrx_word' id='word_1_323' title='bbox 985 4153 1210 4242; x_wconf 84' lang='lat' dir='ltr'>Ipsum,</span> <span class='ocrx_word' id='word_1_324' title='bbox 1264 4164 1328 4217; x_wconf 82' lang='lat' dir='ltr'>et·</span> <span class='ocrx_word' id='word_1_325' title='bbox 1365 4164 1566 4243; x_wconf 82' lang='lat' dir='ltr'>postea</span> <span class='ocrx_word' id='word_1_326' title='bbox 1593 4155 1873 4221; x_wconf 83' lang='lat' dir='ltr'>credituri</span> <span class='ocrx_word' id='word_1_327' title='bbox 1905 4166 2072 4232; x_wconf 81' lang='lat' dir='ltr'>sunt,</span> <span class='ocrx_word' id='word_1_328' title='bbox 2128 4144 2356 4221; x_wconf 76' lang='lat' dir='ltr'>constat</span> <span class='ocrx_word' id='word_1_329' title='bbox 2392 4172 2456 4216; x_wconf 85' lang='lat' dir='ltr'>ex</span> <span class='ocrx_word' id='word_1_330' title='bbox 2488 4147 2554 4210; x_wconf 78' lang='lat' dir='ltr'>his</span> 
     </span>
     <span class='ocr_line' id='line_1_37' title="bbox 437 4250 2549 4357; baseline 0.002 -42"><span class='ocrx_word' id='word_1_331' title='bbox 437 4342 453 4357; x_wconf 23' lang='grc' dir='ltr'>ὁ</span> <span class='ocrx_word' id='word_1_332' title='bbox 503 4251 739 4315; x_wconf 84' lang='lat' dir='ltr'>Domini</span> <span class='ocrx_word' id='word_1_333' title='bbox 782 4253 979 4317; x_wconf 81' lang='lat' dir='ltr'>verbis</span> <span class='ocrx_word' id='word_1_334' title='bbox 1028 4253 1218 4330; x_wconf 74' lang='lat' dir='ltr'>„Non</span> <span class='ocrx_word' id='word_1_335' title='bbox 1257 4257 1429 4319; x_wconf 66' lang='lat' dir='ltr'>misit</span> <span class='ocrx_word' id='word_1_336' title='bbox 1462 4255 1630 4321; x_wconf 75' lang='lat' dir='ltr'>Deus</span> <span class='ocrx_word' id='word_1_337' title='bbox 1659 4250 1889 4322; x_wconf 74' lang='lat' dir='ltr'>Filium</span> <span class='ocrx_word' id='word_1_338' title='bbox 1941 4281 2115 4325; x_wconf 74' lang='lat' dir='ltr'>suum</span> <span class='ocrx_word' id='word_1_339' title='bbox 2155 4259 2222 4323; x_wconf 80' lang='lat' dir='ltr'>in</span> <span class='ocrx_word' id='word_1_340' title='bbox 2262 4251 2549 4327; x_wconf 75' lang='lat' dir='ltr'>Mundum,</span> 
     </span>
    </p>
   </div>
  </div>
 </body>
</html>
