2750 4775
429 371 534 418 ³52
673 359 1132 414 UNIVERSA
1175 359 1713 413 THEOLOGIA
1752 359 1818 412 N.
1860 358 1925 412 C.
1965 358 2072 410 ET
2111 358 2179 411 N.
2223 359 2284 411 E.

640 512 754 577 tria
811 512 1157 578 Essentialia
1201 511 1371 578 unius
1426 510 1575 586 Dei,
1626 529 1780 598 quae
1831 508 2057 575 faciunt
2107 534 2332 588 nuum,
2380 514 2536 579 sicut

639 614 887 689 Anima,
935 612 1194 702 Corpus,
1247 622 1307 677 et
1357 612 1648 701 Operatio
1690 610 1845 700 apud
1890 611 2341 716 bominemsn:
2403 621 2532 680 16⁶

633 715 707 780 ad
741 719 883 779 169.

429 823 485 883 8.
548 817 725 897 Quod
753 825 890 882 ante
921 814 1207 883 Mundum
1239 824 1504 880 creatum
1531 834 1650 878 non
1690 812 1870 879 suerit
1902 815 2052 880 baec
2077 816 2372 893 Trinitas,
2424 818 2552 883 sed'

634 917 791 1006 quod
838 926 967 1006 post
1009 916 1298 984 Mundum
1343 926 1640 990 creatum,
1695 916 1933 1003 quando
1979 916 2143 982 Deus
2187 920 2533 985 incarnatus

634 1028 754 1095 est,
808 1018 1042 1107 provisa
1086 1026 1143 1081 et
1193 1015 1349 1082 facta
1381 1018 1483 1091 sit,
1537 1026 1599 1081 et
1637 1025 1778 1080 tunc
1819 1019 1880 1081 in
1920 1018 2178 1083 Domino
2223 1019 2354 1083 Deo
2407 1020 2535 1084 Re-

637 1120 944 1209 demptore
984 1129 1042 1184 et
1067 1118 1379 1186 Salvatore
1405 1118 1552 1183 Jesu
1578 1116 1845 1197 Christo,
1896 1141 1966 1182 n:
2015 1124 2158 1184 1¹10.
2200 1124 2343 1183 171.

435 1226 492 1287 4.
548 1221 726 1302 Quod
752 1220 1012 1286 Trinitas
1038 1220 1391 1285 Divinarum
1418 1219 1818 1285 Personarum
1846 1219 1923 1284 ab
1949 1229 2226 1296 aeterno,
2276 1222 2361 1285 sic
2389 1230 2532 1286 ante

611 1312 917 1388 ‘Mundum
946 1331 1210 1386 creatum
1227 1367 1245 1395 ,
1293 1321 1369 1386 sit
1407 1320 1467 1383 in
1503 1319 1649 1384 ideis
1677 1319 2050 1406 cogitationis
2076 1321 2339 1386 Trinitas
2362 1323 2532 1387 Deo-

628 1445 790 1500 rum,
841 1433 898 1487 et
926 1422 1084 1510 quod
1109 1422 1257 1487 baec
1285 1441 1406 1486 non
1446 1421 1630 1506 possit
1669 1421 1893 1487 aboleri
1938 1443 2043 1510 per
2080 1421 2531 1488 consessionem

630 1524 852 1590 oralem
882 1525 1052 1589 unius
1087 1523 1235 1599 Dei,
1287 1545 1358 1587 n:
1403 1525 1548 1587 1¹12.
1597 1526 1740 1587 178.

432 1633 489 1691 5.
546 1625 724 1709 Quod
749 1625 1014 1691 Trinitas
1039 1624 1434 1689 Personarum
1464 1623 1663 1710 ignota
1692 1621 1869 1688 fuerit
1897 1625 1956 1687 in
1985 1623 2247 1690 Ecclesia
2274 1622 2529 1713 Aposto-

631 1726 774 1805 lica,
825 1726 928 1793 sed
972 1727 1128 1813 quod
1178 1734 1382 1789 exorta
1426 1726 1500 1789 sit
1540 1746 1574 1788 a
1616 1723 1880 1790 Concilio
1918 1727 2216 1800 Nicaeno,
2283 1737 2340 1789 et
2386 1727 2525 1791 inde

628 1829 962 1893 introducta
1005 1830 1064 1891 in
1094 1827 1413 1896 Ecclesiam
1442 1825 2144 1901 Romano-catholicam,
2197 1836 2256 1891 et
2296 1828 2370 1891 ab
2408 1827 2524 1893 bac

630 1928 688 1993 in
719 1928 1009 1994 Ecclesias
1035 1936 1335 2015 separatas
1363 1929 1440 1991 ab
1467 1925 1600 2002 illa,
1643 1947 1715 1989 n:
1766 1930 1890 1991 174
1921 1929 1995 1992 ad
2028 1933 2172 1992 176.

431 2038 489 2097 6.
544 2031 721 2113 Quod
747 2053 820 2096 ex
848 2029 1140 2095 Trinitate
1169 2029 1433 2094 Nicaena
1471 2037 1531 2092 et
1567 2028 1738 2091 simul
1775 2026 2179 2095 Athanasiana
2200 2038 2421 2096 >exorta
2449 2030 2522 2095 sit

629 2132 801 2197 Fides
838 2131 898 2193 in
937 2140 1057 2195 tres
1096 2131 1289 2203 Deos,
1340 2149 1492 2217 quae
1531 2138 1717 2194 totam
1764 2129 2084 2196 Ecclesiam
2128 2130 2521 2196 Christianam

631 2239 1148 2319 perverterannz
1197 2234 1340 2295 ΥΠ.
1380 2235 1526 2294 ΠΒ.

433 2340 487 2403 Ἰ.
535 2334 718 2417 -Quod
762 2332 896 2397 inde
922 2333 995 2397 sit
1023 2333 1119 2398 illa
1146 2329 1531 2398 Abominatio
1558 2331 1968 2409 desolationis,
2013 2341 2071 2397 et
2098 2329 2349 2399 Afflictio
2381 2355 2522 2421 qua·

629 2436 697 2499 lis
755 2456 873 2499 non
928 2433 1125 2500 futura
1180 2444 1298 2511 est,
1368 2455 1515 2521 quas
1554 2435 1842 2499 Dominus
1892 2435 2044 2523 apud
2098 2435 2411 2499 Danielem
2463 2446 2521 2500 et

634 2535 1075 2620 Evangelistas,
1139 2546 1198 2599 et
1244 2537 1302 2599 in
1345 2533 1736 2626 Apocalypsi,
1793 2536 2193 2623 praedixerat,
2246 2559 2316 2600 n:
2376 2541 2519 2602 179.

629 2642 773 2701 180.
822 2640 967 2707 181.

426 2746 486 2806 8.
539 2739 695 2805 Tum
740 2738 886 2814 boc,
937 2738 1092 2826 quod
1135 2738 1243 2801 nisi
1292 2737 1534 2802 Novum
1578 2738 1820 2804 Caelum
1862 2748 1920 2802 et
1959 2738 2133 2806 Nova
2177 2738 2445 2805 Ecclesia
2485 2759 2520 2803 a

624 2841 881 2907 Domino
911 2837 1264 2914 conduntur,
1290 2859 1409 2902 non
1439 2849 1895 2905 conservaretur
1921 2839 2040 2905 ulla
2066 2860 2228 2917 caro,
2258 2862 2329 2904 n:
2378 2844 2514 2905 1-82,

429 2949 487 3009 9.
544 2944 719 3025 Quod
750 2964 821 3007 ex
847 2941 1141 3006 Trinitate
1168 2940 1601 3017 Personarum,
1651 2962 1901 3027 quarum
1932 2942 2298 3028 unaquaevis
2324 2941 2518 3028 singu·

625 3045 788 3109 latim
818 3052 904 3108 est
933 3043 1111 3118 Deus,
1150 3041 1469 3107 secundum
1499 3042 1834 3132 symbolum
1864 3038 2356 3118 Athanasianum,
2399 3043 2518 3131 plu-

621 3167 714 3209 res
768 3145 1026 3209 absonae
1080 3152 1139 3206 et
1185 3141 1618 3228 heterogeneae
1662 3142 1835 3208 ideae
1875 3143 1950 3208 de
1990 3143 2120 3207 Deo
2174 3144 2517 3218 exstiterint,

623 3267 774 3334 quae
800 3256 935 3310 sunt
966 3243 1307 3332 phantasiae
1337 3253 1396 3307 et
1425 3245 1700 3321 abortus,
1739 3265 1811 3306 n:
1861 3244 2005 3310 183.
2042 3247 2188 3308 184.

420 3418 688 3487 CAPUT
740 3421 941 3497 ινωω,
999 3386 1107 3486 „123
1163 3416 1633 3593 scnlggrtffiit
1681 3388 1999 3496 sAcRA,'
2025 3398 2182 3485 SEU
2235 3417 2511 3486 vssnsso

576 3566 582 3575 ,
1415 3522 1480 3587 Μ
1611 3572 1623 3583 .

425 3654 480 3713 1.
534 3646 710 3729 Quod
738 3646 1042 3732 Scriptura
1085 3662 1254 3710 sacra
1289 3668 1399 3710 seu
1440 3646 1702 3711 Verbum
1749 3647 1823 3711 sit
1867 3647 2052 3735 ipsum
2088 3646 2375 3712 Divinum
2403 3644 2513 3713 Ve-

628 3768 787 3819 rum,
841 3767 916 3809 n:
977 3749 1099 3809 189
1132 3745 1386 3811 ad1192,

421 3854 478 3916 2.
534 3847 709 3931 Quod
766 3846 826 3909 in
878 3848 1080 3913 Verbo
1129 3847 1348 3915 Sensus
1397 3848 1713 3937 spiritualis
1764 3851 1870 3927 sit,
1936 3847 2224 3915 hactenus
2267 3851 2511 3936 ignotus,

622 3970 690 4012 11:
743 3950 885 4012 193.
1452 3948 1455 3953 ⁴
1924 3970 1929 3977 ’

519 4086 621 4100 —-
670 4049 828 4132 Quid
869 4049 1085 4114 Sensus
1112 4048 1586 4138 spiritualis,³{n:
1645 4053 1787 4116 194.

520 4192 618 4202 —
670 4152 844 4232 Quod
875 4172 907 4214 a
935 4150 1194 4213 Domino
1237 4149 1516 4236 procedat
1556 4150 1840 4218 Divinum
1879 4151 2176 4230 Caeleste,
2233 4153 2504 4221 Divinum

617 4249 932 4338 Spirituale
961 4256 1017 4312 et
1043 4249 1320 4315 Divinum
1351 4246 1662 4325 Naturale,
1702 4273 1770 4313 n:
1819 4258 1962 4317 195.

2703 443 2722 542 l
