2750 4775
429 346 740 403 -1NDEx
789 348 1308 405 GENERAms
1352 350 2067 412 CONTENTORUM.
2226 367 2329 419 261

430 499 732 589 spirituali
768 511 826 565 et
854 501 1162 579 Naturali,
1217 523 1324 588 per
1361 505 1522 590 leges
1551 507 1871 572 coercitum
1901 509 2006 584 sit,
2055 511 2337 597 quoniam

431 601 694 687 alioquin
723 602 989 667 Societas
1017 603 1296 690 utrinque
1323 605 1577 689 periret,
1631 627 1699 671 n:
1751 611 1901 671 497.
1938 612 2085 673 498.
2120 613 2268 678 499.

237 702 336 764 11.
389 701 567 782 Quod
597 702 644 767 si
676 700 1015 767 hominibus
1057 724 1174 767 non
1212 705 1367 768 foret
1394 704 1677 770 Liberum
1710 701 2038 772 Arbitrium
2081 710 2139 772 in
2168 713 2337 798 spiri-

429 802 725 879 tualibus,
779 804 1102 891 potuissent
1157 825 1362 870 omnes
1407 805 1465 868 in
1510 805 1791 870 universo
1834 816 2125 872 terrarum
2172 812 2339 875 Orbe

427 902 582 966 intra
613 926 795 968 unum
828 903 982 968 diem
1011 904 1223 969 adduci
1253 904 1328 969 ad
1359 905 1723 971 credendum
1748 907 1811 970 in
1839 906 2191 983 Dominum;
2235 912 2339 976 sed

428 1005 588 1091 quod
615 1004 736 1069 hoc
760 1026 880 1068 non
908 1004 1037 1069 fieri
1066 1005 1277 1094 possit,
1330 1015 1419 1070 est
1445 1027 1652 1082 causa,
1709 1008 1844 1094 quia
1872 1007 1964 1086 id,
2017 1008 2178 1095 quod
2218 1031 2339 1074 non

427 1125 499 1167 ex
528 1105 748 1170 Libero
776 1105 1027 1169 arbitrio
1055 1106 1361 1195 recipitur,
1406 1127 1529 1170 non
1557 1117 1831 1183 maneat,
1886 1129 1956 1170 n:
2003 1113 2151 1173 500.
2189 1114 2337 1175 501.

427 1210 576 1270 502.

379 1342 476 1357 -
532 1304 711 1385 Quod
740 1305 1029 1370 Miracula
1057 1302 1233 1370 hodie
1264 1327 1383 1369 non
1425 1304 1597 1383 liant,
1650 1307 1786 1392 quia
1837 1306 2113 1372 auserunt
2161 1310 2340 1374 Libe·
2422 1324 2435 1341 ·

426 1431 556 1472 rum
586 1404 959 1471 Arbitrium
943 1427 1003 1469 in
1029 1406 1465 1492 spiritualibus,
1520 1416 1578 1470 et
1612 1419 1865 1493 cogunt,
1911 1430 1982 1471 n:
2038 1413 2184 1483 501.

604 1631 877 1697 CAPUT
928 1631 1140 1697 ΙΧΜ.
1221 1632 1334 1697 DE
1389 1629 1973 1700 PAENITENTIA.

269 1816 333 1876 1.
394 1809 571 1890 Quod
620 1764 990 1874 Paenitentia
1038 1811 1112 1875 sit
1155 1809 1409 1898 primum
1470 1806 1774 1875 Ecclesiae
1822 1807 1977 1895 apud
2023 1807 2341 1885 hominem,

275 2016 343 2076 2.
404 1913 958 2091 Suojlgoniiili'o,
1008 2010 1079 2073 de
1125 2032 1238 2097 qua
1286 2009 1465 2076 hodie
1509 2008 1760 2083 dicitur,
1824 2009 1983 2094 qnod
2026 2009 2344 2097 praecedat

309 2190 328 2199 -
429 2109 671 2185 Fidem,
725 2119 783 2173 et
827 2131 1004 2196 quam
1051 2111 1323 2195 sequitur
1362 2109 1689 2174 consolatio
1729 2109 2058 2198 Evangelii,
2101 2131 2222 2176 non
2266 2112 2340 2175 sit

424 2208 834 2284 Paenitentia,
886 2231 954 2271 n:
1008 2212 1132 2277 512
1165 2210 1240 2273 ad
1272 2213 1422 2272 515.

269 2313 331 2373 82
391 2307 569 2386 Quod
615 2309 739 2371 sola
787 2307 1092 2371 Confessio
1138 2307 1351 2383 oralis,
1406 2307 1564 2395 quod
1610 2309 1900 2376 Peccator
1936 2312 2042 2389 sit,
2095 2334 2218 2379 non
2263 2311 2338 2377 sit

426 2407 835 2483 Paenitentia,
889 2428 961 2469 n:
1012 2410 1136 2470 516
1168 2410 1239 2472 ad
1273 2412 1423 2474 519.

269 2512 331 2569 4.
392 2505 573 2587 Quod
631 2504 811 2571 homo
865 2514 1140 2573 nascatur
1183 2509 1260 2573 ad
1305 2511 1499 2577 omnis
1547 2512 1781 2598 generis
1831 2513 2022 2590 mala,
2075 2523 2135 2582 et
2179 2514 2336 2602 quod

425 2608 538 2674 nisi
569 2618 876 2672 removeat
912 2609 1009 2674 illa
1052 2610 1248 2695 quoad
1289 2622 1519 2699 partem
1554 2633 1659 2698 per
1686 2614 2120 2679 Paenitentiam
2145 2662 2161 2690 ,
2213 2636 2336 2678 ma-

423 2718 566 2771 neat
593 2709 651 2771 in
680 2708 824 2786 illis,
875 2720 935 2773 et
963 2711 1062 2798 qui
1093 2722 1290 2777 manet
1315 2713 1376 2776 in
1400 2714 1548 2790 illis,
1603 2735 1722 2778 non
1752 2724 1945 2801 potest
1975 2714 2216 2789 salvari,
2261 2735 2337 2775 n:

425 2813 555 2873 520
587 2810 662 2873 ad
696 2811 842 2873 524.

370 2947 472 2959 —-
525 2909 684 2990 Quid
715 2911 977 2999 impletio
1006 2912 1214 3000 Legis,
1267 2934 1338 2976 n:
1388 2918 1537 2978 523.
1583 2915 1731 2978 524.

267 3018 326 3077 5.
386 3009 564 3089 Quod
611 3012 872 3097 cognitio
918 3014 1175 3099 peccati,
1247 3023 1307 3077 et
1360 3015 1691 3102 exploratio
1743 3014 1991 3102 alicujus
2046 3014 2202 3102 apud
2256 3036 2340 3090 se,

425 3113 843 3199 paenitentiam
877 3112 1142 3190 inchoiit,
1197 3136 1268 3177 n:
1327 3120 1476 3179 525.
1513 3119 1661 3179 526.
1696 3120 1843 3179 527.

267 3219 328 3278 6.
387 3211 568 3291 Quod
597 3213 845 3278 actualis
873 3213 1242 3279 Paenitentia
1272 3214 1345 3277 sit
1388 3215 1699 3302 explorare
1725 3238 1822 3289 se,
1848 3273 1853 3285 ,
1879 3233 2236 3300 cognoscere
2276 3224 2338 3279 et

405 3327 751 3400 'agnoscere
778 3335 884 3378 sua
914 3323 1189 3401 peccata,
1241 3315 1574 3401 supplicare
1613 3315 1689 3379 ad
1717 3315 2070 3391 Dominum,
2124 3325 2182 3381 et
2209 3316 2339 3381 No·

413 3435 557 3478 vam
590 3413 771 3479 vitam
802 3414 1103 3490 inchoare,
1152 3435 1223 3476 n:
1269 3416 1399 3477 528
1427 3415 1502 3478 ad
1535 3419 1681 3479 531.

156 3538 162 3542 ·
265 3520 319 3579 7.
376 3515 563 3597 Quod
595 3534 735 3578 vera
762 3514 1131 3579 Paenitentia
1172 3515 1248 3578 sit
1286 3536 1408 3579 non
1439 3516 1617 3582 modo
1649 3515 1957 3605 explorare
2000 3525 2134 3583 acta
2173 3517 2333 3583 vitae

414 3638 595 3690 suae,
650 3615 752 3679 sed
811 3615 987 3678 etiam
1044 3614 1403 3684 intentiones
1451 3616 1771 3682 voluntatis
1810 3614 1988 3694 suae,
2048 3641 2123 3681 n:
2186 3622 2333 3682 532.

279 3739 286 3742 ·
420 3721 574 3781 533.
621 3718 766 3779 534.

262 3821 322 3881 8.
378 3817 564 3901 Quo-d
596 3817 772 3879 etiam
802 3817 1234 3882 Paenitentiam
1265 3827 1446 3905 agant
1475 3817 1590 3894 illi,
1637 3819 1735 3907 qui
1769 3840 1884 3882 non
1914 3818 2224 3907 explorant
2251 3840 2334 3895 se,

407 3921 512 3984 sed
577 3938 764 4003 usque
816 3939 849 3982 a
914 3917 1116 3994 malis,
1182 3919 1324 4004 quia
1378 3930 1622 4006 peccata
1664 3929 1850 3993 sunt,
1903 3917 2221 3986 desistunt:
2275 3928 2333 3983 et

331 4039 342 4042 ⁷
410 4018 578 4107 quod
617 4016 765 4082 haec
791 4016 1163 4084 Paenitentia
1196 4018 1298 4082 fiat
1323 4020 1405 4082 ab
1431 4018 1572 4095 illis,
1627 4021 1726 4105 qui
1770 4017 2091 4086 Chai-itatis
2130 4019 2331 4108 Qpera

412 4141 485 4185 ex
521 4118 811 4204 religione
839 4118 1092 4196 faciunt,
1140 4140 1209 4181 n:
1259 4122 1405 4188 535.
1441 4122 1588 4183 536
1625 4124 1772 4183 537.

270 4224 323 4281 9
382 4221 564 4301 Quod
611 4217 921 4284 Confessio
967 4239 1167 4283 coram
1216 4218 1478 4282 Domino
1528 4219 1661 4284 Deo
1706 4219 2016 4283 Salvatore
2056 4240 2213 4303 npm
2220 4226 2337 4282 teat
