2750 4775
444 348 552 400 236
682 334 1139 390 UMVERSA
1180 332 1716 390 TlIEOLOGIA
1757 333 1825 386 N.
1866 331 1932 385 C.
1973 331 2078 383 ΕΤ
2121 332 2189 387 Ν.
2233 331 2299 387 Ε.

444 501 589 556 tunc
613 489 687 554 de
712 488 824 554 illis
852 489 951 577 qui
978 488 1249 574 indigne3
1288 509 1426 553 nam
1453 509 1526 552 ex
1553 509 1672 552 uno
1698 486 1855 573 quod
1883 486 2204 550 affirmatur
2231 484 2536 570 cognosci·

443 601 543 656 tur
582 592 831 658 alterum
858 612 931 654 ex
959 591 1344 679 oppositione.
1425 588 1602 672 Quod
1629 588 1920 655 Dominus
1958 596 2075 650 tam
2113 587 2269 673 apud
2309 586 2538 673 dignos,

445 715 621 782 quam
649 691 805 779 apud
845 692 1119 778 indignos
1160 712 1437 779 praesens
1471 691 1578 767 sit,
1631 699 1718 755 est
1763 689 1900 777 quia
1940 697 2028 752 est
2063 688 2538 778 omnim-asem,

444 803 568 860 tam
608 796 665 858 in
695 792 876 859 Caelo
903 813 1079 882 quam
1109 793 1168 855 in
1198 791 1476 868 Inserno,
1528 801 1587 855 et
1617 813 1854 877 quoque
1895 792 1955 854 in
1983 789 2241 865 Mundo,
2297 788 2540 876 proinde

447 896 604 982 apud
644 895 832 960 malos
868 915 1057 981 aeque
1097 916 1169 957 ac
1207 894 1361 981 apud
1404 893 1622 964 bonos;
1674 892 1776 956 sed
1823 890 1980 978 apud
2013 892 2231 965 bonos,
2282 891 2401 954 hoc
2439 898 2541 965 est,

444 1005 858 1084 regeneratos,
897 1005 982 1061 est
1011 993 1422 1060 universaliter
1449 1004 1506 1057 et
1531 994 1910 1081 singulariter
1939 1012 2233 1077 praesens,
2276 1002 2366 1056 est
2393 992 2541 1067 enim

448 1098 743 1163 Dominus
778 1096 841 1158 in
875 1095 988 1160 illis
1026 1105 1085 1158 et
1126 1094 1209 1159 illi
1251 1096 1309 1159 in
1350 1094 1640 1170 Domino,
1693 1103 1751 1159 et
1799 1093 1900 1157 ubi
1939 1093 2229 1157 Dominus
2269 1092 2354 1157 ibi
2401 1092 2544 1156 Cae·

452 1200 609 1269 lum;
662 1196 905 1262 Caelum
949 1198 1129 1263 etiam
1174 1196 1312 1262 facit
1358 1197 1589 1282 Corpus
1630 1195 1904 1268 Domini,
1958 1215 2143 1280 quare
2179 1193 2240 1255 in
2284 1194 2545 1281 Corpore

450 1298 638 1388 Ipsius
679 1317 837 1375 esse,
888 1308 974 1363 est
1012 1297 1184 1363 simul
1225 1299 1284 1360 in
1311 1296 1509 1362 Caelo.
1587 1296 1703 1361 Sed
1749 1295 2075 1383 praesentia
2109 1295 2353 1359 Domini
2394 1294 2540 1382 apud

448 1400 584 1464 illos
620 1401 717 1486 qui
762 1399 999 1485 indigue
1044 1399 1361 1475 accedunt,
1430 1408 1518 1463 est
1571 1396 1900 1486 praesentia
1946 1395 2134 1484 Ipsius
2177 1396 2541 1471 universalis,

449 1522 570 1567 non
599 1510 794 1566 autem
822 1501 1170 1588 singularis,
1221 1521 1322 1565 seu
1360 1499 1520 1586 quod
1561 1498 1748 1572 idem,
1799 1507 1885 1561 est
1917 1498 2247 1584 praesentia
2286 1508 2543 1573 externa,

450 1624 574 1666 non
601 1601 772 1667 simul
798 1603 1063 1676 interna;
1116 1610 1176 1665 et
1216 1601 1545 1688 praesentia
1578 1599 1767 1688 Ipsius
1804 1597 2150 1662 universalis
2174 1620 2277 1662 seu
2309 1609 2542 1663 externa

449 1704 626 1778 facit,
682 1712 745 1766 ut
772 1703 952 1768 homo
981 1703 1142 1770 vivat
1168 1701 1380 1777 homo,
1432 1711 1494 1765 et
1531 1700 1786 1787 gaudeat
1830 1699 2110 1763 facultate
2150 1700 2409 1776 sciendi,
2461 1701 2543 1761 in-

422 1804 783 1892 ,telligendh
862 1812 921 1867 et
971 1821 1039 1867 ex
1093 1803 1395 1867 intellectu
1451 1801 1820 1884 rationaliter
1870 1800 2185 1887 loquendi,
2257 1812 2349 1865 est
2391 1802 2543 1865 enim

450 1905 630 1970 homo
657 1914 829 1970 natus
856 1905 930 1968 ad
960 1902 1235 1979 Caelum,
1288 1915 1346 1968 et
1390 1904 1523 1969 ideo
1559 1903 1733 1967 etiam
1761 1901 2108 1989 spiritualis,
2161 1923 2282 1967 non
2330 1912 2543 1977 autem,

449 2008 601 2072 sicut
643 2006 866 2081 bestia,
918 2004 1107 2069 solum
1149 2005 1464 2077 naturalis;
1516 2004 1733 2092 gaudet
1769 2005 1947 2067 etiam
1988 2000 2270 2066 facultate
2314 2002 2545 2069 volendi

452 2119 510 2172 et
566 2106 819 2174 faciendi
860 2106 990 2182 illa,
1045 2127 1197 2192 quae
1244 2103 1572 2170 intellectus
1613 2113 1802 2191 potest
1843 2104 2025 2180 scire,
2077 2104 2436 2189 intelligere,
2492 2112 2547 2169 et

452 2208 589 2273 inde
634 2206 1003 2273 rationaliter
1049 2208 1239 2294 loqui3
1293 2208 1395 2271 sed
1439 2207 1486 2272 si
1532 2206 1821 2274 Voluntas
1861 2206 2057 2269 renuit
2096 2205 2170 2268 ad
2211 2206 2546 2270 Intellectus
2645 2285 2656 2296 ⁸

453 2330 595 2374 vere
633 2307 975 2383 rationalia,
1030 2329 1182 2396 quae
1223 2310 1400 2374 etiam
1442 2309 1788 2372 intrinsecus
1825 2305 2148 2395 spiritualia
2185 2317 2354 2382 sunt,
2409 2318 2543 2371 tunc

453 2410 633 2475 homo
680 2408 744 2473 fit
786 2408 1108 2487 Externus,
1171 2433 1356 2497 quare
1414 2411 1567 2498 apud
1615 2410 1776 2483 illos,
1840 2408 1939 2496 qui
1981 2409 2171 2473 solum
2217 2409 2544 2497 intelligunt

455 2511 598 2597 quid
627 2531 831 2574 verum
874 2521 933 2575 et
975 2511 1225 2589 bonum,
1277 2521 1365 2576 est
1405 2510 1734 2599 praesentia
1775 2509 2015 2575 Domini
2058 2510 2405 2576 universalis
2446 2531 2542 2575 seu

453 2620 727 2685 externa3=
778 2621 849 2683 at,
879 2612 1032 2700 apud
1071 2613 1203 2677 illos
1248 2614 1346 2700 qui
1395 2613 1572 2676 etiam
1618 2613 1825 2676 volunt
1868 2621 1928 2675 et
1970 2609 2194 2674 faciunt
2233 2634 2442 2676 verum
2488 2621 2539 2676 et

454 2714 706 2788 bonum,
754 2723 847 2778 est
872 2714 1199 2802 praesentia
1228 2713 1467 2778 Domini
1494 2723 1553 2778 et
1595 2712 1939 2777 universalis
1966 2721 2022 2775 et
2048 2713 2393 2799 singularis,
2443 2734 2539 2777 seu

456 2825 516 2882 et
545 2815 774 2879 interna
817 2825 877 2878 et
917 2825 1174 2881 externa.
1257 2816 1346 2880 llli
1393 2815 1491 2902 qui
1531 2816 1720 2879 solum
1760 2812 2089 2898 intelligunt
2125 2823 2188 2877 et
2227 2816 2541 2901 loquuntur

455 2937 599 2983 vera
629 2926 689 2980 et
719 2917 908 2993 bona,
960 2917 1360 3004 comparative
1399 2924 1535 2981 sunt
1563 2914 1839 3002 Virgines
1876 2915 2120 2989 stultae,
2171 2937 2325 3000 quae
2367 2913 2539 2979 habe·

455 3019 601 3084 bant
643 3018 941 3106 lampades
984 3018 1086 3082 sed
1113 3039 1231 3082 non
1262 3018 1492 3085 oleum;
1547 3026 1607 3080 at
1648 3018 1890 3103 quinon
1923 3016 2101 3080 modo
2126 3012 2459 3102 intelligunt
2486 3023 2537 3078 et

356 3204 363 3207 .
455 3121 777 3206 loquuntur
807 3128 1036 3184 veraet
1065 3120 1252 3194 bona,
1304 3119 1406 3183 sed
1439 3118 1613 3182 etiam
1644 3117 1849 3182 volunt
1875 3125 1932 3181 et
1970 3115 2193 3182 faciunt
2229 3118 2362 3195 illa,
2412 3125 2537 3182 suut

453 3220 725 3308 Virgines
753 3220 1094 3309 prudenteS,
1148 3241 1300 3307 quae
1328 3220 1699 3284 intromissae
1724 3218 1944 3283 suntin
1974 3220 2236 3306 nuptias,
2289 3228 2355 3282 at
2393 3219 2538 3309 prio-

455 3344 551 3387 res
588 3321 730 3387 foris
766 3329 1055 3386 steterunt
1095 3332 1152 3386 et
1185 3321 1520 3410 pulsarunt,
1572 3319 1672 3384 sed
1719 3341 1836 3382 non
1876 3321 2278 3395 intromissae,
2334 3316 2535 3385 Matth.

456 3425 663 3491 XXV:
726 3428 750 3487 1
787 3423 860 3487 ad
900 3428 997 3485 12.
1080 3422 1169 3487 Ex
1198 3423 1286 3489 his
1313 3430 1572 3497 constat,
1624 3419 1778 3508 quod
1808 3412 2098 3486 Dominus
2137 3442 2416 3508 praesens
2457 3421 2542 3496 sit,

459 3536 517 3589 et
556 3526 783 3612 aperiat
817 3523 1058 3588 Caelum
1099 3523 1237 3599 illis,
1292 3524 1395 3611 qui
1433 3524 1505 3590 ad
1546 3522 1823 3587 Sanctam
1865 3522 2122 3586 Caenam
2167 3521 2345 3609 digne
2385 3543 2540 3587 acce·

457 3624 632 3698 dunt,
683 3634 742 3687 et
769 3623 924 3710 quod
951 3623 1126 3687 etiam
1158 3646 1431 3710 praesens
1456 3625 1529 3689 sit
1569 3623 1722 3712 apud
1764 3622 1924 3699 illos,
1979 3623 2080 3710 qui
2124 3622 2393 3710 indigne,
2446 3621 2537 3688 sed

353 3796 357 3803 ,
461 3723 619 3810 quod
647 3725 800 3811 apud
828 3721 938 3787 hos
965 3745 1080 3785 non
1111 3726 1334 3813 aperiat
1361 3725 1621 3791 Caelum.

614 3828 759 3888 720.
812 3823 927 3888 Sed
971 3845 1154 3909 usque
1190 3846 1309 3889 non
1338 3827 1694 3891 credendum
1735 3835 1851 3902 est,
1903 3826 2060 3913 quod
2107 3825 2400 3889 Dominus
2441 3824 2542 3889 illis

461 3924 823 4013 qui'indigne
851 3924 1166 4017 accedunt,
1221 3926 1454 3992 claudat
1481 3927 1755 4004 Caelum,
1807 3926 1923 3991 hoc
1962 3949 2082 3992 non
2121 3926 2264 3992 facit
2306 3925 2407 3989 ulli
2444 3927 2540 3990 ho·

459 4026 603 4092 mini
633 4049 814 4115 usque
841 4025 913 4090 ad
942 4034 1264 4092 extremum
1293 4028 1449 4095 vitae
1479 4029 1606 4116 ejus
1638 4030 1696 4093 in
1725 4029 1981 4105 Mundo,
2031 4028 2133 4095 sed
2174 4027 2330 4114 quod
2373 4027 2538 4093 homo

459 4128 702 4216 sibiipsi
740 4128 880 4192 illud
912 4127 1176 4202 claudat3
1229 4128 1388 4216 quod
1429 4130 1570 4195 facit
1610 4152 1713 4218 per
1753 4131 2129 4216 rejectionem
2170 4127 2305 4193 fidei
2348 4138 2409 4193 et
2448 4148 2541 4216 per

461 4227 681 4296 malum
715 4228 899 4304 vitae}
952 4230 1055 4294 sed
1083 4251 1264 4317 usque
1306 4229 1482 4294 homo
1523 4230 1739 4317 jugiter
1768 4240 2001 4298 tenetur
2024 4232 2084 4296 in
2110 4240 2266 4296 statu
2295 4226 2540 4320 possibili
