2750 4775
2675 2 2723 208 i

407 403 511 450 212
632 387 1100 444 UNIVERSA
1142 388 1678 442 THEOLOGIA
1721 391 1790 444 N.
1833 390 1897 443 C.
1941 390 2048 441 ET
2093 390 2159 441 N.
2205 389 2272 444 E.

403 565 514 632 por
551 552 609 608 et
645 565 853 631 sopor,
908 553 968 607 et
1011 542 1159 608 haec
1195 551 1330 607 sunt
1371 563 1532 608 mors
1571 554 1630 607 et
1675 563 1794 607 non
1839 544 1990 616 vita,
2044 551 2107 606 et
2146 542 2334 608 minus
2379 543 2508 608 vita'

398 657 675 720 aeterna,
728 645 789 708 in
819 667 933 732 qua
962 655 1097 709 sunt
1124 642 1333 731 Angeli
1362 643 1555 718 Caeli3
1610 631 1793 732 quare
1829 644 2090 729 Requies
2127 649 2371 709 aeterna
2413 656 2501 710 est

401 748 635 836 requies
664 767 817 834 quae
843 746 1079 810 discutit
1114 745 1244 822 illa,
1294 744 1521 810 etfacit
1565 755 1627 810 ut
1665 745 1845 810 homo
1876 746 2070 818 vivat3
2124 755 2181 808 et
2226 744 2342 809 hoc
2381 768 2499 810 non

401 850 560 914 aliud
588 856 704 923 est,
756 868 932 933 quam
961 849 1077 912 tale
1115 847 1276 933 quod
1314 846 1510 912 elevat
1543 855 1834 919 mentem;
1889 857 1977 911 est
2020 846 2221 932 itaque
2261 849 2496 931 aliquod

399 951 658 1016 studium
698 959 755 1013 et
800 967 977 1037 opus,
1029 970 1099 1011 ex
1149 970 1267 1035 quo
1308 949 1623 1025 excitatur,
1678 948 2044 1022 vivificatur,
2095 956 2155 1010 et
2199 948 2504 1014 delitiatur

401 1072 598 1125 mens;
650 1050 849 1115 ethos:
874 1049 939 1113 fit
963 1051 1284 1115 secundum
1316 1072 1517 1124 usum,
1556 1070 1626 1113 ex
1654 1072 1802 1136 quo,
1848 1052 1906 1112 in
1936 1072 2083 1137 quo,
2131 1059 2190 1112 et
2219 1050 2295 1112 ad
2323 1071 2495 1136 quem

403 1162 712 1241 operatur;
764 1152 898 1215 inde
938 1160 1055 1225 est,
1107 1149 1266 1237 quod
1295 1150 1653 1216 Universum
1673 1151 1925 1216 Caelum
1967 1160 2266 1238 spectetur
2304 1174 2340 1214 a
2382 1149 2499 1215 Do-

404 1253 564 1318 mino
595 1262 657 1317 ut
685 1253 991 1318 continens
1020 1274 1186 1328 usus,
1236 1260 1295 1315 et
1320 1253 1571 1339 quisque
1597 1252 1857 1339 Angelus
1895 1263 1983 1317 est
2009 1250 2271 1336 Angelus
2294 1273 2499 1318 secun·

405 1355 542 1419 dum
575 1373 774 1427 usum;
826 1353 1146 1438 jucundum
1180 1373 1316 1416 usus
1357 1351 1472 1417 fert
1511 1353 1670 1418 illum
1710 1355 1860 1419 sicut
1897 1353 2152 1418 secunda
2199 1373 2351 1417 vena
2395 1375 2498 1417 na·

408 1477 539 1521 vem
558 1506 571 1532 ,
624 1464 683 1520 et
709 1454 850 1521 facit
879 1455 1028 1520 utin
1055 1464 1297 1519 aeterna
1326 1477 1503 1543 pace,
1554 1464 1613 1518 et
1642 1457 1801 1542 pacis
1829 1455 2031 1542 requie
2060 1454 2164 1526 sit;
2218 1453 2297 1518 ita
2331 1454 2500 1518 intel-

396 1558 605 1644 ·ligitur
647 1553 904 1621 Aeterna
950 1558 1182 1643 requies
1223 1577 1257 1619 a
1298 1556 1652 1621 laboribus.-
1699 1557 1876 1637 Quod
1917 1552 2180 1640 Angelus
2215 1555 2290 1619 sit
2333 1556 2498 1621 vivus

402 1659 723 1724 secuudum
753 1660 1011 1723 studium
1040 1657 1249 1722 mentis
1275 1679 1346 1723 ex
1378 1679 1516 1733 usu,
1567 1667 1728 1747 patet
1758 1656 2063 1721 manifeste
2092 1676 2162 1718 ex
2189 1677 2294 1733 eo,
2346 1656 2500 1744 quod

404 1761 588 1827 cuivis
612 1761 686 1824 sit
713 1757 898 1823 Amor
931 1759 1274 1846 coniugialis
1306 1779 1438 1823 cum
1481 1760 1606 1844 ejus
1644 1759 1896 1835 virtute,
1951 1756 2209 1846 potentia
2256 1766 2317 1821 et
2357 1758 2499 1821 deli·

405 1863 530 1937 tiis,
581 1862 899 1925 secundum
928 1862 1182 1926 studium
1212 1860 1449 1948 genuini
1479 1883 1617 1926 usus
1643 1862 1699 1923 in
1729 1882 1846 1946 quo
1873 1870 1978 1924 est.
2030 1859 2355 1943 Postquam
2382 1870 2502 1923 tres

400 1951 501 2026 ssli‘
537 1960 818 2028 Advenae
873 1961 1205 2027 confirmati
1249 1972 1415 2037 sunt,
1470 1963 1640 2050 ‘quod
1683 1960 1941 2026 Aeterna
1985 1957 2220 2047 requies
2267 1981 2384 2025 non
2425 1961 2502 2024 sit

403 2064 620 2139 otium,
670 2065 772 2126 sed
813 2063 1131 2149 jucundum
1162 2063 1407 2149 alicujus
1433 2063 1627 2151 operis
1666 2062 1824 2149 quod
1864 2063 1992 2125 usui
2034 2070 2148 2141 est,
2206 2070 2501 2126 venerunt

404 2166 633 2253 aliquae
662 2164 931 2249 Virgines
961 2185 1092 2227 cum
1122 2163 1403 2251 acupictis
1429 2176 1488 2228 et
1519 2164 1696 2239 netis,
1748 2163 2025 2251 operibus
2055 2179 2338 2226 manuum
2367 2183 2503 2227 sua·-

302 2278 312 2293 “
402 2288 565 2340 rum,
620 2275 678 2327 et
705 2265 1073 2329 donaverunt
1100 2265 1244 2337 illis;
1295 2275 1354 2328 et
1380 2266 1682 2352 Virgines,
1737 2281 1870 2328 cum
1897 2265 2144 2328 abibant
2170 2263 2379 2329 novitii
2420 2263 2504 2327 illi

405 2366 668 2454 spirituS‚
726 2367 1063 2432 cecinerunt
1102 2368 1282 2440 oden,
1339 2389 1457 2453 qua
1497 2364 1867 2433 affectionem
1901 2386 2144 2455 operum
2186 2387 2327 2431 usus
2369 2386 2501 2429 cum

405 2468 666 2529 amaenis
703 2468 857 2553 ejus,
914 2469 1066 2532 melo
1107 2468 1830 2556 angelicoexprirnebant.

562 2572 708 2630 695.
777 2569 1103 2649 QUAM-um
1146 2572 1593 2635 Mfflonimm.
1672 2568 1950 2655 Plerique
1994 2568 2169 2634 hodie
2226 2569 2326 2654 qui
2378 2588 2510 2632 ere·

405 2669 552 2731 dunt
580 2669 756 2733 vitam
789 2678 1232 2758 postmortem,
1283 2670 1459 2734 etiam
1504 2670 1781 2747 credunt,
1836 2670 1994 2757 quod
2034 2672 2090 2734 in
2120 2669 2308 2735 Caelo
2330 2665 2507 2755 Cogi-

405 2769 657 2834 tationes
688 2771 919 2835 illorum
953 2793 1071 2835 non
1112 2772 1261 2837 aliae
1301 2771 1536 2837 futurae
1575 2773 1689 2837 sint
1728 2794 1906 2860 quam
1932 2770 2329 2847 Devotioness‚
2381 2770 2505 2833 Lo-

407 2871 614 2957 quelae
643 2890 816 2958 quam
847 2872 1196 2948 Orationes,
1249 2893 1319 2936 ac
1345 2873 1456 2936 hae
1486 2883 1544 2936 et
1572 2874 1703 2937 illae
1734 2895 1850 2937 una
1879 2882 2012 2937 cum
2033 2871 2301 2935 ‘vultibus
2325 2871 2482 2936 facie

402 2994 534 3037 rum
562 2983 621 3037 et
657 2974 883 3039 actibus
912 2974 1176 3058 corporis
1219 2996 1394 3059 quam
1437 2973 1913 3039 Glorificationes
1947 2974 2096 3050 ‘Dei‚·
2151 2981 2210 3036 et
2250 2972 2334 3036 sic
2379 2971 2506 3034 Do·

404 3096 535 3140 mus
558 3075 791 3140 illorum
820 3096 994 3161 quam
1029 3074 1275 3139 totidem
1303 3072 1530 3139 Domus
1563 3077 1751 3140 cultus
1789 3097 1890 3139 seu
1931 3072 2124 3139 Aedes
2149 3086 2389 3147 sacrae,
2448 3081 2509 3137 et

401 3177 669 3261 sicquod
699 3197 902 3240 omncs
932 3175 1112 3239 futuri
1139 3175 1255 3239 sint
1281 3175 1632 3241 Sacerdotes
1656 3172 1783 3241 Dei.
1863 3175 1978 3240 Sed
2006 3198 2241 3262 possum
2269 3195 2510 3241 asseve-

403 3299 536 3342 rare
576 3277 739 3367 'quod
782 3275 1112 3340 ihi‘Sancta
1160 3277 1460 3341 Ecclesiae
1507 3299 1628 3340 non
1673 3277 1801 3365 plus
1838 3284 2129 3365 occupent
2172 3277 2407 3341 Mentes
2448 3284 2512 3338 et

404 3380 629 3443 Domos
671 3396 844 3464 quam
889 3379 945 3440 in
987 3378 1246 3454 Mundo,
1302 3379 1401 3442 ubi
1445 3379 1604 3442 Deus
1648 3379 1806 3443 cultu
1852 3379 2217 3453 cehhratur,
2267 3376 2511 3441 tametsi

404 3480 603 3566 purius
629 3490 686 3542 et
714 3480 986 3554 interius,
1039 3480 1139 3544 sed
1173 3481 1436 3567 quodibi
1476 3480 1640 3543 varia
1673 3501 1820 3569 quae
1861 3487 1993 3544 sunt
2022 3478 2382 3543 Prudentiae
2430 3479 2514 3549 ci-

406 3580 564 3654 vilis,
617 3588 676 3641 et
714 3580 878 3643 varia
920 3588 1072 3669 quae
1110 3591 1245 3644 sunt
1279 3581 1641 3644 Eruditionis
1680 3581 2015 3655 rationalis,
2067 3581 2127 3642 in
2163 3601 2278 3644 ·sua
2314 3579 2514 3642 excel-

404 3676 581 3743 lent-ia
609 3679 738 3743 sint.
821 3681 1093 3762 Quodam
1124 3682 1215 3745 die
1244 3691 1490 3745 evectus
1511 3705 1635 3746 sum
1681 3686 1737 3744 in
1766 3680 2044 3756 Caelum,
2098 3690 2157 3743 et
2185 3680 2517 3767 perductus

402 3782 463 3843 in
497 3794 670 3844 unam
699 3781 1051 3847 Societatem
1072 3831 1087 3857 ‚
1142 3784 1241 3847 uhi
1271 3792 1438 3846 erant
1466 3782 1678 3871 sophi,
1718 3783 1829 3868 qui
1860 3786 1917 3846 in
1944 3782 2209 3846 Saeculis
2247 3780 2518 3868 antiquis

400 3881 798 3947 excelluerunt
825 3885 1153 3949 eruditione
1195 3906 1263 3947 ex
1308 3884 1718 3947 lucubratione
1747 3890 1826 3947 et'
1852 3883 2229 3947 meditatione
2271 3883 2331 3946 in
2371 3883 2520 3947 tali-

392 3985 540 4060 bus,
598 4006 746 4070 quae
778 3986 1017 4051 rationis
1041 3995 1102 4048 et
1128 3985 1298 4049 simul
1327 4007 1463 4048 usus
1489 3984 1760 4060 fuerunt,
1795 3996 1856 4048 et
1884 3986 2001 4072 jam
2032 3984 2089 4045 in
2118 3983 2326 4059 Caelo,
2363 3983 2518 4072 quia

401 4085 772 4150 crediderunt
824 4088 903 4151 in·
937 4088 1162 4161 Deum,
1230 4095 1288 4147 et
1336 4107 1491 4148 nunc
1533 4086 1596 4149 in
1640 4088 1990 4160 Dominum,
2045 4093 2103 4146 et
2141 4094 2519 4149 amaverunt

402 4185 726 4272 proximum
759 4198 819 4250 ut
846 4188 1094 4275 seipsos;
1149 4194 1205 4246 et
1235 4185 1444 4248 deinde
1481 4187 1851 4251 introductus
1878 4208 2004 4251 sum
2036 4186 2095 4249 i'n
2122 4185 2520 4253 Conventum

396 4290 635 4365 eorum,
688 4298 744 4352 et
772 4289 850 4351 ibi
880 4288 1309 4369 interrogatus,
1366 4286 1524 4349 unde
1559 4307 1719 4361 sum,
1769 4296 1831 4351 et
1871 4287 2106 4372 aperui,
2163 4287 2326 4375 quod
2357 4287 2521 4352 Cor-

2700 381 2723 564 A
