2750 4775
2302 343 2370 391 9³

862 534 1202 604 CAPUT
1273 522 1765 604 DECIMUM

1275 705 1372 757 DE

327 828 1431 943 REFORMATIONE
1507 853 1676 937 ET
1746 853 2313 940 REGENE-

586 1040 591 1047 ,
672 1026 675 1033 ·
1005 988 1620 1076 RATIONE

344 1218 349 1223 ·
431 1188 575 1248 571.
631 1185 953 1270 Postquam
982 1184 1052 1247 de
1076 1184 1447 1250 Paenitentia
1487 1194 1683 1247 actum
1714 1194 1838 1257 est,
1888 1183 2152 1268 sequitur
2176 1183 2238 1246 in
2265 1205 2374 1247 suo

268 1285 482 1353 ordine
503 1287 573 1349 de
596 1284 1046 1351 Reformatione
1064 1297 1120 1349 et
1138 1286 1636 1372 Regeneratione,
1655 1286 1792 1372 quia
1811 1283 1925 1348 hae
1940 1283 2371 1349 Paenitentiam

268 1399 634 1474 sequuntur,
687 1394 744 1451 et
784 1407 888 1474 per
927 1387 1356 1452 Paenitentiam
1397 1394 1753 1472 promovent
1779 1384 2013 1471 gradus.
2078 1384 2227 1450 Sunt
2255 1385 2373 1451 duo

268 1489 508 1564 StatuS,
560 1510 706 1575 quos
744 1486 924 1551 homo
964 1488 1334 1575 ingressurus
1365 1494 1424 1550 et
1449 1486 1750 1551 subiturus
1781 1497 1897 1561 est,
1952 1486 2089 1549 dum
2120 1507 2154 1549 a
2181 1486 2375 1551 Natu-

269 1589 389 1654 rali
414 1588 478 1655 fit
502 1587 849 1677 spiritualis.
905 1589 1138 1654 Primus
1163 1589 1364 1653 Status
1398 1596 1647 1652 vocatur
1674 1587 2131 1663 Ruonuarro,
2185 1596 2244 1651 et
2270 1587 2372 1652 Al-

269 1699 370 1754 ter
397 1691 876 1761 ΡιεεῑΝι-ῐηᾼτιος
929 1690 1109 1754 homo
1137 1690 1428 1755 inPrimo
1452 1698 1610 1753 statu
1644 1709 1677 1750 a
1707 1688 1983 1753 Naturali
2012 1709 2121 1752 suo
2149 1696 2376 1776 spectat

272 1791 351 1856 ad
378 1789 752 1879 spiritualem
771 1838 788 1867 ,
842 1801 897 1855 et
928 1792 1085 1855 hunc
1123 1791 1450 1865 desiderat,
1501 1791 1560 1853 in
1593 1789 1782 1855 altero
1810 1796 1966 1853 statu
1994 1787 2057 1851 fit
2085 1788 2372 1877 spiritua-

270 1892 344 1957 lis
374 1891 688 1971 naturali&⁴
742 1891 978 1957 Primus
1004 1894 1191 1956 statu's
1218 1890 1511 1954 formatur
1539 1911 1643 1978 per
1669 1910 1810 1954 vera
1841 1909 1993 1976 quae
2018 1898 2190 1953 erunt
2217 1889 2372 1967 fidei,

271 2014 382 2078 per
409 2014 561 2077 quae
584 2000 807 2076 spectat
839 1992 910 2055 ad
937 1989 1336 2066 Charitatem,
1390 1989 1559 2054 Alter
1582 2000 1766 2056 status
1796 1989 2088 2063 formatur
2116 2012 2220 2077 per
2260 1992 2371 2056 bo-

270 2110 355 2156 na
383 2090 715 2166 charitatis,
762 2100 820 2154 et
846 2094 924 2156 ab
952 2092 1042 2156 his
1070 2094 1252 2155 intrat
1279 2092 1338 2155 in
1367 2112 1509 2155 vera
1539 2090 1707 2164 fidei}
1757 2112 1862 2156 seu
1891 2091 2050 2177 quod
2079 2090 2234 2154 idem
2263 2099 2370 2167 est,

271 2192 514 2257 Primus
551 2201 738 2257 status
779 2180 866 2255 est
913 2190 1287 2280 cogitationis
1331 2212 1402 2254 ex
1447 2191 1777 2265 intellectu,
1831 2189 1997 2257 Alter
2042 2201 2238 2256 autem
2282 2202 2374 2258 est

277 2289 516 2356 Amoris
554 2313 624 2356 ex
649 2291 1002 2363 Voluntate;
1058 2292 1295 2379 quando
1338 2290 1433 2356 hic
1474 2300 1659 2358 status
1698 2291 1933 2358 inchoat
1972 2301 2031 2356 et
2070 2293 2370 2381 progredi·

278 2403 408 2466 tur,
465 2392 529 2455 tit
572 2394 818 2457 mutatio
859 2394 916 2458 in
946 2395 1179 2470 Mente,
1232 2415 1367 2458 nam
1407 2391 1472 2457 fit
1508 2416 1782 2470 versura,
1836 2396 1969 2482 quia
2014 2404 2154 2462 tunc
2178 2395 2368 2461 Amor

280 2495 602 2558 voluntatis
642 2492 832 2558 influit
862 2497 921 2557 in
952 2494 1349 2571 Intellectum,
1403 2517 1473 2561 ac
1501 2496 1621 2583 agit
1647 2505 1707 2560 et
1732 2495 1888 2560 ducit
1915 2496 2076 2559 illum
2106 2497 2179 2562 ad
2207 2498 2367 2583 cogi·

275 2595 522 2659 tandum
574 2596 945 2660 concorditer
986 2605 1059 2660 et,
1105 2617 1361 2682 congrue
1413 2619 1520 2662 suo
1565 2597 1783 2670 amori;
1854 2617 2036 2685 quare
2082 2607 2365 2684 quantum

270 2705 416 2762 tnnc
443 2697 679 2761 Bonum
721 2696 939 2761 amoris
977 2698 1192 2785 primas
1222 2708 1422 2785 partes
1441 2698 1594 2785 agit,
1646 2706 1703 2761 et
1736 2719 1877 2762 vera
1904 2698 2039 2762 fidei
2064 2698 2367 2775 secundas,

270 2806 504 2864 tantum
546 2807 634 2861 est
676 2796 852 2862 homo
892 2798 1236 2885 spiritualis,
1291 2808 1348 2863 et
1375 2809 1464 2863 est
1491 2819 1645 2864 nova
1675 2797 1994 2874 Creatura,
2046 2806 2105 2862 et
2133 2808 2270 2864 tunc
2296 2820 2368 2863 ex

272 2896 575 2963 Charitate
603 2899 753 2985 agit,
806 2909 866 2963 et
905 2921 977 2964 ex
1019 2898 1130 2964 fide
1158 2900 1459 2988 loquitur,
1512 2910 1570 2964 et
1596 2899 1769 2964 sentit
1800 2899 2018 2963 bonum
2047 2899 2368 2976 charitatis,

237 3062 241 3065 ,
271 3009 332 3062 et
363 3000 607 3087 percipit
636 3021 839 3064 verum
867 2997 1020 3076 fidei,
1076 3009 1136 3064 et
1165 3011 1252 3065 est
1277 3009 1419 3065 tunc
1444 3001 1502 3062 in
1536 3000 1827 3074 Domino,
1877 3002 2053 3087 inque
2079 3001 2256 3077 Pace,
2306 3010 2366 3064 et

269 3100 357 3165 sic
395 3100 818 3184 Regeneratus.
895 3102 1127 3178 Homo,
1186 3103 1284 3188 qui
1330 3103 1392 3163 in
1437 3101 1661 3165 Mundo
1706 3101 1969 3167 Primum
2017 3110 2235 3167 statum
2279 3102 2368 3163 in·

271 3199 542 3274 dinavit,
599 3203 693 3265 ille
724 3207 851 3288 post
888 3211 1139 3266 mortem
1181 3211 1370 3290 potest
1409 3201 1698 3267 introduci
1726 3204 1788 3266 in
1816 3202 2083 3268 Alterum
2105 3252 2120 3280 ,
2157 3200 2362 3287 -atqui

272 3323 397 3366 non
440 3302 499 3364 in
537 3301 799 3366 Primum
846 3312 1059 3369 statum
1105 3306 1165 3367 in
1193 3302 1421 3368 Mundo
1466 3303 1748 3378 intravit,
1801 3302 1895 3368 ille
1940 3311 2071 3392 post
2109 3310 2360 3366 mortem

270 3424 396 3467 non
438 3412 626 3490 potest
667 3404 724 3464 in
764 3403 1029 3468 Alterum
1075 3404 1397 3478 introduci,
1450 3404 1529 3467 ita
1565 3426 1681 3468 non
1712 3404 2067 3490 regenerari.
2140 3401 2276 3466 Duo
2304 3400 2363 3466 hi

269 3503 473 3568 Status
513 3506 839 3591 comparari
870 3515 1110 3591 possunt
1143 3525 1272 3569 cum
1303 3507 1708 3592 progressione
1739 3505 1912 3569 Lucis
1952 3513 2012 3568 et
2039 3502 2266 3569 Caloris
2302 3502 2364 3568 in

273 3604 481 3668 diebus
507 3614 770 3691 tempore
801 3606 972 3681 veris,
1023 3606 1256 3670 Primus
1285 3627 1415 3669 cum
1446 3607 1700 3670 diluculo
1730 3628 1831 3670 seu
1858 3605 2218 3693 gallinaceo,
2262 3606 2366 3671 At-

273 3713 368 3768 ter
393 3726 525 3768 cum
558 3728 728 3771 mene
754 3717 813 3770 et
845 3728 1086 3780 aurora,
1141 3717 1201 3771 et
1231 3708 1565 3795 progressio
1607 3704 1784 3791 hujus
1822 3716 2007 3771 status
2053 3728 2184 3771 cum
2232 3727 2363 3794 pro-

275 3809 573 3893 gressione
602 3807 715 3871 diei
743 3808 817 3870 ad
847 3808 1181 3883 meridiem,
1233 3816 1292 3872 et
1317 3809 1401 3872 sic
1428 3808 1487 3870 in
1514 3808 1732 3871 Lucem
1761 3819 1819 3872 et
1847 3807 2131 3873 Calorem.
2191 3808 2366 3873 Com-

268 3906 469 3996 parari
497 3909 674 3972 etiam
707 3918 896 3994 potest
926 3931 1056 3972 cum
1088 3909 1311 3986 Messe,
1366 3929 1518 3996 quae
1545 3908 1794 3995 primum
1824 3920 1910 3975 est
1935 3908 2153 3984 herba,
2205 3908 2367 3973 dein-

270 4008 343 4072 de
384 4010 595 4075 crescit
633 4010 711 4073 in·
735 4010 943 4074 aristas
985 4020 1041 4074 et
1084 4012 1303 4096 spicas,
1354 4021 1413 4072 et
1455 4017 1655 4095 postea
1690 4009 1750 4072 in
1778 4008 1866 4075 his
1894 4007 1955 4074 fit
1984 4009 2360 4073 frumentum.

265 4109 420 4176 Tum
449 4111 630 4177 etiam
671 4129 801 4178 cum
828 4109 1092 4187 Arbore,
1137 4133 1288 4199 quae
1320 4111 1571 4197 primum
1613 4100 1686 4172 eit
1728 4113 1947 4175 semine
1987 4130 2019 4172 e
2059 4117 2217 4171 terra
2265 4127 2366 4170 ex-

262 4214 498 4292 crescit,
555 4221 761 4303 postea
799 4210 862 4275 fit
892 4212 1105 4285 caulis,
1156 4232 1190 4275 e
1217 4233 1338 4298 quo
1364 4218 1581 4275 exeunt
1610 4210 1778 4286 rami,
1829 4218 1892 4274 et
1916 4208 1975 4271 hi
2002 4214 2365 4270 exornantur
