2750 4775
474 413 584 467 278
713 402 1174 457 UNIVERSA
1218 401 1756 456 THEOLOGlA
1799 402 1868 457 Π.
1906 400 1971 454 C,
2016 402 2119 452 ΕΤ
2160 399 2224 451 Ν.
2264 397 2326 450 Ε.

473 580 536 623 se
577 558 636 620 iu
677 556 837 621 falsis
877 558 1004 642 ejus
1040 555 1581 630 confirmaverunt,
1634 575 1813 620 causa
1857 564 1977 631 est,
2033 555 2164 641 quia
2206 552 2532 618 confirmatio

477 659 606 723 falsi
633 666 718 722 est
749 659 989 745 negatio
1025 657 1183 731 veri,
1235 679 1424 743 quare
1463 657 1628 742 ponit
1672 657 1823 721 sicut
1862 657 2061 721 velum
2102 657 2213 720 sub
2251 654 2535 728 intellectu,

475 769 536 825 et
559 781 666 849 pet
690 760 749 822 id
778 759 1063 834 custodit,
1115 782 1188 821 ue
1218 758 1358 844 quid
1388 759 1546 821 aliud
1575 758 1900 832 subintret,
1951 759 2111 845 quod
2140 755 2405 821 convellit
2438 755 2539 839 ejus

474 860 647 926 funes
690 869 751 925 et
790 859 985 946 palos,
1037 879 1145 946 pei·
1185 881 1335 946 quos
1374 859 1817 948 systematicum
1856 879 2027 924 suum
2069 859 2219 924 sicut
2262 855 2538 920 tentorium

475 961 709 1027 firmum
755 958 1090 1026 aedificavit
1126 971 1182 1023 et
1224 959 1639 1024 conformavit.
1720 959 1999 1036 Accedit,
2052 960 2210 1047 quod
2263 956 2540 1022 Rationale

473 1063 745 1129 naturale
774 1062 1128 1127 confirmare
1159 1062 1338 1147 possit
1378 1061 1657 1148 quicquid
1685 1061 1884 1137 lubet,
1932 1061 2014 1125 ita
2048 1083 2238 1145 aeque
2274 1058 2464 1123 falsum
2489 1078 2543 1120 ac

475 1185 717 1237 verum,
767 1173 824 1227 et
855 1163 1095 1248 quando
1139 1160 1552 1227 confirmatum
1588 1174 1708 1239 est,
1761 1172 2007 1250 apparet
2049 1174 2363 1247 utrumque
2399 1160 2452 1220 in
2482 1158 2540 1220 si·

476 1264 599 1329 mili
629 1264 787 1341 luce,
839 1274 899 1327 et
939 1286 1058 1328 non
1097 1264 1477 1349 cognoscitur
1504 1285 1645 1327 uum
1677 1264 1774 1328 lux
1816 1264 1979 1328 fatua
2017 1264 2127 1337 sit,
2184 1262 2366 1349 qualis
2399 1259 2544 1322 datur
2650 1267 2651 1270 ’

474 1367 535 1429 in
562 1364 822 1441 somnio,
877 1366 973 1431 vel
997 1387 1137 1429 num
1163 1367 1235 1430 sit
1264 1365 1362 1429 lux
1391 1386 1567 1441 vera,
1620 1365 1812 1451 qualis
1840 1366 2018 1429 datur
2054 1366 2116 1428 in
2158 1365 2283 1427 die:
2331 1361 2423 1427 sed
2461 1359 2544 1422 ali-

471 1476 570 1531 ter
607 1488 846 1554 prorsus
885 1467 1204 1531 Rationale
1242 1465 1576 1551 spirituale,
1629 1466 1686 1528 in
1718 1489 1840 1553 quo
1876 1475 2010 1530 sunt
2050 1467 2132 1530 illi
2178 1465 2281 1551 qui
2316 1469 2544 1548 spectant

476 1569 549 1633 ad
579 1568 897 1634 Dominum
916 1616 931 1643 ‚
982 1577 1043 1632 et
1070 1568 1145 1631 ab
1175 1566 1306 1655 Ipso
1334 1568 1393 1630 in
1422 1565 1644 1631 Amore
1673 1568 1796 1631 veri
1823 1578 1977 1632 sunt.

630 1674 778 1733 750.
836 1670 922 1733 Ex
954 1668 1069 1732 boc
1096 1679 1217 1743 est,
1270 1669 1429 1754 quod
1469 1669 1662 1732 omnis
1692 1669 1955 1733 Ecclesia
1997 1690 2069 1732 ex
2102 1667 2443 1732 Videntibus
2466 1681 2545 1750 per

478 1767 957 1836 confirmationes
1011 1770 1412 1846 constabilita,
1477 1757 1762 1857 appareat
1801 1771 1953 1833 sicut
1998 1770 2174 1833 unica
2220 1770 2294 1833 sit
2332 1770 2387 1830 in
2427 1766 2545 1848 luee,

478 1882 538 1937 et
586 1872 745 1960 quod
794 1893 999 1936 omnes
1043 1870 1343 1955 reliquae,
1396 1891 1547 1955 quae
1589 1870 1971 1945 dissentiunt,
2036 1872 2152 1935 sint
2199 1873 2259 1934 in
2300 1864 2544 1933 tenebris;

360 1968 367 1974 ⁵
477 1996 613 2038 nam
660 1973 922 2038 videntes
959 1992 1067 2060 per
1106 1969 1615 2047 confirmationem,
1665 1981 1801 2036 sunt
1840 1994 1960 2035 non
2000 1965 2544 2037 absimilesnoctuis,

477 2097 631 2163 quae
671 2073 872 2140 vident
901 2073 1090 2136 lucem
1118 2072 1177 2133 in
1210 2072 1420 2136 umbra
1463 2073 1680 2145 noctis,
1736 2089 1806 2137 ac
1844 2073 2100 2137 interdiu
2134 2074 2323 2137 solem
2360 2078 2414 2132 et
2446 2067 2545 2151 ejus

476 2174 676 2240 radios
701 2176 850 2240 sicut
877 2173 1217 2259 caliginem;
1272 2174 1406 2238 talis
1442 2172 1553 2237 fuit
1587 2183 1647 2236 et
1679 2196 1918 2260 quoque
1959 2185 2047 2239 est
2087 2176 2285 2239 omnis
2323 2166 2543 2237 Ecclesia

483 2276 723 2364 quaein
751 2273 926 2348 falsis,
970 2273 1208 2361 quando
1236 2275 1314 2339 ab
1343 2273 1761 2363 Antesignanis
1784 2275 1896 2340 sibi
1922 2275 2062 2340 visis
2090 2286 2155 2339 ut
2186 2274 2378 2367 lyncei
2401 2264 2546 2336 semel

479 2377 725 2441 fundata
753 2386 869 2451 est,
923 2376 1020 2461 qui
1051 2378 1401 2441 matutinam
1448 2376 1637 2440 lucem
1665 2377 1775 2442 sibi
1805 2375 2074 2442 fecerunt
2115 2399 2187 2441 ex
2233 2374 2453 2466 propria
2480 2370 2544 2431 in·
2576 2383 2585 2395 “

477 2476 834 2562 telligentia,
872 2487 930 2540 et
960 2476 1357 2563 vespertinam
1387 2499 1460 2541 ex
1488 2477 1719 2550 verbm
1771 2498 1990 2542 numne
2018 2479 2283 2543 Ecclesia
2313 2474 2545 2543 judaica,

477 2577 718 2665 quando
747 2599 985 2666 prorsus
1015 2587 1242 2642 vastata
1272 2588 1392 2654 est,
1446 2578 1603 2664 quod
1644 2584 1772 2644 etat
1816 2602 1947 2644 cum
1975 2576 2270 2644 Dominus
2298 2575 2481 2641 noster
2501 2571 2544 2632 in

476 2678 768 2746 Mundum
797 2679 989 2757 venit,
1044 2701 1115 2743 ex
1146 2683 1264 2743 suis
1303 2680 1523 2744 Scribis
1562 2689 1621 2742 et
1662 2680 2067 2768 LegisperitiS,
2120 2681 2242 2744 alte
2287 2671 2545 2744 clamavit,

478 2780 636 2870 quod
665 2781 801 2867 quia
831 2781 1089 2846 babebat
1120 2782 1414 2856 Verbum,
1459 2778 1580 2845 sola
1608 2781 1669 2844 in
1700 2782 1917 2845 lumine
1948 2782 2185 2846 caelesti
2218 2790 2397 2853 esset,
2444 2792 2544 2839 cum

476 2893 674 2949 tamen
704 2884 978 2949 Messiam
1005 2904 1112 2947 seu
1140 2882 1434 2947 Christum
1454 2931 1468 2957 ,
1522 2883 1622 2969 qui
1651 2893 1781 2947 erat
1807 2886 1993 2968 ipsum
2027 2876 2292 2947 Verbum
2320 2890 2377 2943 et
2405 2893 2545 2940 omne
2648 2922 2649 2925 η

471 2986 535 3049 in
582 2986 855 3050 omnibus
898 2987 1058 3069 ejus,
1113 2983 1543 3046 crucifixerunt.
1622 2982 1784 3062 Quid
1829 2985 1989 3048 aliud
2036 2985 2253 3047 clamat
2297 2976 2545 3046 Ecclesia,

476 3107 629 3173 quae
659 3106 765 3174 per
791 3082 1187 3179 Babyloniam
1222 3085 1379 3170 apud
1408 3083 1738 3171 Prophetas
1780 3087 1935 3148 etin
1972 3083 2334 3174 Apoealypsi
2371 3075 2545 3143 intelli-

480 3189 664 3272 gitur,
719 3208 896 3273 quam
937 3187 1094 3273 quod
1138 3186 1211 3249 sit
1252 3187 1480 3272 Regina
1523 3195 1583 3248 et
1623 3186 1822 3251 Mater
1860 3188 2122 3250 omnium
2152 3185 2540 3251 Ecclesiarunh

478 3300 537 3353 et
559 3286 724 3374 quod
750 3289 1013 3375 reliquae
1030 3336 1047 3365 ,
1100 3309 1251 3374 quae
1280 3286 1593 3358 recedunt,
1640 3287 1756 3350 sint
1781 3287 1975 3375 proles
1998 3287 2267 3373 spuriae,
2306 3304 2447 3372 quae
2470 3297 2546 3340 ex·

477 3388 1034 3462 communicandae;
1086 3397 1144 3451 et
1171 3387 1284 3451 hoc
1312 3389 1543 3452 tametsi
1570 3388 1890 3453 Dominum
1919 3388 2292 3453 Salvatorem
2321 3408 2390 3448 ex
2413 3378 2545 3446 Solio

476 3501 536 3554 et
559 3488 750 3554 Altari
778 3491 1053 3564 detrusit,
1107 3501 1253 3553 etse
1279 3490 1778 3577 superimposuit.
1859 3490 2099 3557 Numne
2136 3489 2327 3553 omnis
2371 3481 2542 3549 Eccle-

475 3591 562 3665 sia
609 3610 793 3676 usque
838 3591 910 3652 ad
956 3612 1180 3654 summe
1226 3590 1625 3665 haereticam,
1675 3590 1915 3676 quando
1959 3590 2141 3655 semel
2194 3597 2422 3675 recepta
2461 3589 2545 3651 esi,

478 3691 738 3769 elamore
768 3689 974 3775 implet
1000 3692 1271 3775 regiones
1299 3700 1355 3752 et
1387 3692 1596 3768 urbes,
1649 3693 1807 3778 quod
1836 3690 1960 3756 sola
1993 3691 2067 3757 sit
2092 3689 2462 3760 Orthodoxa,
2499 3688 2543 3742 el

478 3792 912 3863 oecumenica,
967 3800 1024 3852 et
1054 3790 1211 3876 quod
1243 3792 1397 3876 apud
1434 3813 1496 3855 se
1539 3793 1613 3855 sit
1646 3792 2069 3880 Evangelium,
2123 3793 2278 3878 quod
2316 3784 2544 3872 Angelus

479 3892 685 3956 volans
712 3892 773 3953 in
804 3891 995 3954 medio
1025 3889 1170 3953 caeli
1195 3894 1606 3969 annuntiavit,
1654 3890 1835 3981 Apoc.
1866 3894 2041 3959 XIV:
2089 3899 2183 3967 6.,“
2223 3904 2279 3955 et
2307 3889 2426 3977 quis
2448 3901 2541 3947 non

476 3991 641 4057 audit
668 3991 820 4056 echo
844 3992 1007 4058 vocis
1032 3991 1266 4056 illorum
1305 4012 1376 4054 ex
1417 3994 1632 4080 vulgo,
1685 3997 1845 4081 quod
1882 3995 1962 4058 ita
2001 3995 2094 4059 sit.
2177 3994 2408 4057 Numne
2444 3981 2544 4051 uni-

406 4124 412 4130 ·
471 4114 658 4158 versa·
697 4093 973 4185 Synodus
1026 4091 1481 4159 Dordrechtana
1529 4080 1684 4160 ‘vidit
1743 4095 2349 4161 Praedestinationem
2402 4090 2541 4153 aliter

478 4218 653 4280 qnam
692 4197 841 4260 sicut
867 4194 1109 4259 Stellam
1138 4219 1170 4258 e
1196 4194 1378 4260 Caelo
1409 4195 1712 4258 cadentem
1741 4219 1919 4284 super
1944 4195 2152 4283 Capita
2194 4194 2420 4260 illorum
2440 4238 2455 4265 ‚
2496 4190 2542 4247 el

478 4295 620 4363 illud
653 4295 866 4383 dogma
908 4296 1153 4365 osculati
1193 4293 1908 4375 suut‚3sicut·Philistaei
1950 4296 2172 4362 idolum
2215 4291 2462 4383 Dagonis
2493 4286 2539 4349 in
