2750 4775
457 347 522 434 If.
602 346 1209 433 REFORMATlo
1263 348 1372 401 ET
1427 348 2098 403 REGENERATIO.
2253 360 2356 409 ¹23

245 511 566 578 naturam,
624 522 802 588 quam
831 500 1011 567 trahit
1037 521 1107 566 ex
1134 502 1475 578 nativitate,
1527 503 1587 567 in
1628 503 1868 570 minima
1899 503 2086 590 effigie
2129 512 2217 568 est
2257 502 2357 568 ln·

243 602 524 679 fernum,
580 612 639 667 et
667 603 865 688 quoad
906 603 1154 671 alteram
1198 613 1507 680 naturam,
1557 622 1736 692 quam
1775 603 1954 671 trahit
1992 626 2064 671 ex
2098 604 2356 670 secunda

242 703 605 780 nativitate,
645 690 703 766 in
733 703 970 768 minima
998 705 1185 791 effigie
1216 715 1301 770 est
1328 704 1588 769 Caelum.
1646 706 1735 770 Ex
1759 706 1850 771 his
1873 706 2157 792 sequitur,
2193 705 2355 791 quod

242 804 416 869 mala
443 803 599 891 apud
631 804 925 870 bominem
956 806 1224 873 similiter
1261 815 1684 871 removeamur
1721 815 1782 871 et
1823 816 2174 892 separentur
2207 807 2356 872 sicut

242 904 568 971 Infernum
597 914 656 968 et
683 904 925 970 Caelum
955 907 1014 971 in
1042 926 1257 993 magna
1284 906 1501 994 effigie,
1535 915 1595 972 et
1620 907 1779 996 quod
1807 906 1961 972 mala
1986 907 2137 971 sicut
2164 927 2358 971 remo·

236 1015 474 1074 ventur
514 1016 786 1071 avertant
826 1027 890 1072 se
929 1029 963 1072 a
1000 1008 1292 1083 Domino,
1344 1017 1404 1073 et
1442 1028 1505 1072 se
1547 1010 1875 1075 successive
1912 1008 2248 1084 invertant,
2297 1017 2358 1073 et

237 1108 419 1196 quod
447 1105 562 1171 hoc
586 1106 699 1171 fiat·
727 1110 787 1172 in
815 1130 887 1172 eo
916 1110 1102 1196 gradu
1120 1160 1133 1182 ‚
1187 1131 1306 1196 quo
1343 1109 1730 1197 implantatur
1755 1107 1996 1176 Caelum
2017 1156 2035 1185 ,
2087 1107 2202 1173 hoc
2244 1119 2355 1184 est,

236 1210 408 1274 sicut
451 1208 630 1273 homo
660 1207 724 1273 fit
764 1231 970 1276 novus.
1054 1210 1165 1275 His
1202 1209 1609 1275 illustrationis
1648 1209 2183 1298 gratiaadjicietur
2222 1208 2358 1286 hoc,

239 1310 417 1398 quod
465 1311 904 1398 unumquodvis
942 1310 1159 1376 'malum
1199 1310 1352 1403 apud
1393 1310 1690 1376 hominem
1734 1311 2218 1396 conjunctionem
2249 1311 2355 1375 ha·

238 1411 396 1476 beat
422 1433 553 1475 cum
584 1412 800 1477 talibus
822 1413 883 1476 in
911 1411 1178 1489 inferno,
1229 1412 1416 1500 quiin
1453 1404 1627 1478 simili
1669 1413 1826 1478 malo
1865 1421 2033 1488 sunt,
2086 1421 2144 1477 et
2187 1413 2354 1478 vicis-

240 1513 366 1578 sim
407 1513 563 1599 quod
605 1513 1038 1599 unumquodvis
1075 1514 1295 1579 bonum
1339 1514 1493 1601 apud
1541 1512 1839 1578 hominem
1883 1514 2353 1601 conjunctionem

242 1610 477 1678 habeat
504 1636 639 1678 cum
666 1614 880 1679 talibus
902 1615 964 1678 in
991 1615 1172 1680 Caelo
1201 1614 1390 1702 quiin
1415 1613 1589 1679 simili
1616 1615 1774 1679 bono
1800 1623 1954 1683 sunt.

415 1718 560 1778 614.
616 1715 703 1780 Ex
735 1715 1002 1781 adductis
1046 1724 1319 1781 constare
1365 1725 1588 1802 potest,
1643 1716 1801 1802 quod
1847 1723 2220 1806 peccatorum
2263 1735 2357 1780 re-

242 1815 481 1892 missio,
535 1837 652 1880 non
694 1816 766 1881 sit
806 1816 1040 1881 illorum
1083 1817 1425 1904 exstirpatio
1465 1825 1524 1880 et
1561 1815 1883 1890 abstersio,
1932 1815 2035 1881 sed
2075 1814 2236 1905 quod
2276 1816 2352 1880 sit

244 1917 490 1981 illorum
518 1918 770 1981 remotio
799 1929 856 1981 et
882 1920 967 1981 sic
992 1918 1319 2003 separatim
1364 1926 1488 1982 tum
1509 1917 1676 2005 quod
1703 1938 1880 1985 omne
1909 1916 2151 1991 malum,
2195 1916 2354 2003 quod

240 2016 431 2082 homo
460 2017 775 2083 actualiter
799 2016 908 2081 sibi
936 2019 1371 2106 appropriavit,
1420 2028 1756 2092 remaneat;
1810 2028 1871 2083 et
1909 2018 2047 2105 quia
2087 2018 2352 2085 remissio

246 2128 635 2206 peccatorum
676 2127 762 2183 est
801 2118 1038 2182 illorum
1077 2118 1331 2183 remotio
1371 2128 1429 2182 et
1468 2120 1794 2206 separatio,
1845 2120 2143 2206 sequitur,
2194 2119 2353 2205 quod

244 2215 436 2285 homo
481 2240 514 2282 a
559 2219 831 2283 Domino·
857 2218 1191 2284 detineatur
1229 2239 1263 2283 a
1305 2217 1494 2297 malo,
1545 2230 1605 2285 et
1644 2222 2015 2286 contineatur
2053 2221 2111 2284 iu
2156 2221 2347 2294 bono;

250 2328 316 2383 et
342 2318 502 2407 quod
530 2318 647 2383 hoc
673 2318 747 2382 sit
773 2318 930 2407 quod
959 2320 1133 2384 datur
1155 2318 1380 2385 homini
1422 2342 1528 2411 per
1565 2321 2087 2409 regenerationem.
2146 2322 2353 2404 Quon-

257 2419 396 2483 dam
426 2419 626 2485 audivi
654 2420 948 2507 quendam
979 2423 1037 2484 in
1067 2422 1291 2488 Ultimo
1319 2421 1498 2487 Caelo
1526 2422 1814 2487 dicentem
1833 2475 1848 2501 ,
1891 2424 2048 2511 quod
2076 2424 2353 2490 immunis

256 2539 297 2585 a
321 2508 575 2609 peccatis
607 2522 713 2596 sit,
766 2523 903 2606 quia
944 2523 1040 2587 illa
1081 2524 1343 2589 abstersa
1381 2535 1547 2600 sunt,
1601 2524 1815 2611 adjecit
1861 2545 1966 2612 per
2002 2527 2349 2613 sanguinem

252 2621 502 2695 Chr-ism
552 2621 654 2687 sed
694 2624 831 2710 quia
872 2623 1027 2688 intra
1069 2623 1310 2694 Caelum
1349 2625 1447 2690 ille
1489 2636 1651 2702 erat,
1705 2636 1762 2691 et
1806 2646 1878 2690 ex
1913 2627 2246 2714 ignorantia
2287 2627 2349 2691 in

245 2722 352 2787 illo
391 2744 627 2800 errore,
680 2725 970 2792 immissus
1009 2734 1096 2791 est
1142 2727 1200 2789 in
1246 2747 1350 2791 sua
1395 2736 1634 2813 peccata
1682 2728 1950 2816 propria,
2004 2749 2156 2815 quae
2199 2729 2349 2792 sieut

243 2825 583 2900 redierunt,
637 2827 881 2911 agnovit
910 2826 1039 2900 illa;
1092 2848 1164 2892 ex
1194 2847 1313 2915 quo
1341 2826 1516 2893 fidem
1546 2849 1763 2893 novam
1797 2830 2156 2915 acceptavit,
2195 2849 2348 2916 quae

244 2934 415 3001 erat,
479 2927 635 3012 quod
680 2929 869 2992 omnis
909 2927 1121 3003 homo,
1185 2930 1337 2994 sicut
1381 2929 1573 2994 omnis
1616 2925 1909 3017 Angelus,
1975 2950 2047 2993 ex
2088 2930 2346 2996 Domino

204 3113 209 3120 s
241 3026 584 3120 detineatur
607 3049 641 3092 a
672 3030 869 3104 malis,
923 3042 982 3093 et
1022 3039 1300 3093 teneatur
1336 3030 1398 3093 in
1439 3030 1624 3095 bonis,
1708 3030 1797 3094 Ex
1833 3030 1924 3096 his
1964 3041 2154 3121 patet,
2207 3030 2346 3116 quid

240 3123 541 3192 Remissio
570 3138 946 3213 peccatorum
965 3175 1007 3206 ,-
1034 3130 1192 3217 quod
1220 3152 1341 3193 non
1369 3131 1445 3195 sit
1471 3127 1874 3208 in'stantanea,
1927 3133 2029 3196 sed
2057 3130 2214 3217 quod
2257 3153 2348 3196 se·

238 3237 468 3315 quatur
502 3232 1051 3316 regenerationem,
1102 3232 1424 3296 secundum
1464 3231 1590 3318 ejus
1630 3252 1986 3320 progressus.
2067 3233 2345 3298 Remotio

235 3338 660 3417 peccatorum,
713 3353 866 3417 quiae
897 3342 1145 3397 vocatur
1184 3333 1448 3398 remissio
1488 3355 1725 3409 eorum,
1780 3334 2111 3421 comparari
2154 3342 2346 3421 potest

233 3447 380 3493 cum
425 3431 710 3516 ejectione
755 3433 1016 3496 sordium
1064 3456 1109 3498 e·
1137 3432 1355 3516 Castris
1400 3432 1651 3498 filiorum
1701 3434 1933 3499 Israelis
1984 3434 2044 3497 in
2089 3434 2342 3512 deserto,

233 3531 406 3619 quod
452 3533 669 3597 circum
716 3533 812 3597 illa
857 3544 1025 3608 erat„
1093 3556 1230 3598 nam
1275 3534 1483 3599 Castra
1532 3534 1767 3599 illorum
1814 3536 2341 3625 repraesentabant

235 3632 487 3697 Caelum
507 3681 525 3710 ,
575 3645 635 3698 et
663 3635 972 3699 Desertum
1003 3631 1325 3699 Infernum.
1407 3634 1753 3724 Comparari
1782 3637 1957 3700 etiam
1990 3648 2178 3726 potest
2209 3659 2358 3703 cum·

232 3734 572 3799 remotione
599 3735 862 3821 gentium
893 3757 928 3799 a
955 3733 1085 3801 filiis
1112 3735 1383 3812 Israfflis,
1434 3736 1494 3799 in
1523 3746 1680 3801 terra
1711 3737 2020 3815 Canaane,
2070 3735 2126 3805 et
2155 3741 2343 3805 Jebu·

231 3854 514 3900 saeorum
544 3857 577 3899 a
606 3836 1029 3927 Hierosolyma
1050 3885 1066 3912 ,
1118 3860 1271 3923 quae
1299 3859 1420 3902 non
1450 3838 1672 3925 ejectae
1696 3849 1832 3904 sunt
1870 3841 1973 3904 sed
2011 3852 2337 3930 separatae.

234 3935 587 4025 Comparari
627 3946 820 4024 potest
857 3960 989 4006 cum
1019 3940 1267 4026 Dagone
1294 3940 1426 4003 Deo
1464 3935 1954 4018 philistaeorum,
2007 3942 2163 4030 quod
2205 3963 2337 4007 cum

232 4037 576 4103 introducta
624 4048 711 4104 est
754 4039 945 4116 Arca,
1011 4041 1261 4128 primum
1301 4040 1553 4127 jacuerit
1594 4062 1771 4130 super
1812 4040 2076 4107 faciebus
2119 4043 2246 4116 suis⁴
2278 4042 2338 4105 in

233 4149 428 4217 terra,
485 4149 543 4203 et
571 4150 772 4227 postea
801 4163 935 4207 cum
965 4141 1156 4229 capite
1186 4151 1243 4204 et
1272 4140 1426 4206 volis
1463 4161 1741 4206 manuum
1782 4143 1914 4227 ejus
1948 4140 2217 4208 abscissis
2245 4161 2341 4205 su-

236 4261 340 4331 per
386 4240 622 4320 limine,
672 4244 767 4310 ita·
797 4263 918 4307 non
962 4242 1208 4329 ejectus,
1262 4242 1363 4307 sed
1407 4252 1681 4307 remotus.
1764 4241 2110 4327 Comparari
2149 4247 2339 4328 potest
