2750 4775
712 355 991 409 INDEX
1035 354 1782 416 MEMORABILIUM.
2193 374 2302 425 597

282 526 510 582 aust
557 526 702 572 Mu
738 525 1051 573 sinemur.
1089 508 1449 579 Vennum
1481 532 1626 579 esus
1663 533 1821 578 sun-r
1847 536 2132 582 rormmu
2168 536 2305 627 sre-

287 629 461 677 cum
492 609 762 683 Donum,
811 631 878 672 ιι·
937 615 1083 674 508.

185 710 347 781 Lvl.
406 708 582 791 Quod
610 710 779 794 gravi
811 711 1024 774 morbo
1058 711 1166 775 sim
1208 722 1516 801 correptus
1544 735 1615 777 ex
1647 713 1857 800 illapso
1895 714 2058 780 fumo
2087 739 2119 780 e
2150 719 2302 783 Hie-

290 812 631 903 rosolyma,
681 832 835 897 quae
875 811 937 875 in
974 810 1330 902 Apocalypsi
1372 813 1489 878 XI:
1537 818 1594 878 8.
1645 825 1895 880 vocatur
1932 817 2189 883 Sodoma
2237 830 2296 884 et

292 911 637 1004 Aegyptus,
691 922 750 975 et
776 912 932 1000 quod
961 913 1119 977 visus
1156 915 1263 977 sim
1293 914 1370 978 ab
1403 914 1515 979 illis
1542 916 1641 1002 qui
1671 916 1729 979 in
1762 916 1929 982 Urbe
1964 918 2062 981 illa
2107 929 2296 998 erant,

291 1016 444 1080 sicut
476 1021 776 1088 mortuus,
830 1014 1090 1078 diceutes
1129 1022 1270 1078 tunc
1310 1015 1466 1078 inter
1501 1036 1599 1093 se,
1652 1019 1809 1103 quod
1849 1038 1967 1083 nou
1992 1019 2294 1106 sepultura

294 1117 720 1202 dignusessem
740 1162 756 1191 ‚
808 1114 1074 1179 similiter
1103 1125 1167 1178 ut
1195 1116 1266 1179 de
1295 1115 1526 1183 duobus
1552 1118 1828 1183 Testibus
1858 1120 1917 1182 in
1950 1120 2155 1185 eodem
2184 1120 2299 1186 Ca·

293 1218 412 1306 pite
439 1218 502 1279 in
528 1214 884 1306 Apocalypsi
914 1215 1161 1293 dicitur,
1214 1226 1273 1280 et
1298 1217 1524 1282 interea
1567 1218 1764 1282 audivi
1806 1218 2197 1309 blasphemias
2236 1221 2297 1285 in

295 1318 472 1406 copia-
511 1317 591 1380 ab
632 1317 893 1383 Urbanis
938 1327 1250 1404 propterea
1290 1319 1448 1402 quod
1490 1320 1954 1406 praedicaverim
1996 1321 2298 1409 paeniten-

296 1420 475 1493 tiam,
531 1427 589 1481 et
616 1417 788 1483 fidem
830 1419 890 1481 in
921 1417 1238 1483 Dominum
1267 1420 1475 1483 Jesum
1505 1418 1836 1497 Christum3
1887 1422 1990 1486 sed
2032 1423 2168 1510 quia
2208 1423 2297 1509 ju-

296 1521 515 1585 dicium
543 1540 716 1608 super
742 1519 873 1583 illos
895 1518 1191 1594 instabat,
1249 1520 1366 1585 vidi
1406 1521 1566 1608 quod
1597 1530 1720 1586 tota
1749 1522 1848 1586 illa
1881 1523 2040 1588 Urbs
2065 1522 2298 1589 decide·

294 1632 422 1697 ret,
476 1630 537 1684 et
581 1620 972 1685 inundaretur
1008 1621 1204 1708 aquis,
1277 1630 1337 1684 et
1390 1632 1622 1708 postea,
1689 1623 1848 1710 quod
1900 1624 2297 1693 discurrerem

294 1723 451 1787 inter
477 1731 670 1789 strues
703 1720 960 1809 lapidum
982 1767 1000 1795 ,
1053 1729 1113 1784 et
1142 1721 1611 1788 lamentarentur
1648 1722 1721 1788 de
1760 1733 1919 1789 sorte
1960 1747 2065 1789 sua
2087 1772 2105 1802 ,
2159 1747 2292 1791 cum

300 1834 497 1887 tamen
528 1820 917 1898 crediderint,
968 1820 1126 1908 quod
1167 1843 1270 1908 per
1314 1821 1489 1887 fidem
1534 1824 1831 1889 Ecclesiae
1870 1846 2040 1898 suae,
2101 1837 2294 1890 essent

281 1924 526 1999 renati,
578 1932 636 1987 et
675 1923 757 1988 sic
794 1923 960 2011 justi;
1014 1922 1117 1987 sed
1151 1923 1368 1987 dictum
1404 1923 1513 1989 illis
1556 1935 1674 2002 est,
1725 1926 1881 2012 quod
1922 1925 2067 1990 nihil
2105 1927 2295 1992 minus

297 2047 475 2112 quam
506 2023 653 2089 tales
679 2033 870 2089 esseut
891 2074 904 2097 ,
941 2023 1239 2110 'quoniam
1272 2046 1558 2112 nusquam
1587 2027 1843 2112 aliquam
1874 2027 2292 2114 paenitentiam

295 2135 577 2213 egerant,
629 2134 687 2188 et
727 2126 882 2214 quod
910 2124 1045 2188 inde
1088 2146 1207 2187 non
1245 2125 1431 2190 sciant
1474 2147 1655 2190 unum
1695 2127 1912 2195 malum
1958 2127 2299 2193 damnabile
2398 2150 2401 2155 ·

298 2228 458 2313 apud
486 2247 581 2292 se:
633 2236 835 2312 postea
863 2225 1084 2290 dictum
1109 2225 1222 2290 illis
1248 2247 1280 2290 e
1303 2225 1487 2290 Caelo
1515 2238 1633 2302 est,
1685 2228 1842 2314 quod
1884 2227 2026 2294 fides
2068 2230 2129 2292 in
2168 2231 2294 2295 Do-

300 2328 523 2394 minum
552 2348 622 2393 ac
649 2327 1039 2417 paenitentia,
1087 2327 1202 2392 sint
1231 2327 1348 2392 duo
1376 2325 1575 2391 Media
1608 2329 2071 2416 regenerationis
2097 2339 2155 2395 et
2179 2329 2295 2397 sal·

301 2430 584 2505 varinnis,
637 2441 698 2493 et
722 2431 879 2514 quod
906 2428 1020 2493 hoc
1046 2429 1408 2494 notissimum
1444 2428 1521 2493 sit
1564 2450 1637 2494 ex
1671 2431 1905 2512 Verbo,
1960 2442 2020 2497 et
2057 2433 2294 2522 insuper

215 2595 222 2600 .
298 2552 368 2594 ex
407 2531 745 2616 Decalogo,
799 2530 1135 2616 Baptismo,
1187 2540 1244 2594 et
1287 2529 1506 2595 Sancta
1557 2530 1790 2609 Caena,
1843 2533 1915 2597 de
1955 2535 2183 2624 quibus
2205 2534 2295 2602 vi-

301 2630 591 2697 deantur
579 2654 637 2694 ιιι
666 2631 1096 2708 ΜΕΜΟΒΑΒιιι,
1151 2654 1217 2696 ιι·
1276 2635 1423 2695 567.

206 2728 383 2797 LVlI.
440 2732 617 2813 Quod
643 2753 879 2807 omnes,
932 2732 1032 2818 qui
1062 2741 1468 2821 postmortem
1514 2733 1572 2797 in
1601 2735 1888 2799 Mundum
1931 2734 2292 2823 spiritualem

209 2869 212 2876 ·
300 2835 587 2910 veniunt,
641 2835 831 2920 primo
870 2843 1136 2921 tempore
1171 2842 1485 2903 teneantur
1532 2833 1592 2897 iu
1628 2834 1931 2911 Exteruis,
1982 2836 2043 2898 in
2083 2835 2295 2921 quibus

301 2933 542 3001 fuerunt
584 2934 907 3020 inNMundo
950 2933 1236 3011 naturali,
1291 2943 1353 2998 et
1392 2934 1530 3021 quia
1574 2933 1867 3021 plerique,
1921 2935 2057 2998 dum
2091 2936 2149 2997 in
2178 2934 2295 2998 Ex-

304 3038 487 3101 ternis
512 3044 668 3113 sunt,
698 3035 1014 3100 'moraliter
1041 3035 1282 3111 vivunt,
1322 3035 1701 3121 frequentant
1727 3035 1995 3124 Templa,
2038 3046 2095 3099 et
2123 3043 2299 3100 orant

302 3137 377 3202 ad
412 3139 636 3213 Deum,
691 3137 936 3202 credunt
975 3134 1133 3224 quod
1173 3145 1333 3199 certe
1369 3137 1431 3199 iu
1458 3133 1697 3200 Caelum
1735 3136 2142 3212 venturisint,
2192 3136 2294 3200 sed

297 3239 704 3312 instruuntur,
792 3237 947 3324 quod
1003 3239 1191 3301 omnis
1248 3234 1425 3299 homo
1478 3247 1605 3322 post
1667 3245 1913 3301 mortem
1968 3236 2296 3303 successive

280 3351 475 3404 ‘exuat
503 3340 826 3403 Externum
856 3336 1151 3403 hominem
1169 3385 1186 3412 ‚
1239 3344 1297 3399 et
1323 3339 1626 3423 aperiatur
1653 3337 1931 3402 Internus
1959 3337 2205 3414 homos
2233 3349 2292 3403 et

297 3442 458 3528 quod
497 3451 640 3504 tunc
681 3450 959 3504 noscatur
1004 3438 1180 3503 homo
1223 3437 1411 3522 qualis
1449 3449 1532 3510 est
1562 3438 1622 3501 in
1649 3460 1740 3515 se,
1794 3439 2071 3525 quonjam
2115 3437 2294 3503 homo

298 3553 385 3607 est
414 3542 593 3605 homo
622 3563 690 3604 ex
717 3541 1039 3606 Voluntate
1068 3550 1125 3604 et
1155 3539 1499 3616 Intellectu,
1543 3549 1600 3603 et
1632 3535 1750 3604 non
1777 3539 1968 3605 solum
1998 3563 2066 3603 ex
2094 3539 2293 3605 Actio-

295 3664 373 3706 ne
411 3653 471 3707 et
500 3642 797 3727 Loquela,
853 3651 912 3704 et
953 3642 1108 3726 quod
1152 3641 1286 3705 inde
1327 3642 1434 3717 sit,
1484 3642 1640 3729 quod
1669 3640 1848 3706 homo
1889 3643 2069 3731 possit
2097 3642 2156 3705 in
2183 3643 2297 3706 Ex-

296 3744 482 3808 ternis
511 3763 797 3830 apparere
823 3744 970 3807 sicut
1001 3743 1179 3817 Ovis,
1234 3745 1466 3808 tametsi
1503 3745 1558 3806 in
1592 3743 1846 3808 laternis
1875 3754 1959 3808 est
1994 3744 2141 3810 sicut
2179 3744 2296 3807 Lu-

298 3868 439 3933 pus;
495 3853 554 3906 et
577 3842 738 3930 quod
759 3844 899 3908 rtalis
925 3843 998 3908 sit
1029 3844 1086 3905 in
1119 3843 1362 3909 Interno
1402 3867 1508 3909 suo
1547 3844 1835 3919 homines
1881 3846 1989 3910 nisi
2029 3844 2296 3932 exploret

298 3946 455 4010 mala
483 3966 625 4009 suae
654 3944 970 4009 voluntatis
1012 3953 1069 4008 et
1097 3945 1231 4008 inde
1261 3945 1635 4021 intentionis,
1685 3956 1743 4010 et
1772 3947 1850 4010 ab
1875 3944 1965 4012 his
1994 3946 2297 4034 paeniten-

300 4048 439 4110 tiam
471 4054 639 4132 agan
697 4055 931 4133 praeter
960 4045 1161 4132 plura,
1212 4067 1281 4107 ιι·
1332 4051 1479 4109 588
1550 4089 1557 4095 1
1618 4081 1633 4090 ἢ

195 4148 415 4216 Lvlll.
471 4146 666 4228 Quod
678 4147 1078 4234 unusquisque
1104 4146 1291 4211 Amor
1316 4145 1581 4234 exspiret
1595 4146 1946 4233 jucundum,
1968 4145 2101 4209 sed
2135 4146 2291 4232 quod

297 4251 603 4328 Jueunm
629 4265 910 4313 Αιιιοιιιιιιι
938 4247 997 4311 in
1024 4246 1249 4312 Mundo
1276 4246 1530 4332 naturali
1554 4267 1761 4336 parum
1788 4245 2148 4322 sentiantur,
2189 4244 2294 4312 sed
