<?xml version="1.0" encoding="UTF-8"?>
<!DOCTYPE html PUBLIC "-//W3C//DTD XHTML 1.0 Transitional//EN"
    "http://www.w3.org/TR/xhtml1/DTD/xhtml1-transitional.dtd">
<html xmlns="http://www.w3.org/1999/xhtml" xml:lang="en" lang="en">
 <head>
  <title>
</title>
<meta http-equiv="Content-Type" content="text/html;charset=utf-8" />
  <meta name='ocr-system' content='tesseract 3.04.00' />
  <meta name='ocr-capabilities' content='ocr_page ocr_carea ocr_par ocr_line ocrx_word'/>
</head>
<body>
  <div class='ocr_page' id='page_1' title='image "./verachristianar00unkngoog_0218.png"; bbox 0 0 2750 4775; ppageno 0'>
   <div class='ocr_carea' id='block_1_1' title="bbox 498 371 2339 434">
    <p class='ocr_par' dir='ltr' id='par_1_1' title="bbox 498 371 2339 434">
     <span class='ocr_line' id='line_1_1' title="bbox 498 371 2339 434; baseline -0.006 0"><span class='ocrx_word' id='word_1_1' title='bbox 498 386 598 434; x_wconf 61' lang='lat'><strong>1921</strong></span> <span class='ocrx_word' id='word_1_2' title='bbox 715 372 1171 426; x_wconf 71' lang='lat' dir='ltr'><strong>UNIVERSA</strong></span> <span class='ocrx_word' id='word_1_3' title='bbox 1227 371 1764 426; x_wconf 78' lang='lat' dir='ltr'><strong>THEOLOGIA</strong></span> <span class='ocrx_word' id='word_1_4' title='bbox 1813 372 1882 427; x_wconf 80' lang='lat' dir='ltr'><strong>N.</strong></span> <span class='ocrx_word' id='word_1_5' title='bbox 1924 371 1989 428; x_wconf 87' lang='lat' dir='ltr'><strong>C.</strong></span> <span class='ocrx_word' id='word_1_6' title='bbox 2031 372 2137 425; x_wconf 82' lang='grc' dir='ltr'><strong>ΕΤ</strong></span> <span class='ocrx_word' id='word_1_7' title='bbox 2177 373 2242 427; x_wconf 77' lang='grc' dir='ltr'><strong>Ν.</strong></span> <span class='ocrx_word' id='word_1_8' title='bbox 2279 373 2339 423; x_wconf 91' lang='grc' dir='ltr'><strong>Ε.</strong></span> 
     </span>
    </p>
   </div>
   <div class='ocr_carea' id='block_1_2' title="bbox 488 523 2644 617">
    <p class='ocr_par' dir='ltr' id='par_1_2' title="bbox 488 523 2644 617">
     <span class='ocr_line' id='line_1_2' title="bbox 488 523 2644 617; baseline 0 -27"><span class='ocrx_word' id='word_1_9' title='bbox 488 526 739 600; x_wconf 78' lang='lat' dir='ltr'><strong>babeat;</strong></span> <span class='ocrx_word' id='word_1_10' title='bbox 788 525 903 592; x_wconf 86' lang='lat' dir='ltr'><strong>hoc</strong></span> <span class='ocrx_word' id='word_1_11' title='bbox 932 525 1275 613; x_wconf 75' lang='lat' dir='ltr'><strong>intelligitur</strong></span> <span class='ocrx_word' id='word_1_12' title='bbox 1307 547 1412 614; x_wconf 83' lang='lat' dir='ltr'><strong>per</strong></span> <span class='ocrx_word' id='word_1_13' title='bbox 1436 526 1672 591; x_wconf 74' lang='lat' dir='ltr'><strong>Nomen</strong></span> <span class='ocrx_word' id='word_1_14' title='bbox 1701 526 1760 589; x_wconf 90' lang='lat' dir='ltr'><strong>iu</strong></span> <span class='ocrx_word' id='word_1_15' title='bbox 1792 523 2147 616; x_wconf 78' lang='lat' dir='ltr'>Apocalypsi</span> <span class='ocrx_word' id='word_1_16' title='bbox 2185 526 2415 617; x_wconf 78' lang='lat' dir='ltr'><strong>‚anuit</strong></span> <span class='ocrx_word' id='word_1_17' title='bbox 2448 527 2533 590; x_wconf 78' lang='lat' dir='ltr'><strong>Fi-</strong></span> <span class='ocrx_word' id='word_1_18' title='bbox 2640 596 2644 599; x_wconf 52' lang='grc'>,</span> 
     </span>
    </p>
   </div>
   <div class='ocr_carea' id='block_1_3' title="bbox 482 625 2550 1932">
    <p class='ocr_par' dir='ltr' id='par_1_3' title="bbox 482 625 2550 1932">
     <span class='ocr_line' id='line_1_3' title="bbox 487 625 2536 720; baseline -0.001 -24"><span class='ocrx_word' id='word_1_19' title='bbox 487 629 613 696; x_wconf 79' lang='lat' dir='ltr'><strong>lius</strong></span> <span class='ocrx_word' id='word_1_20' title='bbox 662 627 923 695; x_wconf 77' lang='lat' dir='ltr'><strong>hominis</strong></span> <span class='ocrx_word' id='word_1_21' title='bbox 942 680 956 702; x_wconf 92' lang='lat'><strong>,</strong></span> <span class='ocrx_word' id='word_1_22' title='bbox 1023 626 1209 693; x_wconf 81' lang='lat' dir='ltr'><strong>habes</strong></span> <span class='ocrx_word' id='word_1_23' title='bbox 1245 647 1451 720; x_wconf 83' lang='lat' dir='ltr'><strong>pauca</strong></span> <span class='ocrx_word' id='word_1_24' title='bbox 1501 628 1776 693; x_wconf 84' lang='lat' dir='ltr'><strong><em>Nomina</em></strong></span> <span class='ocrx_word' id='word_1_25' title='bbox 1821 631 1885 691; x_wconf 85' lang='lat' dir='ltr'><strong>in</strong></span> <span class='ocrx_word' id='word_1_26' title='bbox 1934 625 2258 702; x_wconf 75' lang='lat' dir='ltr'><strong>SardibuS,</strong></span> <span class='ocrx_word' id='word_1_27' title='bbox 2305 630 2400 719; x_wconf 82' lang='lat' dir='ltr'><strong>qui</strong></span> <span class='ocrx_word' id='word_1_28' title='bbox 2439 652 2536 693; x_wconf 80' lang='lat' dir='ltr'><strong>non</strong></span> 
     </span>
     <span class='ocr_line' id='line_1_4' title="bbox 488 727 2536 824; baseline -0.003 -27"><span class='ocrx_word' id='word_1_29' title='bbox 488 733 945 824; x_wconf 78' lang='lat' dir='ltr'><strong>inquinaverunt</strong></span> <span class='ocrx_word' id='word_1_30' title='bbox 984 732 1348 795; x_wconf 72' lang='lat' dir='ltr'><strong>wstimenta</strong></span> <span class='ocrx_word' id='word_1_31' title='bbox 1383 751 1500 794; x_wconf 82' lang='lat' dir='ltr'><strong>sua</strong></span> <span class='ocrx_word' id='word_1_32' title='bbox 1515 778 1530 804; x_wconf 90' lang='lat'><strong>,</strong></span> <span class='ocrx_word' id='word_1_33' title='bbox 1582 742 1639 793; x_wconf 81' lang='lat' dir='ltr'><strong>et</strong></span> <span class='ocrx_word' id='word_1_34' title='bbox 1674 727 2067 794; x_wconf 76' lang='lat' dir='ltr'><strong>ambulabunt</strong></span> <span class='ocrx_word' id='word_1_35' title='bbox 2094 730 2338 794; x_wconf 83' lang='lat' dir='ltr'><strong><em>Mecum</em></strong></span> <span class='ocrx_word' id='word_1_36' title='bbox 2375 733 2429 792; x_wconf 83' lang='lat' dir='ltr'><strong>in</strong></span> <span class='ocrx_word' id='word_1_37' title='bbox 2461 727 2536 792; x_wconf 79' lang='lat' dir='ltr'><strong>al-</strong></span> 
     </span>
     <span class='ocr_line' id='line_1_5' title="bbox 485 828 2537 927; baseline -0.003 -28"><span class='ocrx_word' id='word_1_38' title='bbox 485 835 608 907; x_wconf 80' lang='lat' dir='ltr'><strong>bis,</strong></span> <span class='ocrx_word' id='word_1_39' title='bbox 661 836 804 927; x_wconf 81' lang='lat' dir='ltr'><strong>quia</strong></span> <span class='ocrx_word' id='word_1_40' title='bbox 842 829 1017 922; x_wconf 78' lang='lat' dir='ltr'><strong>digni</strong></span> <span class='ocrx_word' id='word_1_41' title='bbox 1053 840 1255 905; x_wconf 82' lang='lat' dir='ltr'><strong>sunt,“</strong></span> <span class='ocrx_word' id='word_1_42' title='bbox 1306 830 1448 917; x_wconf 89' lang='lat' dir='ltr'><strong>Cap.</strong></span> <span class='ocrx_word' id='word_1_43' title='bbox 1492 828 1614 893; x_wconf 86' lang='lat' dir='ltr'><strong>Ill:</strong></span> <span class='ocrx_word' id='word_1_44' title='bbox 1663 836 1732 903; x_wconf 77' lang='lat'><strong>4;</strong></span> <span class='ocrx_word' id='word_1_45' title='bbox 1788 853 1893 916; x_wconf 91' lang='lat' dir='ltr'><strong>per</strong></span> <span class='ocrx_word' id='word_1_46' title='bbox 1922 831 2227 894; x_wconf 85' lang='lat' dir='ltr'><strong>ambulare</strong></span> <span class='ocrx_word' id='word_1_47' title='bbox 2269 852 2390 906; x_wconf 81' lang='lat' dir='ltr'><strong>cum</strong></span> <span class='ocrx_word' id='word_1_48' title='bbox 2416 830 2537 894; x_wconf 87' lang='lat' dir='ltr'><strong>Filio</strong></span> 
     </span>
     <span class='ocr_line' id='line_1_6' title="bbox 483 931 2538 1017; baseline -0.003 -17"><span class='ocrx_word' id='word_1_49' title='bbox 483 934 739 1000; x_wconf 83' lang='lat' dir='ltr'><strong>hominis</strong></span> <span class='ocrx_word' id='word_1_50' title='bbox 764 935 824 998; x_wconf 91' lang='lat' dir='ltr'><strong>in</strong></span> <span class='ocrx_word' id='word_1_51' title='bbox 853 934 1033 1006; x_wconf 88' lang='lat' dir='ltr'><strong>albis,</strong></span> <span class='ocrx_word' id='word_1_52' title='bbox 1083 931 1449 1017; x_wconf 84' lang='lat' dir='ltr'><strong>significatur</strong></span> <span class='ocrx_word' id='word_1_53' title='bbox 1469 933 1638 1016; x_wconf 86' lang='lat' dir='ltr'><strong>sequi</strong></span> <span class='ocrx_word' id='word_1_54' title='bbox 1668 932 2023 1006; x_wconf 87' lang='lat' dir='ltr'><strong>Dominum,</strong></span> <span class='ocrx_word' id='word_1_55' title='bbox 2061 942 2121 995; x_wconf 89' lang='lat' dir='ltr'><strong>et</strong></span> <span class='ocrx_word' id='word_1_56' title='bbox 2149 935 2538 998; x_wconf 83' lang='lat' dir='ltr'><strong>viveresecun-</strong></span> 
     </span>
     <span class='ocr_line' id='line_1_7' title="bbox 485 1032 2539 1120; baseline -0.003 -19"><span class='ocrx_word' id='word_1_57' title='bbox 485 1040 624 1102; x_wconf 87' lang='lat' dir='ltr'><strong>dum</strong></span> <span class='ocrx_word' id='word_1_58' title='bbox 670 1056 814 1100; x_wconf 87' lang='lat' dir='ltr'><strong>vera</strong></span> <span class='ocrx_word' id='word_1_59' title='bbox 852 1034 1036 1100; x_wconf 83' lang='lat' dir='ltr'>Verbi</span> <span class='ocrx_word' id='word_1_60' title='bbox 1080 1033 1284 1119; x_wconf 78' lang='lat' dir='ltr'><strong>Ipsius.</strong></span> <span class='ocrx_word' id='word_1_61' title='bbox 1361 1032 1564 1097; x_wconf 84' lang='lat' dir='ltr'><strong>Simile</strong></span> <span class='ocrx_word' id='word_1_62' title='bbox 1610 1054 1714 1117; x_wconf 90' lang='lat' dir='ltr'><strong>per</strong></span> <span class='ocrx_word' id='word_1_63' title='bbox 1759 1034 1991 1097; x_wconf 85' lang='lat' dir='ltr'><strong>Nomen</strong></span> <span class='ocrx_word' id='word_1_64' title='bbox 2032 1033 2375 1120; x_wconf 75' lang='lat' dir='ltr'><strong>intelligitur</strong></span> <span class='ocrx_word' id='word_1_65' title='bbox 2415 1032 2539 1120; x_wconf 85' lang='lat' dir='ltr'><strong>apud</strong></span> 
     </span>
     <span class='ocr_line' id='line_1_8' title="bbox 484 1134 2538 1225; baseline -0.002 -23"><span class='ocrx_word' id='word_1_66' title='bbox 484 1139 522 1202; x_wconf 86' lang='lat' dir='ltr'>J</span> <span class='ocrx_word' id='word_1_67' title='bbox 529 1136 824 1202; x_wconf 87' lang='lat' dir='ltr'><strong>ohannem</strong></span> <span class='ocrx_word' id='word_1_68' title='bbox 871 1135 1099 1211; x_wconf 83' lang='lat' dir='ltr'><strong>„Jesus</strong></span> <span class='ocrx_word' id='word_1_69' title='bbox 1124 1134 1318 1211; x_wconf 70' lang='lat' dir='ltr'><strong>dia-iz,</strong></span> <span class='ocrx_word' id='word_1_70' title='bbox 1373 1134 1533 1200; x_wconf 73' lang='lat' dir='ltr'><strong>Oves</strong></span> <span class='ocrx_word' id='word_1_71' title='bbox 1557 1157 1771 1199; x_wconf 80' lang='lat' dir='ltr'><strong>vocem</strong></span> <span class='ocrx_word' id='word_1_72' title='bbox 1795 1158 1983 1199; x_wconf 82' lang='lat' dir='ltr'><strong>meam</strong></span> <span class='ocrx_word' id='word_1_73' title='bbox 2010 1135 2298 1211; x_wconf 80' lang='lat' dir='ltr'><strong>audiunt,</strong></span> <span class='ocrx_word' id='word_1_74' title='bbox 2351 1149 2401 1198; x_wconf 84' lang='lat' dir='ltr'><strong>et</strong></span> <span class='ocrx_word' id='word_1_75' title='bbox 2425 1156 2538 1225; x_wconf 79' lang='lat' dir='ltr'><strong>pro·</strong></span> 
     </span>
     <span class='ocr_line' id='line_1_9' title="bbox 482 1233 2541 1332; baseline -0.003 -29"><span class='ocrx_word' id='word_1_76' title='bbox 482 1242 659 1332; x_wconf 81' lang='lat' dir='ltr'><strong>pn&#39;as</strong></span> <span class='ocrx_word' id='word_1_77' title='bbox 686 1259 826 1303; x_wconf 78' lang='lat' dir='ltr'><strong>oves</strong></span> <span class='ocrx_word' id='word_1_78' title='bbox 849 1261 1008 1303; x_wconf 80' lang='lat' dir='ltr'><strong>voco</strong></span> <span class='ocrx_word' id='word_1_79' title='bbox 1038 1237 1306 1303; x_wconf 81' lang='lat' dir='ltr'><strong>Nomine</strong></span> <span class='ocrx_word' id='word_1_80' title='bbox 1331 1250 1535 1312; x_wconf 76' lang='lat' dir='ltr'><strong>tenus,</strong></span> <span class='ocrx_word' id='word_1_81' title='bbox 1586 1249 1643 1299; x_wconf 80' lang='lat' dir='ltr'><strong>et</strong></span> <span class='ocrx_word' id='word_1_82' title='bbox 1666 1234 1859 1300; x_wconf 81' lang='lat' dir='ltr'><strong>educo</strong></span> <span class='ocrx_word' id='word_1_83' title='bbox 1885 1233 2060 1313; x_wconf 82' lang='lat' dir='ltr'><strong>illas,</strong></span> <span class='ocrx_word' id='word_1_84' title='bbox 2114 1258 2316 1303; x_wconf 83' lang='lat' dir='ltr'><strong>eoram</strong></span> <span class='ocrx_word' id='word_1_85' title='bbox 2340 1234 2454 1300; x_wconf 66' lang='lat' dir='ltr'><strong>illis</strong></span> <span class='ocrx_word' id='word_1_86' title='bbox 2472 1238 2541 1298; x_wconf 80' lang='lat' dir='ltr'><strong>in·</strong></span> 
     </span>
     <span class='ocr_line' id='line_1_10' title="bbox 488 1334 2550 1430; baseline -0.002 -27"><span class='ocrx_word' id='word_1_87' title='bbox 488 1337 667 1415; x_wconf 74' lang='lat' dir='ltr'><strong>oedo,</strong></span> <span class='ocrx_word' id='word_1_88' title='bbox 713 1353 771 1404; x_wconf 81' lang='lat' dir='ltr'><strong>et</strong></span> <span class='ocrx_word' id='word_1_89' title='bbox 796 1361 936 1404; x_wconf 77' lang='lat' dir='ltr'><strong>oves</strong></span> <span class='ocrx_word' id='word_1_90' title='bbox 961 1339 1071 1405; x_wconf 85' lang='lat' dir='ltr'><strong>Me</strong></span> <span class='ocrx_word' id='word_1_91' title='bbox 1109 1350 1454 1430; x_wconf 79' lang='lat' dir='ltr'><strong>sequuntur,</strong></span> <span class='ocrx_word' id='word_1_92' title='bbox 1494 1340 1641 1428; x_wconf 83' lang='lat' dir='ltr'><strong>quia</strong></span> <span class='ocrx_word' id='word_1_93' title='bbox 1679 1340 1878 1402; x_wconf 77' lang='lat' dir='ltr'><strong>sciunt</strong></span> <span class='ocrx_word' id='word_1_94' title='bbox 1912 1359 2124 1401; x_wconf 75' lang='lat' dir='ltr'><strong>wcem</strong></span> <span class='ocrx_word' id='word_1_95' title='bbox 2159 1351 2382 1413; x_wconf 66' lang='lat' dir='ltr'><strong>‘me-am,-</strong></span> <span class='ocrx_word' id='word_1_96' title='bbox 2426 1334 2550 1400; x_wconf 43' lang='grc' dir='ltr'><strong><em>αἰεὶ·</em></strong></span> 
     </span>
     <span class='ocr_line' id='line_1_11' title="bbox 489 1436 2541 1532; baseline -0.001 -28"><span class='ocrx_word' id='word_1_97' title='bbox 489 1466 628 1505; x_wconf 81' lang='lat' dir='ltr'><strong>num</strong></span> <span class='ocrx_word' id='word_1_98' title='bbox 681 1455 876 1505; x_wconf 83' lang='lat' dir='ltr'><strong>autem</strong></span> <span class='ocrx_word' id='word_1_99' title='bbox 929 1465 1053 1505; x_wconf 82' lang='lat' dir='ltr'><strong>non</strong></span> <span class='ocrx_word' id='word_1_100' title='bbox 1096 1452 1453 1532; x_wconf 80' lang='lat' dir='ltr'><strong>sequuntur,</strong></span> <span class='ocrx_word' id='word_1_101' title='bbox 1504 1441 1651 1529; x_wconf 80' lang='lat' dir='ltr'><strong>quia</strong></span> <span class='ocrx_word' id='word_1_102' title='bbox 1690 1461 1815 1502; x_wconf 81' lang='lat' dir='ltr'><strong>non</strong></span> <span class='ocrx_word' id='word_1_103' title='bbox 1857 1440 2054 1503; x_wconf 79' lang='lat' dir='ltr'><strong>sciunt</strong></span> <span class='ocrx_word' id='word_1_104' title='bbox 2090 1436 2418 1504; x_wconf 82' lang='lat' dir='ltr'><strong>alienorum</strong></span> <span class='ocrx_word' id='word_1_105' title='bbox 2453 1460 2541 1502; x_wconf 80' lang='lat' dir='ltr'><strong>vo-</strong></span> 
     </span>
     <span class='ocr_line' id='line_1_12' title="bbox 488 1540 2541 1630; baseline -0.002 -24"><span class='ocrx_word' id='word_1_106' title='bbox 488 1551 669 1618; x_wconf 84' lang='lat' dir='ltr'><strong>cem,“</strong></span> <span class='ocrx_word' id='word_1_107' title='bbox 722 1541 862 1630; x_wconf 86' lang='lat' dir='ltr'><strong>Cap.</strong></span> <span class='ocrx_word' id='word_1_108' title='bbox 908 1543 995 1605; x_wconf 86' lang='lat' dir='ltr'><strong>X:</strong></span> <span class='ocrx_word' id='word_1_109' title='bbox 1045 1544 1102 1605; x_wconf 80' lang='lat'><strong>3.</strong></span> <span class='ocrx_word' id='word_1_110' title='bbox 1155 1545 1212 1603; x_wconf 77' lang='lat'><strong>4.</strong></span> <span class='ocrx_word' id='word_1_111' title='bbox 1264 1544 1335 1614; x_wconf 69' lang='grc' dir='ltr'><strong>ὃς</strong></span> <span class='ocrx_word' id='word_1_112' title='bbox 1408 1540 1645 1602; x_wconf 84' lang='lat' dir='ltr'><strong>nomine</strong></span> <span class='ocrx_word' id='word_1_113' title='bbox 1691 1549 1889 1614; x_wconf 89' lang='lat' dir='ltr'><strong>tenus,</strong></span> <span class='ocrx_word' id='word_1_114' title='bbox 1939 1549 2028 1604; x_wconf 93' lang='lat' dir='ltr'><strong>est</strong></span> <span class='ocrx_word' id='word_1_115' title='bbox 2070 1540 2355 1626; x_wconf 72' lang='lat' dir='ltr'><strong>qualitate</strong></span> <span class='ocrx_word' id='word_1_116' title='bbox 2389 1549 2541 1611; x_wconf 86' lang='lat' dir='ltr'><strong>tenus,</strong></span> 
     </span>
     <span class='ocr_line' id='line_1_13' title="bbox 486 1639 2543 1731; baseline -0.003 -23"><span class='ocrx_word' id='word_1_117' title='bbox 486 1665 602 1731; x_wconf 92' lang='lat' dir='ltr'><strong>qua</strong></span> <span class='ocrx_word' id='word_1_118' title='bbox 643 1641 958 1707; x_wconf 78' lang='lat' dir='ltr'><strong>Christiani</strong></span> <span class='ocrx_word' id='word_1_119' title='bbox 985 1653 1150 1713; x_wconf 86' lang='lat' dir='ltr'><strong>sunt,</strong></span> <span class='ocrx_word' id='word_1_120' title='bbox 1205 1650 1265 1703; x_wconf 90' lang='lat' dir='ltr'><strong>et</strong></span> <span class='ocrx_word' id='word_1_121' title='bbox 1303 1641 1468 1726; x_wconf 89' lang='lat' dir='ltr'><strong>sequi</strong></span> <span class='ocrx_word' id='word_1_122' title='bbox 1508 1639 1704 1726; x_wconf 89' lang='lat' dir='ltr'><strong>Ipsum</strong></span> <span class='ocrx_word' id='word_1_123' title='bbox 1751 1648 1837 1704; x_wconf 89' lang='lat' dir='ltr'><strong>est</strong></span> <span class='ocrx_word' id='word_1_124' title='bbox 1877 1640 2082 1704; x_wconf 86' lang='lat' dir='ltr'><strong>audire</strong></span> <span class='ocrx_word' id='word_1_125' title='bbox 2125 1663 2333 1705; x_wconf 82' lang='lat' dir='ltr'><strong>vocem</strong></span> <span class='ocrx_word' id='word_1_126' title='bbox 2377 1641 2543 1727; x_wconf 83' lang='lat' dir='ltr'><strong>Ipsius,</strong></span> 
     </span>
     <span class='ocr_line' id='line_1_14' title="bbox 486 1740 2542 1831; baseline -0.001 -25"><span class='ocrx_word' id='word_1_127' title='bbox 486 1743 603 1809; x_wconf 90' lang='lat' dir='ltr'><strong>hoc</strong></span> <span class='ocrx_word' id='word_1_128' title='bbox 639 1753 756 1819; x_wconf 90' lang='lat' dir='ltr'><strong>est,</strong></span> <span class='ocrx_word' id='word_1_129' title='bbox 811 1743 1054 1807; x_wconf 82' lang='lat' dir='ltr'><strong>obedire</strong></span> <span class='ocrx_word' id='word_1_130' title='bbox 1095 1742 1387 1808; x_wconf 86' lang='lat' dir='ltr'><strong>mandatis</strong></span> <span class='ocrx_word' id='word_1_131' title='bbox 1429 1740 1642 1828; x_wconf 88' lang='lat' dir='ltr'><strong>Ipsius;</strong></span> <span class='ocrx_word' id='word_1_132' title='bbox 1695 1741 1811 1805; x_wconf 83' lang='lat' dir='ltr'><strong>hoc</strong></span> <span class='ocrx_word' id='word_1_133' title='bbox 1843 1740 2081 1807; x_wconf 85' lang='lat' dir='ltr'><strong>Nomen</strong></span> <span class='ocrx_word' id='word_1_134' title='bbox 2121 1743 2413 1831; x_wconf 86' lang='lat' dir='ltr'><strong>accipiunt</strong></span> <span class='ocrx_word' id='word_1_135' title='bbox 2445 1761 2542 1804; x_wconf 87' lang='lat' dir='ltr'><strong>om·</strong></span> 
     </span>
     <span class='ocr_line' id='line_1_15' title="bbox 486 1843 1684 1932; baseline -0.004 -24"><span class='ocrx_word' id='word_1_136' title='bbox 486 1868 589 1911; x_wconf 91' lang='lat' dir='ltr'><strong>nes</strong></span> <span class='ocrx_word' id='word_1_137' title='bbox 625 1846 684 1909; x_wconf 90' lang='lat' dir='ltr'><strong>in</strong></span> <span class='ocrx_word' id='word_1_138' title='bbox 713 1844 1049 1931; x_wconf 72' lang='lat' dir='ltr'><strong>Baptistae,</strong></span> <span class='ocrx_word' id='word_1_139' title='bbox 1102 1852 1189 1908; x_wconf 91' lang='lat' dir='ltr'><strong>est</strong></span> <span class='ocrx_word' id='word_1_140' title='bbox 1218 1844 1373 1906; x_wconf 90' lang='lat' dir='ltr'><strong>enim</strong></span> <span class='ocrx_word' id='word_1_141' title='bbox 1406 1843 1464 1904; x_wconf 91' lang='lat' dir='ltr'><strong>in</strong></span> <span class='ocrx_word' id='word_1_142' title='bbox 1498 1843 1684 1932; x_wconf 77' lang='lat' dir='ltr'><strong>signo.</strong></span> 
     </span>
    </p>
   </div>
   <div class='ocr_carea' id='block_1_4' title="bbox 2651 471 2657 544">
    <p class='ocr_par' dir='ltr' id='par_1_4' title="bbox 2651 471 2657 544">
     <span class='ocr_line' id='line_1_16' title="bbox 2651 471 2657 544; baseline 0 0"><span class='ocrx_word' id='word_1_143' title='bbox 2651 471 2657 544; x_wconf 76' lang='lat' dir='ltr'><strong>l</strong></span> 
     </span>
    </p>
   </div>
   <div class='ocr_carea' id='block_1_5' title="bbox 637 1927 2656 2031">
    <p class='ocr_par' dir='ltr' id='par_1_5' title="bbox 637 1927 2656 2031">
     <span class='ocr_line' id='line_1_17' title="bbox 637 1927 2656 2031; baseline -0.003 -21"><span class='ocrx_word' id='word_1_144' title='bbox 637 1950 783 2010; x_wconf 75' lang='lat'><strong>683.</strong></span> <span class='ocrx_word' id='word_1_145' title='bbox 854 1944 1010 2024; x_wconf 85' lang='lat' dir='ltr'><strong>Quid</strong></span> <span class='ocrx_word' id='word_1_146' title='bbox 1053 1964 1267 2007; x_wconf 90' lang='lat' dir='ltr'><strong>nomen</strong></span> <span class='ocrx_word' id='word_1_147' title='bbox 1309 1945 1532 2029; x_wconf 82' lang='lat' dir='ltr'><strong>absque</strong></span> <span class='ocrx_word' id='word_1_148' title='bbox 1574 1965 1668 2019; x_wconf 89' lang='lat' dir='ltr'><strong>re,</strong></span> <span class='ocrx_word' id='word_1_149' title='bbox 1721 1943 1829 2008; x_wconf 91' lang='lat' dir='ltr'><strong>nisi</strong></span> <span class='ocrx_word' id='word_1_150' title='bbox 1876 1965 2090 2008; x_wconf 88' lang='lat' dir='ltr'><strong>vanum</strong></span> <span class='ocrx_word' id='word_1_151' title='bbox 2139 1945 2324 2031; x_wconf 87' lang='lat' dir='ltr'><strong>quid,</strong></span> <span class='ocrx_word' id='word_1_152' title='bbox 2367 1953 2422 2008; x_wconf 90' lang='lat' dir='ltr'><strong>et</strong></span> <span class='ocrx_word' id='word_1_153' title='bbox 2457 1941 2542 2006; x_wconf 88' lang='lat' dir='ltr'><strong>nisi</strong></span> <span class='ocrx_word' id='word_1_154' title='bbox 2655 1927 2656 1938; x_wconf 11' lang='grc' dir='ltr'>ἵ</span> 
     </span>
    </p>
   </div>
   <div class='ocr_carea' id='block_1_6' title="bbox 482 2044 2552 3347">
    <p class='ocr_par' dir='ltr' id='par_1_6' title="bbox 482 2044 2552 3347">
     <span class='ocr_line' id='line_1_18' title="bbox 482 2044 2544 2134; baseline -0.004 -21"><span class='ocrx_word' id='word_1_155' title='bbox 482 2070 690 2122; x_wconf 87' lang='lat' dir='ltr'><strong>sonus,</strong></span> <span class='ocrx_word' id='word_1_156' title='bbox 742 2046 929 2134; x_wconf 84' lang='lat' dir='ltr'><strong>qualis</strong></span> <span class='ocrx_word' id='word_1_157' title='bbox 973 2044 1154 2108; x_wconf 79' lang='lat' dir='ltr'><strong>resilit</strong></span> <span class='ocrx_word' id='word_1_158' title='bbox 1191 2065 1263 2108; x_wconf 86' lang='lat' dir='ltr'><strong>ex</strong></span> <span class='ocrx_word' id='word_1_159' title='bbox 1303 2046 1621 2109; x_wconf 82' lang='lat' dir='ltr'><strong>arboribus</strong></span> <span class='ocrx_word' id='word_1_160' title='bbox 1660 2044 1865 2134; x_wconf 83' lang='lat' dir='ltr'><strong>sylvae</strong></span> <span class='ocrx_word' id='word_1_161' title='bbox 1908 2066 2011 2110; x_wconf 88' lang='lat' dir='ltr'><strong>seu</strong></span> <span class='ocrx_word' id='word_1_162' title='bbox 2047 2046 2459 2132; x_wconf 80' lang='lat' dir='ltr'><strong>laquearibus,</strong></span> <span class='ocrx_word' id='word_1_163' title='bbox 2499 2051 2544 2105; x_wconf 84' lang='lat' dir='ltr'><strong>et</strong></span> 
     </span>
     <span class='ocr_line' id='line_1_19' title="bbox 485 2145 2541 2218; baseline -0.002 -5"><span class='ocrx_word' id='word_1_164' title='bbox 485 2160 732 2213; x_wconf 85' lang='lat' dir='ltr'><strong>vocatur</strong></span> <span class='ocrx_word' id='word_1_165' title='bbox 769 2146 948 2218; x_wconf 81' lang='lat' dir='ltr'><strong>ecbo;</strong></span> <span class='ocrx_word' id='word_1_166' title='bbox 1001 2155 1103 2208; x_wconf 90' lang='lat' dir='ltr'><strong>aut</strong></span> <span class='ocrx_word' id='word_1_167' title='bbox 1142 2145 1291 2211; x_wconf 91' lang='lat' dir='ltr'><strong>sicut</strong></span> <span class='ocrx_word' id='word_1_168' title='bbox 1331 2167 1509 2210; x_wconf 90' lang='lat' dir='ltr'><strong>sonus</strong></span> <span class='ocrx_word' id='word_1_169' title='bbox 1548 2146 1672 2210; x_wconf 79' lang='lat' dir='ltr'><strong>fere</strong></span> <span class='ocrx_word' id='word_1_170' title='bbox 1711 2146 1985 2211; x_wconf 86' lang='lat' dir='ltr'><strong>inanimis</strong></span> <span class='ocrx_word' id='word_1_171' title='bbox 2023 2159 2094 2210; x_wconf 80' lang='lat' dir='ltr'><strong>e&#39;x</strong></span> <span class='ocrx_word' id='word_1_172' title='bbox 2130 2145 2541 2218; x_wconf 86' lang='lat' dir='ltr'><strong>somniantibus,</strong></span> 
     </span>
     <span class='ocr_line' id='line_1_20' title="bbox 484 2247 2545 2324; baseline -0.004 -8"><span class='ocrx_word' id='word_1_173' title='bbox 484 2260 587 2316; x_wconf 87' lang='lat' dir='ltr'><strong>aut</strong></span> <span class='ocrx_word' id='word_1_174' title='bbox 616 2251 768 2313; x_wconf 87' lang='lat' dir='ltr'><strong>sicut</strong></span> <span class='ocrx_word' id='word_1_175' title='bbox 792 2268 969 2312; x_wconf 90' lang='lat' dir='ltr'><strong>sonus</strong></span> <span class='ocrx_word' id='word_1_176' title='bbox 994 2249 1183 2319; x_wconf 81' lang='lat' dir='ltr'><strong>venti,</strong></span> <span class='ocrx_word' id='word_1_177' title='bbox 1238 2248 1418 2311; x_wconf 89' lang='lat' dir='ltr'><strong>maris</strong></span> <span class='ocrx_word' id='word_1_178' title='bbox 1455 2257 1558 2311; x_wconf 89' lang='lat' dir='ltr'><strong>aut</strong></span> <span class='ocrx_word' id='word_1_179' title='bbox 1601 2248 1940 2324; x_wconf 85' lang='lat' dir='ltr'><strong>machinae,</strong></span> <span class='ocrx_word' id='word_1_180' title='bbox 1993 2248 2087 2312; x_wconf 84' lang='lat' dir='ltr'><strong>eui</strong></span> <span class='ocrx_word' id='word_1_181' title='bbox 2127 2247 2275 2311; x_wconf 89' lang='lat' dir='ltr'><strong>nihil</strong></span> <span class='ocrx_word' id='word_1_182' title='bbox 2315 2269 2443 2313; x_wconf 88' lang='lat' dir='ltr'><strong>usus</strong></span> <span class='ocrx_word' id='word_1_183' title='bbox 2478 2247 2545 2308; x_wconf 85' lang='lat' dir='ltr'><strong>in·</strong></span> 
     </span>
     <span class='ocr_line' id='line_1_21' title="bbox 485 2347 2541 2437; baseline -0.003 -20"><span class='ocrx_word' id='word_1_184' title='bbox 485 2362 602 2425; x_wconf 67' lang='grc' dir='ltr'><strong>θεῖς</strong></span> <span class='ocrx_word' id='word_1_185' title='bbox 656 2351 775 2413; x_wconf 89' lang='lat' dir='ltr'><strong>imo</strong></span> <span class='ocrx_word' id='word_1_186' title='bbox 821 2349 957 2434; x_wconf 89' lang='lat' dir='ltr'><strong>quid</strong></span> <span class='ocrx_word' id='word_1_187' title='bbox 1003 2370 1217 2412; x_wconf 88' lang='lat' dir='ltr'><strong>nomen</strong></span> <span class='ocrx_word' id='word_1_188' title='bbox 1257 2349 1416 2436; x_wconf 84' lang='lat' dir='ltr'><strong>quod</strong></span> <span class='ocrx_word' id='word_1_189' title='bbox 1464 2350 1626 2425; x_wconf 84' lang='lat' dir='ltr'><strong>Rex,</strong></span> <span class='ocrx_word' id='word_1_190' title='bbox 1692 2349 1851 2436; x_wconf 85' lang='lat' dir='ltr'><strong>quod</strong></span> <span class='ocrx_word' id='word_1_191' title='bbox 1896 2349 2063 2426; x_wconf 80' lang='lat' dir='ltr'><strong>Dux,</strong></span> <span class='ocrx_word' id='word_1_192' title='bbox 2129 2351 2292 2437; x_wconf 90' lang='lat' dir='ltr'><strong>quod</strong></span> <span class='ocrx_word' id='word_1_193' title='bbox 2339 2347 2541 2422; x_wconf 86' lang='lat' dir='ltr'><strong>Consul,</strong></span> 
     </span>
     <span class='ocr_line' id='line_1_22' title="bbox 488 2440 2544 2539; baseline -0.002 -23"><span class='ocrx_word' id='word_1_194' title='bbox 488 2452 647 2539; x_wconf 87' lang='lat' dir='ltr'><strong>quod</strong></span> <span class='ocrx_word' id='word_1_195' title='bbox 675 2450 1031 2535; x_wconf 69' lang='lat' dir='ltr'><strong>Episcopus»,</strong></span> <span class='ocrx_word' id='word_1_196' title='bbox 1084 2440 1243 2536; x_wconf 74' lang='lat' dir='ltr'><strong>quod</strong></span> <span class='ocrx_word' id='word_1_197' title='bbox 1284 2450 1517 2523; x_wconf 77' lang='lat' dir='ltr'><strong>Abbas,</strong></span> <span class='ocrx_word' id='word_1_198' title='bbox 1573 2452 1731 2537; x_wconf 87' lang='lat' dir='ltr'><strong>quod</strong></span> <span class='ocrx_word' id='word_1_199' title='bbox 1770 2451 2131 2525; x_wconf 79' lang='lat' dir='ltr'><strong>MonachuS,</strong></span> <span class='ocrx_word' id='word_1_200' title='bbox 2188 2454 2408 2539; x_wconf 86' lang='lat' dir='ltr'><strong>absque</strong></span> <span class='ocrx_word' id='word_1_201' title='bbox 2442 2451 2544 2514; x_wconf 82' lang='lat' dir='ltr'><strong>fun·</strong></span> 
     </span>
     <span class='ocr_line' id='line_1_23' title="bbox 488 2551 2547 2639; baseline -0.001 -25"><span class='ocrx_word' id='word_1_202' title='bbox 488 2553 680 2615; x_wconf 81' lang='lat' dir='ltr'><strong>ctione</strong></span> <span class='ocrx_word' id='word_1_203' title='bbox 720 2571 873 2637; x_wconf 86' lang='lat' dir='ltr'><strong>quae</strong></span> <span class='ocrx_word' id='word_1_204' title='bbox 915 2551 1156 2616; x_wconf 90' lang='lat' dir='ltr'><strong>Nomini</strong></span> <span class='ocrx_word' id='word_1_205' title='bbox 1197 2551 1512 2626; x_wconf 83' lang='lat' dir='ltr'><strong>adhaeret,</strong></span> <span class='ocrx_word' id='word_1_206' title='bbox 1567 2552 1676 2615; x_wconf 87' lang='lat' dir='ltr'><strong>nisi</strong></span> <span class='ocrx_word' id='word_1_207' title='bbox 1721 2554 1983 2623; x_wconf 84' lang='lat' dir='ltr'><strong>vanitas;</strong></span> <span class='ocrx_word' id='word_1_208' title='bbox 2036 2553 2116 2616; x_wconf 90' lang='lat' dir='ltr'><strong>ita</strong></span> <span class='ocrx_word' id='word_1_209' title='bbox 2163 2554 2304 2639; x_wconf 84' lang='lat' dir='ltr'><strong>quid</strong></span> <span class='ocrx_word' id='word_1_210' title='bbox 2348 2554 2547 2619; x_wconf 80' lang='lat' dir='ltr'><strong>Nomen</strong></span> 
     </span>
     <span class='ocr_line' id='line_1_24' title="bbox 488 2651 2546 2742; baseline -0.001 -26"><span class='ocrx_word' id='word_1_211' title='bbox 488 2652 649 2739; x_wconf 86' lang='lat' dir='ltr'><strong>quod</strong></span> <span class='ocrx_word' id='word_1_212' title='bbox 674 2651 1036 2717; x_wconf 85' lang='lat' dir='ltr'><strong>Christianus</strong></span> <span class='ocrx_word' id='word_1_213' title='bbox 1062 2654 1165 2728; x_wconf 89' lang='lat' dir='ltr'><strong>sit,</strong></span> <span class='ocrx_word' id='word_1_214' title='bbox 1213 2665 1271 2717; x_wconf 90' lang='lat' dir='ltr'><strong>et</strong></span> <span class='ocrx_word' id='word_1_215' title='bbox 1311 2662 1510 2717; x_wconf 86' lang='lat' dir='ltr'><strong>tamen</strong></span> <span class='ocrx_word' id='word_1_216' title='bbox 1553 2652 1805 2717; x_wconf 90' lang='lat' dir='ltr'><strong>barbare</strong></span> <span class='ocrx_word' id='word_1_217' title='bbox 1832 2653 2011 2728; x_wconf 81' lang='lat' dir='ltr'><strong>vivit,</strong></span> <span class='ocrx_word' id='word_1_218' title='bbox 2061 2664 2134 2716; x_wconf 36' lang='lat' dir='ltr'><strong>et*</strong></span> <span class='ocrx_word' id='word_1_219' title='bbox 2165 2663 2371 2719; x_wconf 84' lang='lat' dir='ltr'><strong>contra</strong></span> <span class='ocrx_word' id='word_1_220' title='bbox 2413 2671 2546 2742; x_wconf 84' lang='lat' dir='ltr'><strong>prae-</strong></span> 
     </span>
     <span class='ocr_line' id='line_1_25' title="bbox 488 2750 2548 2842; baseline -0.002 -24"><span class='ocrx_word' id='word_1_221' title='bbox 488 2762 655 2842; x_wconf 86' lang='lat' dir='ltr'><strong>cepta</strong></span> <span class='ocrx_word' id='word_1_222' title='bbox 686 2753 929 2830; x_wconf 90' lang='lat' dir='ltr'><strong>Christi,</strong></span> <span class='ocrx_word' id='word_1_223' title='bbox 975 2755 1081 2819; x_wconf 89' lang='lat' dir='ltr'><strong>nisi</strong></span> <span class='ocrx_word' id='word_1_224' title='bbox 1109 2756 1258 2818; x_wconf 86' lang='lat' dir='ltr'><strong>sicut</strong></span> <span class='ocrx_word' id='word_1_225' title='bbox 1289 2755 1520 2818; x_wconf 85' lang='lat' dir='ltr'><strong>intuitio</strong></span> <span class='ocrx_word' id='word_1_226' title='bbox 1550 2753 1700 2837; x_wconf 88' lang='lat' dir='ltr'><strong>signi</strong></span> <span class='ocrx_word' id='word_1_227' title='bbox 1727 2754 1984 2818; x_wconf 86' lang='lat' dir='ltr'><strong>Satanae</strong></span> <span class='ocrx_word' id='word_1_228' title='bbox 2010 2755 2142 2818; x_wconf 84' lang='lat' dir='ltr'><strong>loco</strong></span> <span class='ocrx_word' id='word_1_229' title='bbox 2169 2756 2324 2841; x_wconf 88' lang='lat' dir='ltr'><strong>signi</strong></span> <span class='ocrx_word' id='word_1_230' title='bbox 2350 2750 2548 2825; x_wconf 84' lang='lat' dir='ltr'><strong>Christi,</strong></span> 
     </span>
     <span class='ocr_line' id='line_1_26' title="bbox 489 2846 2548 2942; baseline -0.002 -24"><span class='ocrx_word' id='word_1_231' title='bbox 489 2857 653 2942; x_wconf 68' lang='lat' dir='ltr'><strong>cuius</strong></span> <span class='ocrx_word' id='word_1_232' title='bbox 680 2877 896 2923; x_wconf 89' lang='lat' dir='ltr'><strong>nomen</strong></span> <span class='ocrx_word' id='word_1_233' title='bbox 927 2866 1122 2919; x_wconf 85' lang='lat' dir='ltr'><strong>tamen</strong></span> <span class='ocrx_word' id='word_1_234' title='bbox 1151 2856 1343 2921; x_wconf 89' lang='lat' dir='ltr'><strong>aureis</strong></span> <span class='ocrx_word' id='word_1_235' title='bbox 1367 2846 1716 2920; x_wconf 82' lang='lat' dir='ltr'><strong>staminibus</strong></span> <span class='ocrx_word' id='word_1_236' title='bbox 1742 2856 1802 2917; x_wconf 89' lang='lat' dir='ltr'><strong>in</strong></span> <span class='ocrx_word' id='word_1_237' title='bbox 1847 2855 2134 2940; x_wconf 88' lang='lat' dir='ltr'><strong>baptismo</strong></span> <span class='ocrx_word' id='word_1_238' title='bbox 2163 2856 2445 2921; x_wconf 84' lang='lat' dir='ltr'><strong>intextum</strong></span> <span class='ocrx_word' id='word_1_239' title='bbox 2467 2861 2548 2917; x_wconf 76' lang='lat' dir='ltr'><strong>est</strong></span> 
     </span>
     <span class='ocr_line' id='line_1_27' title="bbox 484 2955 2551 3047; baseline -0.003 -25"><span class='ocrx_word' id='word_1_240' title='bbox 484 2958 643 3040; x_wconf 85' lang='lat' dir='ltr'><strong>Quid</strong></span> <span class='ocrx_word' id='word_1_241' title='bbox 685 2955 767 3020; x_wconf 89' lang='lat' dir='ltr'><strong>illi</strong></span> <span class='ocrx_word' id='word_1_242' title='bbox 799 2958 897 3044; x_wconf 89' lang='lat' dir='ltr'><strong>qui</strong></span> <span class='ocrx_word' id='word_1_243' title='bbox 941 2968 1247 3045; x_wconf 87' lang='lat' dir='ltr'><strong>postquam</strong></span> <span class='ocrx_word' id='word_1_244' title='bbox 1288 2966 1641 3042; x_wconf 81' lang='lat' dir='ltr'><strong>receperunt</strong></span> <span class='ocrx_word' id='word_1_245' title='bbox 1672 2957 2035 3042; x_wconf 78' lang='lat' dir='ltr'><strong>signaturam</strong></span> <span class='ocrx_word' id='word_1_246' title='bbox 2081 2955 2334 3033; x_wconf 80' lang='lat' dir='ltr'><strong>Christi,</strong></span> <span class='ocrx_word' id='word_1_247' title='bbox 2382 2965 2551 3047; x_wconf 85' lang='lat' dir='ltr'><strong>postea</strong></span> 
     </span>
     <span class='ocr_line' id='line_1_28' title="bbox 488 3055 2551 3145; baseline -0.003 -22"><span class='ocrx_word' id='word_1_248' title='bbox 488 3059 680 3123; x_wconf 85' lang='lat' dir='ltr'><strong>rident</strong></span> <span class='ocrx_word' id='word_1_249' title='bbox 707 3059 780 3122; x_wconf 87' lang='lat' dir='ltr'><strong>ad</strong></span> <span class='ocrx_word' id='word_1_250' title='bbox 810 3059 1027 3122; x_wconf 87' lang='lat' dir='ltr'><strong>cultum</strong></span> <span class='ocrx_word' id='word_1_251' title='bbox 1060 3057 1277 3145; x_wconf 88' lang='lat' dir='ltr'><strong>Ipsius,</strong></span> <span class='ocrx_word' id='word_1_252' title='bbox 1329 3057 1698 3144; x_wconf 77' lang='lat' dir='ltr'><strong>ogganniunt</strong></span> <span class='ocrx_word' id='word_1_253' title='bbox 1724 3056 1797 3121; x_wconf 91' lang='lat' dir='ltr'><strong>ad</strong></span> <span class='ocrx_word' id='word_1_254' title='bbox 1825 3057 2062 3123; x_wconf 86' lang='lat' dir='ltr'><strong>Nomen</strong></span> <span class='ocrx_word' id='word_1_255' title='bbox 2089 3055 2313 3144; x_wconf 75' lang='lat' dir='ltr'><strong>Ipsius,</strong></span> <span class='ocrx_word' id='word_1_256' title='bbox 2365 3069 2421 3125; x_wconf 90' lang='lat' dir='ltr'><strong>et</strong></span> <span class='ocrx_word' id='word_1_257' title='bbox 2446 3077 2551 3144; x_wconf 87' lang='lat' dir='ltr'><strong>pro·</strong></span> 
     </span>
     <span class='ocr_line' id='line_1_29' title="bbox 486 3155 2550 3249; baseline -0.004 -25"><span class='ocrx_word' id='word_1_258' title='bbox 486 3160 727 3224; x_wconf 82' lang='lat' dir='ltr'><strong>fitentur</strong></span> <span class='ocrx_word' id='word_1_259' title='bbox 753 3160 928 3225; x_wconf 90' lang='lat' dir='ltr'><strong>Illum</strong></span> <span class='ocrx_word' id='word_1_260' title='bbox 958 3180 1075 3222; x_wconf 90' lang='lat' dir='ltr'><strong>non</strong></span> <span class='ocrx_word' id='word_1_261' title='bbox 1104 3167 1164 3221; x_wconf 87' lang='lat' dir='ltr'><strong>ut</strong></span> <span class='ocrx_word' id='word_1_262' title='bbox 1194 3160 1407 3225; x_wconf 89' lang='lat' dir='ltr'><strong>Filium</strong></span> <span class='ocrx_word' id='word_1_263' title='bbox 1439 3159 1583 3234; x_wconf 91' lang='lat' dir='ltr'><strong>Dei,</strong></span> <span class='ocrx_word' id='word_1_264' title='bbox 1635 3158 1737 3223; x_wconf 90' lang='lat' dir='ltr'><strong>sed</strong></span> <span class='ocrx_word' id='word_1_265' title='bbox 1780 3168 1846 3223; x_wconf 88' lang='lat' dir='ltr'><strong>ut</strong></span> <span class='ocrx_word' id='word_1_266' title='bbox 1886 3156 2098 3222; x_wconf 87' lang='lat' dir='ltr'><strong>Filium</strong></span> <span class='ocrx_word' id='word_1_267' title='bbox 2140 3159 2420 3249; x_wconf 89' lang='lat' dir='ltr'><strong>Josephi,</strong></span> <span class='ocrx_word' id='word_1_268' title='bbox 2467 3155 2550 3220; x_wconf 89' lang='lat' dir='ltr'><strong>nisi</strong></span> 
     </span>
     <span class='ocr_line' id='line_1_30' title="bbox 488 3258 2552 3347; baseline -0.002 -23"><span class='ocrx_word' id='word_1_269' title='bbox 488 3262 733 3326; x_wconf 88' lang='lat' dir='ltr'><strong>rebelles</strong></span> <span class='ocrx_word' id='word_1_270' title='bbox 761 3270 818 3325; x_wconf 91' lang='lat' dir='ltr'><strong>et</strong></span> <span class='ocrx_word' id='word_1_271' title='bbox 846 3262 1169 3347; x_wconf 88' lang='lat' dir='ltr'><strong>regicidae,</strong></span> <span class='ocrx_word' id='word_1_272' title='bbox 1202 3270 1277 3341; x_wconf 26' lang='lat' dir='ltr'><strong>„et</strong></span> <span class='ocrx_word' id='word_1_273' title='bbox 1319 3278 1497 3326; x_wconf 77' lang='lat' dir='ltr'><strong>voces</strong></span> <span class='ocrx_word' id='word_1_274' title='bbox 1535 3259 1774 3324; x_wconf 90' lang='lat' dir='ltr'><strong>illorum</strong></span> <span class='ocrx_word' id='word_1_275' title='bbox 1810 3259 1918 3322; x_wconf 89' lang='lat' dir='ltr'><strong>nisi</strong></span> <span class='ocrx_word' id='word_1_276' title='bbox 1949 3258 2349 3346; x_wconf 85' lang='lat' dir='ltr'><strong>blasphemiae</strong></span> <span class='ocrx_word' id='word_1_277' title='bbox 2378 3268 2552 3325; x_wconf 77' lang='lat' dir='ltr'><strong>contra</strong></span> 
     </span>
    </p>
   </div>
   <div class='ocr_carea' id='block_1_7' title="bbox 487 3360 2656 3450">
    <p class='ocr_par' dir='ltr' id='par_1_7' title="bbox 487 3360 2656 3450">
     <span class='ocr_line' id='line_1_31' title="bbox 487 3360 2656 3450; baseline -0.002 -23"><span class='ocrx_word' id='word_1_278' title='bbox 487 3363 765 3450; x_wconf 78' lang='lat' dir='ltr'><strong>Spiritum</strong></span> <span class='ocrx_word' id='word_1_279' title='bbox 811 3372 1106 3438; x_wconf 87' lang='lat' dir='ltr'><strong>sanctum,</strong></span> <span class='ocrx_word' id='word_1_280' title='bbox 1161 3384 1312 3447; x_wconf 85' lang='lat' dir='ltr'><strong>quae</strong></span> <span class='ocrx_word' id='word_1_281' title='bbox 1352 3383 1470 3425; x_wconf 90' lang='lat' dir='ltr'><strong>non</strong></span> <span class='ocrx_word' id='word_1_282' title='bbox 1517 3361 1734 3423; x_wconf 86' lang='lat' dir='ltr'><strong>remitti</strong></span> <span class='ocrx_word' id='word_1_283' title='bbox 1780 3370 2018 3448; x_wconf 88' lang='lat' dir='ltr'><strong>possunt</strong></span> <span class='ocrx_word' id='word_1_284' title='bbox 2063 3361 2121 3422; x_wconf 91' lang='lat' dir='ltr'><strong>in</strong></span> <span class='ocrx_word' id='word_1_285' title='bbox 2167 3360 2283 3424; x_wconf 86' lang='lat' dir='ltr'><strong>hoc</strong></span> <span class='ocrx_word' id='word_1_286' title='bbox 2327 3360 2553 3431; x_wconf 86' lang='lat' dir='ltr'><strong>saeculo,</strong></span> <span class='ocrx_word' id='word_1_287' title='bbox 2655 3388 2656 3403; x_wconf 62' lang='lat'>2</span> 
     </span>
    </p>
   </div>
   <div class='ocr_carea' id='block_1_8' title="bbox 484 3461 2553 3651">
    <p class='ocr_par' dir='ltr' id='par_1_8' title="bbox 484 3461 2553 3651">
     <span class='ocr_line' id='line_1_32' title="bbox 487 3461 2553 3549; baseline -0.002 -23"><span class='ocrx_word' id='word_1_288' title='bbox 487 3486 594 3528; x_wconf 92' lang='lat' dir='ltr'><strong>nec</strong></span> <span class='ocrx_word' id='word_1_289' title='bbox 639 3465 698 3527; x_wconf 83' lang='lat' dir='ltr'><strong>in</strong></span> <span class='ocrx_word' id='word_1_290' title='bbox 744 3462 972 3532; x_wconf 85' lang='lat' dir='ltr'><strong>futuro;</strong></span> <span class='ocrx_word' id='word_1_291' title='bbox 1029 3462 1085 3527; x_wconf 81' lang='lat' dir='ltr'><strong>hi</strong></span> <span class='ocrx_word' id='word_1_292' title='bbox 1134 3465 1300 3549; x_wconf 80' lang='lat' dir='ltr'><strong>quasi</strong></span> <span class='ocrx_word' id='word_1_293' title='bbox 1347 3485 1522 3529; x_wconf 84' lang='lat' dir='ltr'><strong>canes</strong></span> <span class='ocrx_word' id='word_1_294' title='bbox 1566 3461 1806 3525; x_wconf 88' lang='lat' dir='ltr'><strong>rictibus</strong></span> <span class='ocrx_word' id='word_1_295' title='bbox 1846 3462 2116 3524; x_wconf 79' lang='lat' dir='ltr'><strong>mordent</strong></span> <span class='ocrx_word' id='word_1_296' title='bbox 2159 3462 2454 3538; x_wconf 89' lang='lat' dir='ltr'><strong>Verbum,</strong></span> <span class='ocrx_word' id='word_1_297' title='bbox 2500 3478 2553 3522; x_wconf 83' lang='lat' dir='ltr'><strong>ac</strong></span> 
     </span>
     <span class='ocr_line' id='line_1_33' title="bbox 484 3560 2553 3651; baseline -0.002 -25"><span class='ocrx_word' id='word_1_298' title='bbox 484 3565 756 3627; x_wconf 77' lang='lat' dir='ltr'><strong>‘dentibus</strong></span> <span class='ocrx_word' id='word_1_299' title='bbox 796 3562 1077 3625; x_wconf 87' lang='lat' dir='ltr'><strong>dilaniant</strong></span> <span class='ocrx_word' id='word_1_300' title='bbox 1114 3563 1288 3637; x_wconf 86' lang='lat' dir='ltr'><strong>illud;</strong></span> <span class='ocrx_word' id='word_1_301' title='bbox 1356 3564 1510 3648; x_wconf 90' lang='lat' dir='ltr'><strong>apud</strong></span> <span class='ocrx_word' id='word_1_302' title='bbox 1555 3562 1662 3627; x_wconf 90' lang='lat' dir='ltr'><strong>hos</strong></span> <span class='ocrx_word' id='word_1_303' title='bbox 1706 3572 1907 3626; x_wconf 85' lang='lat' dir='ltr'><strong>contra</strong></span> <span class='ocrx_word' id='word_1_304' title='bbox 1956 3560 2253 3627; x_wconf 86' lang='lat' dir='ltr'><strong>Christum</strong></span> <span class='ocrx_word' id='word_1_305' title='bbox 2294 3575 2355 3629; x_wconf 91' lang='lat' dir='ltr'><strong>et</strong></span> <span class='ocrx_word' id='word_1_306' title='bbox 2396 3563 2553 3651; x_wconf 87' lang='lat' dir='ltr'><strong>Ipsius</strong></span> 
     </span>
    </p>
   </div>
   <div class='ocr_carea' id='block_1_9' title="bbox 406 3659 2551 3853">
    <p class='ocr_par' dir='ltr' id='par_1_9' title="bbox 406 3659 2551 3853">
     <span class='ocr_line' id='line_1_34' title="bbox 406 3659 2548 3756; baseline -0.004 -28"><span class='ocrx_word' id='word_1_307' title='bbox 406 3674 413 3679; x_wconf 83' lang='grc'><strong><em>’</em></strong></span> <span class='ocrx_word' id='word_1_308' title='bbox 485 3665 751 3736; x_wconf 91' lang='lat' dir='ltr'><strong>Cultum,</strong></span> <span class='ocrx_word' id='word_1_309' title='bbox 805 3671 938 3725; x_wconf 83' lang='lat' dir='ltr'><strong>sunt</strong></span> <span class='ocrx_word' id='word_1_310' title='bbox 981 3685 1184 3726; x_wconf 82' lang='lat' dir='ltr'><strong>omnes</strong></span> <span class='ocrx_word' id='word_1_311' title='bbox 1214 3686 1453 3729; x_wconf 74' lang='lat' dir='ltr'><strong>mens-ae</strong></span> <span class='ocrx_word' id='word_1_312' title='bbox 1489 3663 1710 3756; x_wconf 82' lang='lat' dir='ltr'><strong>plenae</strong></span> <span class='ocrx_word' id='word_1_313' title='bbox 1740 3666 1969 3749; x_wconf 58' lang='lat' dir='ltr'><strong>»uomitu</strong></span> <span class='ocrx_word' id='word_1_314' title='bbox 2008 3666 2361 3753; x_wconf 82' lang='lat' dir='ltr'><strong>egestionis,</strong></span> <span class='ocrx_word' id='word_1_315' title='bbox 2420 3659 2548 3742; x_wconf 79' lang='lat' dir='ltr'><strong>Esaj.</strong></span> 
     </span>
     <span class='ocr_line' id='line_1_35' title="bbox 485 3760 2551 3853; baseline -0.002 -25"><span class='ocrx_word' id='word_1_316' title='bbox 485 3760 778 3828; x_wconf 87' lang='lat' dir='ltr'><strong>XXVIII:</strong></span> <span class='ocrx_word' id='word_1_317' title='bbox 824 3767 880 3824; x_wconf 89' lang='grc'><strong>8.</strong></span> <span class='ocrx_word' id='word_1_318' title='bbox 937 3763 1154 3825; x_wconf 85' lang='lat' dir='ltr'><strong>Jerem.</strong></span> <span class='ocrx_word' id='word_1_319' title='bbox 1188 3765 1473 3853; x_wconf 82' lang='lat' dir='ltr'><strong>XLVIII:</strong></span> <span class='ocrx_word' id='word_1_320' title='bbox 1522 3770 1638 3837; x_wconf 78' lang='lat'><strong>26;</strong></span> <span class='ocrx_word' id='word_1_321' title='bbox 1696 3787 1828 3828; x_wconf 87' lang='lat' dir='ltr'><strong>cum</strong></span> <span class='ocrx_word' id='word_1_322' title='bbox 1856 3775 2051 3827; x_wconf 90' lang='lat' dir='ltr'><strong>tamen</strong></span> <span class='ocrx_word' id='word_1_323' title='bbox 2083 3765 2374 3831; x_wconf 85' lang='lat' dir='ltr'><strong>Domi&#39;nus</strong></span> <span class='ocrx_word' id='word_1_324' title='bbox 2400 3766 2551 3829; x_wconf 86' lang='lat' dir='ltr'><strong>Jesus</strong></span> 
     </span>
    </p>
   </div>
   <div class='ocr_carea' id='block_1_10' title="bbox 478 3862 2550 4357">
    <p class='ocr_par' dir='ltr' id='par_1_10' title="bbox 478 3862 2550 4357">
     <span class='ocr_line' id='line_1_36' title="bbox 483 3862 2549 3954; baseline 0.003 -25"><span class='ocrx_word' id='word_1_325' title='bbox 483 3862 748 3929; x_wconf 85' lang='lat' dir='ltr'><strong>Christus</strong></span> <span class='ocrx_word' id='word_1_326' title='bbox 775 3863 1071 3928; x_wconf 86' lang='lat' dir='ltr'><strong>est—Filius</strong></span> <span class='ocrx_word' id='word_1_327' title='bbox 1102 3865 1211 3928; x_wconf 87' lang='lat' dir='ltr'><strong>Dei</strong></span> <span class='ocrx_word' id='word_1_328' title='bbox 1240 3864 1548 3940; x_wconf 84' lang='lat' dir='ltr'><strong>Altissimi-‚</strong></span> <span class='ocrx_word' id='word_1_329' title='bbox 1605 3867 1744 3931; x_wconf 89' lang='lat' dir='ltr'><strong>Luc.</strong></span> <span class='ocrx_word' id='word_1_330' title='bbox 1794 3865 1855 3928; x_wconf 80' lang='lat'><strong>1:</strong></span> <span class='ocrx_word' id='word_1_331' title='bbox 1900 3868 2000 3929; x_wconf 75' lang='lat'><strong>32.</strong></span> <span class='ocrx_word' id='word_1_332' title='bbox 2036 3870 2149 3939; x_wconf 79' lang='lat'><strong>35,</strong></span> <span class='ocrx_word' id='word_1_333' title='bbox 2200 3867 2549 3954; x_wconf 73' lang='lat' dir='ltr'><strong>unigenitus,</strong></span> 
     </span>
     <span class='ocr_line' id='line_1_37' title="bbox 484 3960 2550 4053; baseline -0.001 -25"><span class='ocrx_word' id='word_1_334' title='bbox 484 3963 623 4029; x_wconf 86' lang='lat' dir='ltr'><strong>Joh.</strong></span> <span class='ocrx_word' id='word_1_335' title='bbox 684 3963 739 4025; x_wconf 70' lang='lat'><strong>12</strong></span> <span class='ocrx_word' id='word_1_336' title='bbox 798 3967 893 4027; x_wconf 75' lang='lat'><strong>18.</strong></span> <span class='ocrx_word' id='word_1_337' title='bbox 963 3965 1103 4053; x_wconf 83' lang='lat' dir='ltr'><strong>Cap.</strong></span> <span class='ocrx_word' id='word_1_338' title='bbox 1157 3966 1271 4030; x_wconf 79' lang='lat'>111:</span> <span class='ocrx_word' id='word_1_339' title='bbox 1326 3973 1424 4031; x_wconf 78' lang='lat'><strong>16.</strong></span> <span class='ocrx_word' id='word_1_340' title='bbox 1511 3968 1699 4033; x_wconf 81' lang='lat' dir='ltr'><strong>V&#39;erus</strong></span> <span class='ocrx_word' id='word_1_341' title='bbox 1753 3960 1968 4041; x_wconf 90' lang='lat' dir='ltr'><strong>Deus,-</strong></span> <span class='ocrx_word' id='word_1_342' title='bbox 2014 3972 2094 4029; x_wconf 81' lang='lat' dir='ltr'><strong>et&#39;</strong></span> <span class='ocrx_word' id='word_1_343' title='bbox 2128 3965 2550 4035; x_wconf 85' lang='lat' dir='ltr'><strong>Vita-aeterna,</strong></span> 
     </span>
     <span class='ocr_line' id='line_1_38' title="bbox 493 4060 2548 4156; baseline -0.001 -30"><span class='ocrx_word' id='word_1_344' title='bbox 493 4071 518 4126; x_wconf 84' lang='lat'><strong>1</strong></span> <span class='ocrx_word' id='word_1_345' title='bbox 552 4063 693 4129; x_wconf 81' lang='lat' dir='ltr'><strong>Joh.</strong></span> <span class='ocrx_word' id='word_1_346' title='bbox 727 4065 806 4132; x_wconf 86' lang='lat' dir='ltr'><strong>V:</strong></span> <span class='ocrx_word' id='word_1_347' title='bbox 850 4060 950 4131; x_wconf 77' lang='lat'><strong>2‘0.</strong></span> <span class='ocrx_word' id='word_1_348' title='bbox 990 4072 1120 4141; x_wconf 47' lang='lat'><strong>‘214</strong></span> <span class='ocrx_word' id='word_1_349' title='bbox 1170 4068 1395 4156; x_wconf 33' lang='lat' dir='ltr'><strong>in&#39;Quo</strong></span> <span class='ocrx_word' id='word_1_350' title='bbox 1438 4069 1625 4134; x_wconf 87' lang='lat' dir='ltr'><strong>omnis</strong></span> <span class='ocrx_word' id='word_1_351' title='bbox 1653 4067 1954 4156; x_wconf 87' lang='lat' dir='ltr'><strong>plenitudo</strong></span> <span class='ocrx_word' id='word_1_352' title='bbox 1986 4067 2328 4133; x_wconf 81' lang='lat' dir='ltr'><strong>Divinitatis</strong></span> <span class='ocrx_word' id='word_1_353' title='bbox 2349 4068 2548 4134; x_wconf 85' lang='lat' dir='ltr'><strong>habitat</strong></span> 
     </span>
     <span class='ocr_line' id='line_1_39' title="bbox 478 4163 2546 4257; baseline 0.003 -29"><span class='ocrx_word' id='word_1_354' title='bbox 478 4167 899 4254; x_wconf 66' lang='lat' dir='ltr'><strong>corporaliter,</strong></span> <span class='ocrx_word' id='word_1_355' title='bbox 955 4170 1171 4235; x_wconf 87' lang='lat' dir='ltr'><strong>Coloss.</strong></span> <span class='ocrx_word' id='word_1_356' title='bbox 1223 4169 1310 4232; x_wconf 76' lang='lat'><strong>11:</strong></span> <span class='ocrx_word' id='word_1_357' title='bbox 1370 4175 1426 4232; x_wconf 87' lang='grc'><strong>9.</strong></span> <span class='ocrx_word' id='word_1_358' title='bbox 1520 4169 1593 4233; x_wconf 90' lang='lat' dir='ltr'><strong>Et</strong></span> <span class='ocrx_word' id='word_1_359' title='bbox 1642 4167 1801 4257; x_wconf 89' lang='lat' dir='ltr'><strong>quod</strong></span> <span class='ocrx_word' id='word_1_360' title='bbox 1845 4189 1963 4232; x_wconf 92' lang='lat' dir='ltr'><strong>non</strong></span> <span class='ocrx_word' id='word_1_361' title='bbox 2004 4169 2077 4231; x_wconf 88' lang='lat' dir='ltr'><strong>sit</strong></span> <span class='ocrx_word' id='word_1_362' title='bbox 2115 4167 2263 4236; x_wconf 84' lang='lat' dir='ltr'><strong>filius</strong></span> <span class='ocrx_word' id='word_1_363' title='bbox 2309 4163 2546 4254; x_wconf 68' lang='lat' dir='ltr'><strong>Josephi,</strong></span> 
     </span>
     <span class='ocr_line' id='line_1_40' title="bbox 490 4262 1680 4357; baseline 0.001 -29"><span class='ocrx_word' id='word_1_364' title='bbox 490 4262 700 4330; x_wconf 67' lang='lat' dir='ltr'><strong>Maiih.</strong></span> <span class='ocrx_word' id='word_1_365' title='bbox 752 4266 809 4328; x_wconf 68' lang='lat'><strong>12</strong></span> <span class='ocrx_word' id='word_1_366' title='bbox 855 4274 969 4345; x_wconf 77' lang='lat'><strong>25;</strong></span> <span class='ocrx_word' id='word_1_367' title='bbox 1028 4280 1262 4357; x_wconf 78' lang='lat' dir='ltr'><strong>praeter</strong></span> <span class='ocrx_word' id='word_1_368' title='bbox 1293 4269 1469 4339; x_wconf 76' lang='lat' dir='ltr'><strong>millia</strong></span> <span class='ocrx_word' id='word_1_369' title='bbox 1502 4269 1680 4331; x_wconf 85' lang='lat' dir='ltr'><strong>alibi..</strong></span> 
     </span>
    </p>
   </div>
   <div class='ocr_carea' id='block_1_11' title="bbox 2654 2943 2657 3485">
    <p class='ocr_par' dir='ltr' id='par_1_11' title="bbox 2654 2943 2657 3485">
     <span class='ocr_line' id='line_1_41' title="bbox 2654 2943 2657 3485; baseline 0 0"><span class='ocrx_word' id='word_1_370' title='bbox 2654 2943 2657 3485; x_wconf 95' lang='lat' dir='ltr'><strong> </strong></span> 
     </span>
    </p>
   </div>
   <div class='ocr_carea' id='block_1_12' title="bbox 2650 4276 2657 4381">
    <p class='ocr_par' dir='ltr' id='par_1_12' title="bbox 2650 4276 2657 4443">
     <span class='ocr_line' id='line_1_42' title="bbox 2650 4276 2657 4381; baseline 0 62"><span class='ocrx_word' id='word_1_371' title='bbox 2650 4276 2657 4381; x_wconf 69' lang='lat'><em>⁴</em></span> 
     </span>
    </p>
   </div>
  </div>
 </body>
</html>
