2750 4775
637 334 810 387 vm.
891 334 1298 392 LIBERUM
1359 332 1896 390 ARBITRIUM.
2277 347 2338 395 51

244 490 426 564 illam,
480 498 539 552 et
568 486 806 552 obediat
837 487 918 552 illi
949 511 1019 552 ex
1045 508 1140 564 se,
1193 488 1428 553 tametsi
1458 510 1528 552 ex
1556 488 1834 552 Domino.
1892 492 1946 553 3.
1980 488 2136 568 Quia
2164 488 2345 554 homo

244 591 432 679 quoad
456 590 729 676 spiritum
747 611 952 663 suum,
1006 590 1180 653 estin
1212 589 1409 653 medio
1450 590 1603 653 inter
1632 588 1873 654 Caelum
1914 598 1972 653 et
2015 589 2343 668 infernum,

242 690 319 755 ita
346 691 502 755 inter
530 691 755 754 bonum
780 701 837 754 et
867 690 1107 764 malum,
1160 699 1220 753 et
1248 690 1383 755 inde
1411 690 1471 753 in
1499 689 1881 776 aequilibrio,
1926 691 2059 754 inde
2087 692 2138 754 ei
2167 691 2345 757 Libe-

242 813 369 857 rum
398 791 712 856 arbitrium
741 801 828 855 est
868 791 928 853 in
958 791 1388 876 spiritualibus,
1441 791 1512 854 de
1540 812 1658 877 quo
1695 790 2045 875 aequilibrio
2078 791 2347 859 videatur

239 914 446 980 supra,
499 914 569 955 n:
615 894 741 954 445
785 913 906 978 seq.
965 900 1025 954 at
1071 892 1354 977 quamdiu
1396 892 1455 955 in
1495 890 1722 958 Mundo
1766 891 1949 966 vivit,
2018 901 2106 956 est
2146 894 2341 978 quoad

236 992 519 1083 Spiritum
547 1014 718 1056 suum
747 994 807 1055 in
836 989 1205 1078 Aequilibrio
1235 994 1389 1057 inter
1419 992 1662 1057 Caelum
1698 1000 1756 1055 et
1783 992 2109 1068 Mundum,
2153 1004 2211 1057 et
2237 993 2348 1059 ho·

237 1114 333 1158 mo
369 1105 506 1160 tunc
534 1114 721 1182 paene
761 1094 977 1167 nescit,
1031 1094 1188 1179 quod
1239 1104 1523 1180 quantum
1567 1115 1598 1158 e
1637 1092 1817 1157 Caelo
1860 1092 2118 1169 recedit,
2170 1103 2231 1158 et
2269 1094 2344 1158 ad

235 1196 561 1269 Mundum,
614 1203 843 1258 tantum
890 1195 963 1258 ad
996 1193 1300 1259 Internum
1338 1196 1611 1271 accedat,
1666 1192 1785 1257 hoc
1822 1196 2007 1258 nescit
2048 1203 2105 1258 et
2146 1202 2346 1261 tamen

235 1316 360 1361 uon
401 1296 615 1370 nescit,
669 1295 747 1357 eb
789 1316 1060 1370 causam,
1113 1304 1178 1360 ut
1218 1296 1398 1361 etiam
1442 1297 1637 1382 quoad
1679 1294 1885 1358 hocin
1917 1294 2102 1360 libero
2128 1296 2233 1374 sit,
2286 1307 2347 1361 et

234 1395 613 1462 reformetur.
669 1398 725 1460 4.
757 1395 914 1476 Quia
945 1396 1060 1460 duo
1093 1397 1213 1474 illa,
1267 1398 1542 1462 voluntas
1571 1406 1629 1460 et
1655 1395 2023 1469 intellectus,
2063 1406 2201 1461 sunt
2228 1396 2347 1462 duo

236 1496 612 1584 receptacula
657 1497 927 1572 Domini,
980 1498 1255 1563 voluntas
1293 1498 1730 1586 receptaculum
1773 1493 2010 1561 Amoris
2049 1505 2109 1560 et
2143 1496 2349 1561 Chari·
2395 1555 2402 1561 ,

239 1598 410 1674 tatis,
466 1597 806 1661 Intellectus
850 1601 1286 1685 receptaculum
1330 1599 1668 1686 Sapientiae
1709 1608 1767 1662 et
1808 1596 2004 1672 Fidei,
2058 1607 2117 1661 et
2144 1598 2351 1663 Domi-

238 1718 350 1763 nus
378 1708 661 1785 operatur
688 1698 912 1785 singula
943 1698 1039 1763 illa
1071 1699 1127 1763 in
1159 1699 1332 1789 pleno
1362 1701 1552 1764 libero
1583 1697 1869 1773 hominis,
1918 1706 1980 1761 ut
2006 1699 2080 1762 sit
2106 1700 2353 1784 conjun-

239 1798 359 1863 ctio
404 1809 610 1864 mutua
656 1807 714 1863 et
757 1800 1092 1886 reciproca,
1150 1823 1255 1888 per
1298 1821 1475 1888 quam
1522 1799 1791 1865 salvatio.
1869 1803 1925 1861 5.
1972 1796 2125 1876 Quia
2174 1820 2350 1870 omne

236 1899 553 1985 judicium,
605 1900 762 1986 quod
804 1899 868 1963 fit
895 1900 1119 1965 bomini
1156 1911 1602 1987 postmortem,
1657 1899 1724 1962 fit
1748 1898 2070 1965 secundum
2104 1921 2351 1989 usurpa-

235 1999 459 2065 tionem
490 2001 617 2084 ejus
647 2000 842 2064 Liberi
872 2001 1105 2064 arbitrii
1136 2002 1192 2063 in
1220 2000 1635 2089 spiritualibus

395 2106 542 2164 498.
602 2101 690 2165 Ex
716 2101 806 2164 his
829 2101 1080 2165 resultat
1109 2100 1256 2176 hoc,
1310 2100 1470 2187 quod
1496 2101 1684 2186 ipsum
1715 2100 1994 2164 Liberum
2036 2100 2349 2167 arbitrium

240 2198 301 2262 in
328 2201 731 2287 spiritualibus
755 2201 816 2262 in
844 2203 1039 2264 anima
1075 2199 1330 2267 hominis
1370 2202 1625 2266 resideat
1664 2200 1724 2264 in
1767 2202 1928 2265 omni
1969 2202 2351 2287 perfectione,

241 2308 305 2362 et
345 2300 520 2375 inde,
571 2301 723 2364 sicut
769 2321 918 2363 vena
963 2301 1024 2363 in
1068 2301 1324 2377 fontem,
1378 2302 1586 2366 influat
1638 2303 1695 2365 in
1748 2312 2005 2366 mentem
2060 2303 2222 2387 ejus,
2286 2304 2346 2367 in

241 2399 416 2466 binas
443 2402 569 2486 ejus
598 2409 827 2489 parteS,
880 2423 1033 2488 quae
1060 2414 1195 2467 sunt
1225 2403 1498 2469 voluntas
1525 2413 1583 2469 et
1613 2404 1971 2478 intellectus,
2026 2413 2084 2469 et
2111 2427 2216 2493 per
2241 2404 2351 2473 bas

238 2500 303 2564 in
329 2523 535 2566 sensus
566 2503 858 2590 corporis,
910 2504 1087 2588 inque
1115 2504 1379 2590 loquelas
1420 2514 1479 2569 et
1512 2505 1788 2569 actiones.
1842 2505 1997 2570 Sunt
2032 2507 2187 2570 enim
2229 2515 2349 2572 tres

239 2603 463 2689 gradus
505 2604 660 2667 vitae
701 2605 856 2690 apud
882 2603 1226 2680 hominem,
1280 2606 1535 2681 Anima,
1587 2608 1790 2682 Mens,
1846 2615 1905 2668 et
1946 2606 2173 2693 Corpus
2214 2627 2349 2671 sen·

235 2704 432 2781 suale,
488 2725 665 2769 omne
690 2703 749 2767 id
780 2705 938 2793 quod
964 2706 1027 2768 in
1063 2706 1354 2794 superiori
1386 2707 1573 2792 gradu
1600 2716 1720 2780 est,
1771 2707 1830 2770 in
1861 2705 2220 2793 perfectione
2261 2716 2351 2772 est

235 2826 415 2893 supra
447 2807 505 2869 id
534 2804 693 2892 quod
722 2805 782 2869 in
808 2805 1071 2871 inferiori
1112 2808 1301 2893 gradu
1328 2818 1433 2871 est.
1490 2807 1623 2871 Hoc
1651 2805 1907 2873 hominis
1932 2806 2212 2872 Liberum
2239 2816 2350 2885 est,

237 2927 346 2991 per
390 2906 578 2993 quod,
633 2907 692 2968 in
736 2929 888 2993 quo,
943 2917 1001 2973 et
1041 2929 1174 2971 cum
1218 2931 1336 2995 quo
1364 2909 1656 2973 Dominus
1697 2929 1974 2994 praesens
2011 2917 2098 2972 est
2137 2908 2197 2971 in
2244 2905 2352 2972 ho-

233 3007 432 3082 mine,
478 3017 535 3073 et
567 3018 738 3092 urget
756 3006 1163 3073 ‘indesinenter
1189 3009 1276 3073 sui
1304 3009 1735 3097 receptionem,
1782 3017 1842 3071 at
1871 3029 2158 3094 nusquam
2189 3029 2351 3073 emo-

235 3118 336 3172 vet
374 3118 440 3170 et
482 3108 636 3173 tollit
672 3108 958 3182 liberum,
1029 3109 1346 3195 quoniam,
1414 3119 1476 3171 ut
1520 3130 1699 3195 supra
1741 3108 1960 3172 dictum
2002 3117 2117 3183 est,
2174 3128 2349 3172 omne

233 3208 401 3295 quod
433 3229 552 3272 non
585 3229 653 3270 ex
683 3209 872 3274 libero
904 3210 980 3273 ab
1008 3207 1247 3273 bomine
1277 3211 1335 3272 in
1363 3208 1765 3296 spiritualibus
1792 3206 1889 3284 fit,
1941 3230 2059 3272 non
2090 3219 2346 3284 maneat,

231 3330 424 3397 quare
466 3308 578 3372 dici
618 3319 840 3397 potest,
895 3310 1051 3396 quod
1092 3310 1205 3374 hoc
1232 3311 1516 3375 Liberum
1549 3307 1803 3372 hominis
1829 3309 1936 3381 sit,
1986 3307 2047 3372 in
2078 3330 2195 3394 quo
2226 3308 2350 3370 Do-

230 3410 433 3474 minus
474 3411 629 3495 apud
670 3412 832 3474 illum
876 3402 936 3473 in
976 3411 1171 3475 anima
1211 3412 1337 3495 ejus
1376 3410 1626 3474 habitat.
1694 3408 1873 3487 Quod
1901 3418 2109 3471 ,autem
2152 3408 2349 3475 facere

229 3513 496 3585 malum,
541 3512 599 3572 in
644 3521 901 3599 utroque
941 3513 1197 3586 Mundo,
1251 3510 1554 3598 Spirituali
1599 3520 1657 3574 et
1691 3509 2005 3585 Naturali,
2057 3532 2165 3598 per
2192 3511 2351 3598 leges
2441 3566 2448 3571 .

230 3611 562 3677 coercitum
604 3606 713 3687 sit,
770 3613 1050 3699 quoniam
1097 3613 1363 3699 alioquin
1408 3613 1659 3678 societas
1704 3610 1912 3676 nullibi
1956 3613 2347 3689 substisteret,

228 3712 460 3799 absque
505 3712 890 3797 explicatione
939 3723 1130 3798 patet;
1185 3714 1286 3778 sed
1334 3713 1969 3800 usquerillustrabitur,
2023 3713 2179 3799 quod
2220 3713 2346 3779 sine

231 3813 495 3878 externis
536 3814 647 3877 illis
691 3814 972 3888 vinculis,
1028 3835 1146 3878 non
1189 3814 1366 3878 modo
1394 3814 1648 3879 societas
1673 3836 1791 3877 non
1818 3813 2192 3890 subsisteret,
2244 3816 2348 3879 sed

232 3914 411 3978 etiam
444 3921 635 3976 totum
660 3932 848 3998 genus
875 3911 1198 3981 humanum
1229 3915 1477 4002 periret;
1533 3914 1712 3978 homo
1745 3913 1899 3977 enim
1941 3914 2236 3980 inescatus,
2260 3924 2351 3979 est

236 4011 390 4079 binis
444 4014 781 4090 amoribus,
845 4015 948 4103 qui
985 4025 1122 4081 sunt
1174 4037 1346 4080 amor
1391 4014 1733 4081 dominandi
1774 4036 1953 4101 super
1998 4033 2238 4088 omnes,
2290 4023 2353 4078 et

236 4132 405 4179 amor
460 4114 795 4202 possidendi
839 4116 1104 4180 omnium
1160 4136 1333 4202 opes;
1400 4115 1464 4180 hi
1516 4136 1781 4191 amores,
1849 4116 1896 4176 si
1938 4115 2351 4177 relaxarentur

235 4212 348 4279 illis
386 4214 634 4305 fraena,
701 4225 879 4280 ruunt
917 4217 978 4280 in
1018 4215 1342 4282 infinitum:
1414 4216 1567 4280 mala
1607 4213 2040 4287 haereditaria,
2097 4210 2155 4270 in
2196 4229 2351 4292 quae
