2750 4775
501 370 569 421 82
644 439 649 448 ι
735 357 1195 413 UmvssnsA
1248 357 1785 430 rnnopoou
1822 361 1892 417 n.
1935 360 1999 414 c.
2043 360 2147 412 ΕΤ
2188 359 2256 411 Ν.
2295 357 2357 411 Ε.

499 511 710 578 morali
747 510 1036 587 naturali,
1086 511 1188 576 sed
1227 523 1388 577 amat
1430 534 1500 577 ex
1537 514 1810 604 satyriasi
1861 514 2183 602 spirituali,
2248 521 2381 576 sunt
2422 520 2565 576 actus

498 615 626 700 ejus
659 634 693 679 a
736 612 1008 677 rationali
1048 613 1333 700 spirituali
1374 614 1615 680 bomine
1654 617 1900 703 spectati
1931 616 2026 680 vix
2054 615 2210 679 aliud
2241 634 2412 700 quam
2437 613 2567 677 sicut

498 716 678 781 saltus
717 713 841 798 ejus
880 717 977 802 qui
1018 714 1167 779 ictus
1204 724 1292 779 est
1340 736 1375 780 a
1416 715 1750 791 tarantula,
1818 725 1880 782 et
1917 727 2165 784 vocatur
2206 716 2265 780 S.
2311 715 2427 780 Viti
2474 732 2566 777 seu

499 815 631 881 Gui.
686 815 841 896 Quis
871 838 987 880 non
1014 815 1122 879 scit
1162 815 1318 902 quod
1356 815 1666 906 hypocrita
1706 818 1884 904 possit
1921 817 2081 904 loqui
2127 816 2200 882 de
2225 818 2384 890 Deo,
2433 815 2567 879 latro

497 918 569 982 de
598 916 955 991 sinceritate,
1006 916 1238 980 adulter
1264 918 1338 981 de
1365 920 1655 994 castitate,
1708 928 1766 982 et
1793 919 1878 983 sic
1904 940 2113 1003 porro;
2165 919 2268 982 sed
2297 918 2402 980 nisi
2435 914 2568 980 foret

486 1018 716 1090 „homini
744 1017 849 1083 dos
875 1017 1184 1082 claudendi
1215 1028 1275 1081 et
1300 1019 1599 1105 aperiendi
1639 1020 1878 1104 januam
1917 1019 2073 1084 inter
2111 1019 2490 1105 cogitationes
2521 1026 2569 1080 et

494 1119 793 1207 loquelas,
845 1140 917 1183 ac
941 1121 1097 1184 inter
1134 1119 1490 1183 intentiones
1529 1130 1587 1182 et
1629 1121 1922 1193 actiones,
1974 1130 2032 1183 et
2075 1120 2301 1207 janitor
2340 1120 2419 1182 ibi
2450 1139 2569 1203 pru·

496 1220 695 1285 dentia
722 1228 824 1284 aut
852 1222 1062 1285 astutia
1080 1266 1097 1293 ‚
1149 1229 1348 1284 rueret
1373 1219 1631 1286 ferocius
1665 1223 1824 1287 omni
1851 1221 1978 1285 fera
2004 1223 2065 1285 in
2093 1221 2321 1286 nefaria
2362 1229 2420 1283 et
2455 1239 2569 1281 cru—

498 1320 683 1392 delia;
736 1321 838 1386 sed
866 1321 962 1385 illa
994 1322 1173 1407 janua
1205 1323 1469 1408 aperitur
1508 1322 1693 1387 cuivis
1735 1332 1861 1410 post
1904 1332 2186 1397 mortem,
2239 1331 2301 1385 et
2327 1330 2464 1385 tunc
2485 1340 2571 1406 ap·

497 1432 664 1508 paret
690 1421 879 1509 qualis
903 1421 1041 1495 suin
1097 1442 1301 1486 verum
1331 1432 1566 1488 tenetur
1604 1423 1665 1486 in
1710 1424 1945 1488 vinculo
1986 1444 2089 1511 per
2132 1444 2353 1512 paenas
2391 1429 2448 1484 et
2485 1440 2572 1484 cu·

496 1522 717 1588 stodias
750 1523 812 1586 in
849 1521 1110 1587 Inferno.
1166 1523 1574 1612 Quapropter,
1630 1524 1922 1589 benevole
1945 1524 2194 1599 Lector,
2236 1527 2569 1608 introspecta

498 1633 593 1700 te,
643 1634 702 1688 et
743 1623 1043 1712 expiscere
1088 1643 1267 1688 unum
1309 1623 1640 1689 alterumve
1680 1626 1899 1690 malum
1944 1626 2101 1713 apud
2146 1634 2238 1700 te,
2289 1634 2350 1692 et
2390 1630 2571 1688 averte

498 1724 641 1790 illud
668 1745 740 1790 ex
766 1724 1077 1810 Religione
1096 1772 1113 1799 ,
1162 1726 1209 1787 si
1237 1747 1307 1790 ex
1348 1725 1465 1790 alio
1494 1727 1794 1815 proposito
1823 1736 1927 1790 aut
1953 1724 2100 1803 fine,
2150 1749 2273 1791 non
2301 1725 2399 1792 illa
2426 1722 2575 1787 aliter

497 1825 745 1903 avertis,
795 1844 972 1912 quam
1003 1835 1065 1888 ut
1095 1845 1213 1889 non
1241 1838 1567 1912 appareant
1596 1848 1796 1892 coram
1827 1828 2075 1894 Mundo.

1274 2001 1794 2043 *****

669 2130 815 2190 56¹1.
886 2125 996 2189 His
1033 2124 1381 2211 adjicientur
1423 2129 2270 2214 sequentia'Mnuonaumu:
2324 2129 2572 2195 Pmuuu
2671 2131 2672 2198 ξ

496 2227 627 2291 boc,
680 2225 890 2290 Subito
920 2237 1223 2313 correptus
1246 2249 1372 2293 sum
1417 2229 1629 2293 morbo
1671 2250 1854 2315 paene
1896 2227 2131 2304 lethali,
2184 2237 2376 2293 totum
2404 2228 2571 2313 Caput

496 2328 869 2413 ingravatum
915 2339 1076 2405 erat,
1125 2329 1417 2395 immissus
1456 2329 1568 2396 suit
1603 2330 1796 2398 fumus
1826 2329 2165 2417 pestilentes
2195 2349 2280 2394 ex
2310 2330 2569 2396 Hieroso·

500 2429 691 2517 lyma,
745 2450 896 2514 quae
940 2439 1186 2496 vocatur
1208 2431 1468 2497 Sodoma
1511 2441 1569 2494 et
1596 2430 1941 2522 Aegyptus,
1991 2432 2328 2520 Apoc.X1:
2384 2438 2452 2503 83
2502 2425 2570 2493 fui

497 2527 910 2596 semimortuus
947 2553 1080 2596 cum
1118 2554 1301 2597 saevo
1340 2533 1575 2608 dolore,
1628 2534 1962 2620 exspectavi
1989 2541 2350 2605 extremunu
2401 2533 2478 2595 ita
2504 2529 2572 2613 ja·

499 2630 594 2694 cui
635 2630 695 2694 in
734 2650 865 2697 meo
906 2633 1061 2696 lecto
1103 2654 1207 2721 per
1241 2643 1360 2697 tres
1388 2633 1510 2697 dies
1537 2643 1596 2698 et
1624 2634 1959 2706 dimidium;
2010 2634 2247 2720 spiritus
2276 2654 2440 2698 meus
2466 2627 2574 2694 talis

499 2731 690 2797 factus
726 2742 844 2810 est,
897 2745 955 2797 et
1001 2755 1073 2797 ex
1114 2735 1211 2798 illo
1240 2755 1455 2818 corpus
1483 2754 1710 2797 meum:
1764 2745 1823 2798 et
1847 2743 1991 2798 tunc
2017 2735 2215 2799 audivi
2246 2736 2467 2800 circum
2493 2747 2570 2793 me

499 2853 677 2900 voces
717 2833 1067 2906 dicentium,
1136 2854 1210 2897 en
1247 2835 1405 2920 jacet
1453 2835 1513 2897 in
1558 2835 1749 2922 platea
1798 2835 1979 2901 Urbis
2022 2845 2259 2900 nostrae
2293 2842 2571 2905 mortuus,

498 2934 597 3021 qui
643 2935 1003 3022 praedicavit
1046 2935 1479 3001 Paenitentiam
1523 2935 1583 2999 in
1622 2936 2034 3005 remissionem.
2065 2945 2471 3023 peccatorum,
2524 2938 2575 2993 et

496 3036 686 3102 solum
728 3034 1024 3102 Christum
1068 3035 1398 3101 hominem:
1465 3047 1526 3100 et
1562 3036 2013 3123 interrogabant
2051 3036 2281 3126 aliquos
2324 3058 2358 3101 e
2398 3034 2572 3106 Clero,

496 3158 637 3202 num
680 3137 777 3201 ille
821 3138 1121 3227 sepultura
1166 3138 1375 3226 dignus
1413 3138 1517 3212 sit,
1569 3137 1841 3204 dixerunt
1879 3137 2039 3226 ¹quod
2084 3158 2239 3213 non,
2292 3138 2481 3223 jaceat
2513 3151 2573 3196 ac

497 3246 823 3326 spectetur,
888 3250 948 3303 et
993 3239 1266 3316 abibant,
1318 3238 1625 3311 redibant,
1675 3238 2151 3304 subsannabant:
2227 3261 2295 3303 ex
2343 3237 2575 3306 veritate

497 3339 578 3404 ita
610 3338 749 3403 mihi
778 3339 1042 3425 contigit,
1086 3362 1218 3404 cum
1249 3340 1651 3427 explicabatur
1678 3339 1870 3427 Caput
1894 3339 2104 3405 X1m¹¹¹¹²
2134 3337 2572 3429 Apocalypseos.

499 3437 753 3505 Auditae
792 3450 928 3505 sunt
967 3450 1109 3505 tunc
1138 3462 1312 3504 voces
1337 3440 1818 3505 subsannantium
1847 3461 2091 3527 graves,
2143 3439 2424 3528 imprimis
2447 3437 2573 3511 bae:

499 3540 799 3626 quomodo
843 3550 1034 3626 potest
1060 3540 1427 3605 Paenitentia
1467 3542 1560 3627 agi
1602 3541 1826 3628 absque
1864 3540 2012 3617 fide,
2066 3542 2364 3631 quomodo
2404 3541 2576 3629 potest

500 3640 764 3705 Christus
804 3639 986 3704 homo
1027 3641 1262 3705 adorari
1305 3650 1366 3704 ut
1396 3640 1585 3714 Deus;
1638 3641 1775 3706 dum
1814 3642 1997 3727 gratis
2032 3643 2332 3709 salvamur
2372 3641 2574 3722 absque

501 3741 619 3804 ullo
649 3750 852 3805 nostro
881 3741 1119 3815 merito,
1172 3742 1312 3827 quid
1339 3764 1484 3829 opus
1509 3753 1650 3807 tune
1677 3743 1785 3808 nisi
1810 3745 1933 3808 sola
1961 3741 2077 3808 fide
2106 3744 2263 3831 quod
2292 3743 2450 3807 Deus
2474 3740 2575 3804 Pa-

498 3850 592 3906 ter
631 3841 852 3905 miserit
880 3840 1123 3918 Filiuni,
1175 3843 1276 3932 qui
1315 3845 1754 3910 damnationem
1783 3845 1958 3930 Legis
1999 3843 2290 3920 auferret,
2342 3844 2576 3930 imputa·

501 3950 594 4006 ret
631 3942 804 4008 nobis
847 3943 1118 4008 meritum
1162 3946 1383 4031 Ipsius,
1437 3946 1606 4010 etsie
1631 3965 1833 4009 coram
1860 3945 1936 4009 Se
1971 3943 2315 4029 justificaret
2342 3966 2477 4019 nos,
2526 3943 2575 4001 el

501 4043 837 4110 absolveret
879 4068 983 4112 nos
1023 4069 1315 4133 praecone
1349 4046 1671 4112 Sacerdote
1716 4066 1753 4110 a
1792 4046 2078 4133 peccatis,
2145 4056 2203 4112 et
2244 4055 2387 4111 tunc
2425 4043 2576 4109 daret

497 4143 778 4232 Spiritum
806 4159 1073 4215 sanctum
1091 4197 1107 4224 ,
1158 4149 1261 4235 qui
1287 4166 1463 4213 omne
1495 4146 1712 4210 bonum
1740 4146 1802 4209 in
1830 4147 2000 4212 nobis
2025 4157 2339 4236 operetur;
2391 4158 2572 4211 annon

499 4244 648 4312 haec
685 4257 821 4315 sunt
854 4249 1177 4315 secundum
1213 4247 1609 4332 Scripturam‚
1674 4255 1732 4312 et
1770 4269 2007 4335 quoque
2045 4249 2367 4313 secundum
2409 4242 2572 4313 ratio·
