2750 4775
449 411 517 461 52
674 397 1137 453 UMVERSA
1181 396 1714 450 THEOLOGM
1767 399 1833 454 N.
1878 397 1943 451 C.
1991 396 2097 450 ΕΤ
2141 396 2207 449 Ν.
2251 395 2316 451 Ε.

441 553 643 643 „plum
680 549 823 616 illud
863 550 1213 638 significaret
1242 550 1483 616 Novam
1527 549 1883 624 Ecclesiam;
1937 550 2121 616 Porta
2163 570 2234 613 ex
2271 551 2551 618 substan-

443 656 566 732 „tia
607 654 983 741 margaritica
1018 653 1330 716 Introitum
1372 651 1433 714 in
1478 650 1675 723 illam;
1745 654 2068 717 Fenestrae
2107 673 2180 715 ex
2217 652 2552 743 crystallis,

444 756 808 834 „Veritates,
864 774 1015 841 quae
1060 753 1435 818 illustrabant
1471 753 1671 823 ·illam;
1735 753 2089 840 suggestum
2130 755 2547 819 Sacerdotium
2633 823 2644 832 ,

442 866 541 936 „et
568 855 1063 950 praedicationes;
1121 855 1385 919 Verbum
1414 875 1586 938 super
1614 854 1716 918 illo
1744 863 2047 940 apertum,
2094 864 2152 918 et
2179 856 2546 944 superiorem

443 967 710 1049 „partem
752 958 1011 1044 suggesti
1053 957 1424 1029 illuminans,
1477 955 1723 1020 Sensum
1755 957 1893 1041 ‘ejus
1923 957 2220 1022 internum
2249 959 2351 1044 qui
2377 958 2552 1046 spiri-

441 1058 658 1136 „tualis
685 1068 791 1135 est,
842 1056 1201 1131 revelatum;
1255 1056 1519 1146 Adytum
1554 1057 1613 1120 in
1646 1058 1837 1121 medio
1869 1058 1926 1122 T
1927 1058 2120 1145 empli,
2176 1059 2548 1145 conjunctio-

440 1183 619 1240 „nem
658 1159 813 1224 illius
845 1159 1144 1224 Ecclesiae
1185 1180 1320 1222 cum
1362 1157 1543 1222 Caelo
1585 1159 1881 1244 angelico;
1936 1158 2246 1224 Cherubus
2286 1181 2357 1223 ex
2396 1181 2546 1224 auro

442 1261 660 1340 ‚,inibi,
726 1260 986 1326 Verbum
1036 1262 1098 1324 in
1142 1281 1315 1325 sensu
1358 1260 1597 1334 literae;
1672 1257 1843 1324 Ensis
1880 1282 1942 1324 se
1985 1260 2223 1326 vibrans
2264 1261 2323 1324 in
2367 1282 2547 1325 manu

443 1364 631 1451 ,‚ejus,
681 1361 1050 1450 significabat
1079 1362 1237 1449 quod
1265 1359 1359 1425 hic
1387 1382 1593 1426 sensus
1617 1359 1734 1424 buc
1760 1360 1899 1425 illuc
1929 1362 2080 1425 verti
2107 1363 2315 1450 possit,
2365 1362 2544 1427 modo

444 1464 598 1541 „boc
637 1462 703 1527 lit
740 1464 1029 1552 applicate
1074 1464 1151 1527 ad
1189 1463 1486 1549 quandam
1532 1462 1890 1532 Veritatem;
1957 1463 2114 1549 quod
2157 1463 2363 1528 Velum
2404 1474 2544 1528 ante

445 1565 823 1644 „Cherubum
854 1573 999 1630 esset
1030 1562 1358 1639 sublatum,
1408 1561 1779 1649 significabat
1810 1564 1970 1650 quod
1997 1584 2155 1629 nunc
2183 1563 2547 1652 patefactum

445 1669 557 1745 „sit
600 1666 885 1732 Verbum.
952 1665 1200 1739 Postea,
1252 1679 1386 1727 cum
1435 1664 1674 1750 propius
1715 1665 1964 1741 accessi,
2017 1666 2138 1729 vidi
2173 1665 2541 1753 scripturam

445 1790 658 1857 „super
696 1767 916 1843 Porta,
965 1766 1150 1842 lianc,
1204 1765 1395 1830 Nunc
1435 1784 1642 1842 mem,
1705 1766 1865 1852 quod
1911 1764 2308 1852 significabat,
2381 1767 2543 1854 quod

443 1892 643 1948 „nunc
684 1869 858 1932 liceat
913 1865 1389 1931 intellectualiter
1434 1867 1655 1930 intrare
1700 1867 1759 1929 in
1808 1868 2043 1932 Arcana
2081 1866 2233 1933 fidei.
2303 1869 2390 1935 Ex
2427 1865 2544 1933 hac

439 1971 781 2058 „Scriptura
812 1966 932 2032 visa
962 1968 1162 2031 incidit
1194 1968 1252 2030 in
1280 1965 1695 2054 cogitationem
1740 1990 1961 2044 meam,
2014 1970 2171 2055 quod
2213 1970 2385 2036 valde
2425 1970 2543 2034 dis-

441 2072 861 2150 „criminosum
901 2072 974 2133 sit
1010 2070 1309 2134 intellectu
1348 2069 1575 2133 intrare
1615 2070 1673 2132 in
1717 2070 1995 2156 dogmata
2042 2069 2212 2148 fidei,
2278 2094 2431 2160 qnae
2469 2091 2541 2135 ex

441 2172 718 2263 „propria
749 2170 1168 2258 intelligentia,
1220 2180 1279 2235 et
1307 2171 1443 2234 inde
1469 2187 1541 2233 ex
1567 2165 1758 2246 falsis,
1811 2169 2068 2235 conflata
2109 2182 2276 2251 sunt,
2329 2183 2386 2237 et
2413 2168 2542 2261 plus

441 2272 676 2352 „adhuc
717 2270 814 2336 illa
853 2294 923 2335 ex
951 2274 1153 2338 Verbo
1196 2271 1579 2343 confirmare,
1651 2265 1791 2336 inde
1828 2270 2161 2336 occluditur
2206 2273 2544 2339 Intellectus

441 2373 781 2464 „superium
834 2383 890 2438 et
936 2374 1289 2463 pedetentim
1329 2371 1604 2449 inferius,
1674 2374 2025 2449 intantum,
2079 2383 2144 2438 ut
2177 2373 2540 2464 Theologica

441 2497 602 2555 „non
645 2474 825 2540 modo
860 2474 1270 2551 fastidiantur,
1323 2474 1425 2538 sed
1469 2475 1646 2538 etiam
1688 2475 2107 2549 obliterentur,
2160 2479 2547 2562 quemadmo-

362 2612 367 2619 ·
441 2577 621 2656 „dum
664 2577 953 2665 scriptura
1002 2577 1242 2641 chartae
1288 2575 1491 2650 tineis,
1547 2585 1603 2638 et
1642 2575 1778 2640 lana
1823 2577 2000 2663 panni
2042 2575 2268 2654 blattis,
2313 2599 2541 2666 perma-

442 2689 660 2757 „nente
702 2677 890 2743 solnm
931 2677 1231 2751 intellectu
1276 2676 1333 2739 in
1376 2675 1628 2761 politicis
1670 2698 1821 2763 quae
1857 2687 2122 2765 spectant
2160 2681 2341 2745 vitam
2375 2700 2542 2744 suam

442 2780 541 2859 „in
587 2778 848 2843 dominio
891 2779 991 2843 ubi
1032 2788 1154 2853 est,
1207 2786 1265 2841 et
1301 2778 1359 2839 in
1389 2775 1659 2859 civilibus
1687 2798 1838 2863 quae
1867 2777 2186 2846 functionis
2222 2780 2349 2863 eius
2385 2772 2541 2854 sunl,

441 2890 544 2960 „et
572 2878 631 2943 iu
662 2880 1000 2945 domesticis
1026 2901 1178 2967 quae
1208 2878 1334 2963 ejus
1362 2877 1572 2942 domus
1597 2888 1767 2953 sunt,
1821 2900 1891 2942 ac
1919 2879 1975 2941 in
2017 2878 2106 2945 bis
2147 2891 2209 2946 et
2250 2881 2363 2948 illis
2405 2902 2545 2945 con·

440 2982 644 3061 „tinue
683 2980 984 3046 osculatur
1039 2991 1350 3056 naturam,
1417 2988 1474 3042 et
1520 2979 1677 3043 illam
1721 3000 1791 3043 ex
1835 2978 2129 3046 illecebris
2169 2981 2540 3070 voluptatum

441 3082 608 3169 „ejus
645 3091 835 3158 amat,
886 3083 1035 3149 sicut
1076 3080 1399 3148 idololatra
1444 3102 1689 3146 aureum
1735 3079 1997 3168 sculptile
2044 3082 2102 3145 in
2149 3106 2257 3148 suo
2298 3084 2539 3172 gremio⁴

441 3183 659 3262 „Nunc
698 3185 834 3271 qnia
873 3184 1150 3269 dogmata
1196 3184 1253 3246 in
1283 3182 1559 3248 E'cclesiis
1589 3180 1933 3248 Christianis
1971 3181 2271 3250 hodiernis
2312 3207 2433 3250 non
2472 3204 2544 3249 ex

441 3285 718 3363 „Verbo,
769 3282 871 3351 sed
912 3308 982 3350 ex
1025 3286 1259 3374 propria
1303 3283 1720 3370 intelligentia,
1772 3292 1831 3346 et
1871 3282 2005 3347 inde
2046 3304 2117 3348 ex
2157 3284 2346 3362 falsis,
2400 3307 2545 3349 con·

442 3387 618 3466 „flata
661 3398 826 3464 sunt,
882 3398 938 3449 et
983 3407 1218 3472 quoqne
1261 3406 1362 3472 per
1393 3384 1585 3468 aliqua
1624 3407 1693 3447 ex
1724 3384 1924 3448 Verbo
1969 3384 2347 3461 confirmata,
2402 3386 2538 3452 ideo

440 3486 551 3565 „ex
579 3490 796 3553 Divina
831 3488 1069 3551 Domini
1098 3486 1479 3551 Providentia
1513 3485 1772 3549 Verbum
1806 3485 1958 3570 apud
1992 3486 2544 3552 Romano—Catho-

440 3586 623 3665 „licos
667 3589 1005 3676 ademptum
1051 3596 1134 3651 est
1173 3586 1394 3661 Laicis,
1449 3597 1505 3649 et
1548 3586 1701 3673 apud
1742 3587 2147 3652 protestantes
2185 3588 2328 3653 illud
2370 3610 2543 3677 aper·

442 3699 641 3766 ,‚tum,
694 3689 794 3752 sed
838 3710 1023 3777 usque
1063 3689 1358 3751 occlusum
1398 3710 1501 3774 per
1527 3709 1841 3753 commune
1870 3690 1988 3753 oris
2017 3688 2248 3753 illorum
2275 3687 2545 3766 effatum,

441 3789 642 3878 „quod
682 3788 1020 3852 Intellectus
1048 3788 1368 3875 captandus
1396 3791 1466 3862 sit
1494 3790 1604 3879 snb
1632 3789 1962 3853 obedientia
1991 3788 2124 3853 {idei
2155 3790 2408 3856 illorum.
2464 3789 2543 3855 At

440 3891 544 3970 „in
569 3889 746 3956 Nova
778 3888 1039 3955 Ecclesia
1085 3889 1146 3954 lit
1190 3891 1524 3967 inversum,
1590 3892 1648 3954 in
1693 3889 1803 3953 bac
1843 3890 2066 3956 licitum
2103 3884 2193 3957 est
2236 3888 2543 3956 intellectu

440 3990 709 4081 „ingredi
748 3998 805 4053 et
848 3988 1253 4080 penetrare'in
1302 3990 1499 4056 omnia
1542 3993 1667 4078 ejus
1709 3989 1984 4067 Secreta,
2055 4001 2114 4055 et
2153 4014 2392 4080 quoque
2439 4014 2546 4080 per

439 4090 741 4169 „Verbum
773 4093 1121 4158 confirmare
1150 4094 1270 4169 illa,
1324 4115 1497 4157 causa
1530 4100 1637 4167 est,
1691 4092 1825 4178 quia
1859 4091 2221 4159 Doctrinalia
2251 4095 2542 4180 ejus'sunt

441 4195 795 4271 „continuae
852 4195 1144 4260 Veritates
1205 4217 1239 4259 a
1287 4193 1547 4258 Domino
1606 4212 1709 4276 per
1765 4192 2029 4258 Verbum
2093 4197 2395 4269 detectae,
2481 4205 2543 4260 et

435 4294 954 4374 „confirmationes
994 4296 1226 4363 illarum
1273 4314 1380 4382 per
1404 4293 1715 4357 rationalia
1763 4293 2046 4371 efficiunt,
2101 4305 2164 4359 ut
2195 4294 2546 4362 Intellectus
