<?xml version="1.0" encoding="UTF-8"?>
<!DOCTYPE html PUBLIC "-//W3C//DTD XHTML 1.0 Transitional//EN"
    "http://www.w3.org/TR/xhtml1/DTD/xhtml1-transitional.dtd">
<html xmlns="http://www.w3.org/1999/xhtml" xml:lang="en" lang="en">
 <head>
  <title>
</title>
<meta http-equiv="Content-Type" content="text/html;charset=utf-8" />
  <meta name='ocr-system' content='tesseract 3.04.00' />
  <meta name='ocr-capabilities' content='ocr_page ocr_carea ocr_par ocr_line ocrx_word'/>
</head>
<body>
  <div class='ocr_page' id='page_1' title='image "./verachristianar00unkngoog_0127.png"; bbox 0 0 2750 4775; ppageno 0'>
   <div class='ocr_carea' id='block_1_1' title="bbox 21 2427 41 4099">
    <p class='ocr_par' dir='ltr' id='par_1_1' title="bbox 21 2427 41 4099">
     <span class='ocr_line' id='line_1_1' title="bbox 21 2427 41 4099; textangle 90"><span class='ocrx_word' id='word_1_1' title='bbox 21 4060 32 4099; x_wconf 73' lang='lat' dir='ltr'>-v</span> <span class='ocrx_word' id='word_1_2' title='bbox 21 3962 29 3999; x_wconf 88' lang='lat'><em>··-··</em></span> <span class='ocrx_word' id='word_1_3' title='bbox 21 3858 31 3895; x_wconf 61' lang='grc' dir='ltr'>ν·</span> <span class='ocrx_word' id='word_1_4' title='bbox 21 3736 34 3797; x_wconf 63' lang='lat' dir='ltr'>u·</span> <span class='ocrx_word' id='word_1_5' title='bbox 21 3650 34 3693; x_wconf 71' lang='grc' dir='ltr'>νι-</span> <span class='ocrx_word' id='word_1_6' title='bbox 21 3544 35 3591; x_wconf 59' lang='lat' dir='ltr'>u.</span> <span class='ocrx_word' id='word_1_7' title='bbox 21 3440 37 3490; x_wconf 62' lang='grc' dir='ltr'><strong>Ἇ</strong></span> <span class='ocrx_word' id='word_1_8' title='bbox 21 3342 37 3388; x_wconf 49' lang='lat' dir='ltr'><strong>u</strong></span> <span class='ocrx_word' id='word_1_9' title='bbox 21 3240 39 3287; x_wconf 76' lang='grc'><em>“</em></span> <span class='ocrx_word' id='word_1_10' title='bbox 28 3139 39 3180; x_wconf 71' lang='grc' dir='ltr'>ι..</span> <span class='ocrx_word' id='word_1_11' title='bbox 21 3040 39 3106; x_wconf 65' lang='lat' dir='ltr'>“w</span> <span class='ocrx_word' id='word_1_12' title='bbox 21 2938 37 2985; x_wconf 72' lang='lat'><em>-</em></span> <span class='ocrx_word' id='word_1_13' title='bbox 21 2822 41 2879; x_wconf 43' lang='lat' dir='ltr'>ss*</span> <span class='ocrx_word' id='word_1_14' title='bbox 21 2734 39 2777; x_wconf 81' lang='grc'><em>“</em></span> <span class='ocrx_word' id='word_1_15' title='bbox 21 2618 41 2677; x_wconf 78' lang='grc'>““</span> <span class='ocrx_word' id='word_1_16' title='bbox 21 2530 41 2576; x_wconf 81' lang='grc'><em>“</em></span> <span class='ocrx_word' id='word_1_17' title='bbox 36 2427 41 2462; x_wconf 81' lang='grc'>--</span> 
     </span>
    </p>
   </div>
   <div class='ocr_carea' id='block_1_2' title="bbox 436 395 2334 457">
    <p class='ocr_par' dir='ltr' id='par_1_2' title="bbox 436 395 2334 457">
     <span class='ocr_line' id='line_1_2' title="bbox 436 395 2334 457; baseline 0.004 -8"><span class='ocrx_word' id='word_1_18' title='bbox 436 398 504 453; x_wconf 83' lang='grc' dir='ltr'>Χ.</span> <span class='ocrx_word' id='word_1_19' title='bbox 582 396 1187 449; x_wconf 76' lang='grc' dir='ltr'><strong>ΒΕΡΟΒΜΑΤΙΟ</strong></span> <span class='ocrx_word' id='word_1_20' title='bbox 1242 396 1349 448; x_wconf 89' lang='grc' dir='ltr'>ΕΤ</span> <span class='ocrx_word' id='word_1_21' title='bbox 1393 395 2066 454; x_wconf 79' lang='lat' dir='ltr'><strong>REGENERATIO.</strong></span> <span class='ocrx_word' id='word_1_22' title='bbox 2228 409 2334 457; x_wconf 70' lang='lat'>119</span> 
     </span>
    </p>
   </div>
   <div class='ocr_carea' id='block_1_3' title="bbox 234 548 2339 4382">
    <p class='ocr_par' dir='ltr' id='par_1_3' title="bbox 234 548 2337 2658">
     <span class='ocr_line' id='line_1_3' title="bbox 240 548 2333 639; baseline 0 -24"><span class='ocrx_word' id='word_1_23' title='bbox 240 549 796 634; x_wconf 57' lang='lat' dir='ltr'>Quod‘dictum-sit,</span> <span class='ocrx_word' id='word_1_24' title='bbox 847 550 1003 637; x_wconf 91' lang='lat' dir='ltr'>quod</span> <span class='ocrx_word' id='word_1_25' title='bbox 1032 548 1212 617; x_wconf 88' lang='lat' dir='ltr'>homo</span> <span class='ocrx_word' id='word_1_26' title='bbox 1245 571 1346 636; x_wconf 86' lang='lat' dir='ltr'>per</span> <span class='ocrx_word' id='word_1_27' title='bbox 1378 548 1879 636; x_wconf 69' lang='lat' dir='ltr'>regenerationem</span> <span class='ocrx_word' id='word_1_28' title='bbox 1923 548 2023 614; x_wconf 81' lang='lat' dir='ltr'>liat</span> <span class='ocrx_word' id='word_1_29' title='bbox 2060 550 2333 639; x_wconf 87' lang='lat' dir='ltr'>spiritua·</span> 
     </span>
     <span class='ocr_line' id='line_1_4' title="bbox 240 648 2331 739; baseline -0 -23"><span class='ocrx_word' id='word_1_30' title='bbox 240 653 344 735; x_wconf 86' lang='lat' dir='ltr'>lis,</span> <span class='ocrx_word' id='word_1_31' title='bbox 399 674 517 715; x_wconf 90' lang='lat' dir='ltr'>non</span> <span class='ocrx_word' id='word_1_32' title='bbox 556 651 901 738; x_wconf 65' lang='lat' dir='ltr'>intelligitur</span> <span class='ocrx_word' id='word_1_33' title='bbox 940 652 1097 738; x_wconf 89' lang='lat' dir='ltr'>quod</span> <span class='ocrx_word' id='word_1_34' title='bbox 1140 648 1242 715; x_wconf 86' lang='lat' dir='ltr'>fiat</span> <span class='ocrx_word' id='word_1_35' title='bbox 1274 650 1593 738; x_wconf 83' lang='lat' dir='ltr'>spiritualis</span> <span class='ocrx_word' id='word_1_36' title='bbox 1637 650 1821 737; x_wconf 87' lang='lat' dir='ltr'>qualis</span> <span class='ocrx_word' id='word_1_37' title='bbox 1855 661 1945 715; x_wconf 80' lang='lat' dir='ltr'>est</span> <span class='ocrx_word' id='word_1_38' title='bbox 1974 649 2233 739; x_wconf 80' lang='lat' dir='ltr'>Angelus</span> <span class='ocrx_word' id='word_1_39' title='bbox 2269 652 2331 716; x_wconf 90' lang='lat' dir='ltr'>in</span> 
     </span>
     <span class='ocr_line' id='line_1_5' title="bbox 237 738 2329 847; baseline -0 -28"><span class='ocrx_word' id='word_1_40' title='bbox 237 775 334 830; x_wconf 85' lang='lat' dir='ltr'>se,</span> <span class='ocrx_word' id='word_1_41' title='bbox 389 753 489 818; x_wconf 87' lang='lat' dir='ltr'>sed</span> <span class='ocrx_word' id='word_1_42' title='bbox 537 738 693 840; x_wconf 83' lang='lat' dir='ltr'>quod</span> <span class='ocrx_word' id='word_1_43' title='bbox 734 751 835 818; x_wconf 88' lang='lat' dir='ltr'>fiat</span> <span class='ocrx_word' id='word_1_44' title='bbox 872 752 1188 841; x_wconf 82' lang='lat' dir='ltr'>spiritualis</span> <span class='ocrx_word' id='word_1_45' title='bbox 1227 751 1538 847; x_wconf 72' lang='lat' dir='ltr'>naturalis,</span> <span class='ocrx_word' id='word_1_46' title='bbox 1590 750 1703 814; x_wconf 88' lang='lat' dir='ltr'>hoc</span> <span class='ocrx_word' id='word_1_47' title='bbox 1735 761 1853 826; x_wconf 67' lang='lat' dir='ltr'>est,</span> <span class='ocrx_word' id='word_1_48' title='bbox 1906 753 2059 840; x_wconf 91' lang='lat' dir='ltr'>quod</span> <span class='ocrx_word' id='word_1_49' title='bbox 2087 753 2243 819; x_wconf 87' lang='lat' dir='ltr'>intus</span> <span class='ocrx_word' id='word_1_50' title='bbox 2268 753 2329 818; x_wconf 88' lang='lat' dir='ltr'>in</span> 
     </span>
     <span class='ocr_line' id='line_1_6' title="bbox 236 852 2332 942; baseline -0.002 -19"><span class='ocrx_word' id='word_1_51' title='bbox 236 856 370 942; x_wconf 76' lang='lat' dir='ltr'>ejus</span> <span class='ocrx_word' id='word_1_52' title='bbox 395 854 649 919; x_wconf 82' lang='lat' dir='ltr'>naturali</span> <span class='ocrx_word' id='word_1_53' title='bbox 675 853 752 917; x_wconf 84' lang='lat' dir='ltr'>‘sit</span> <span class='ocrx_word' id='word_1_54' title='bbox 778 853 1110 942; x_wconf 73' lang='lat' dir='ltr'>spirituale,</span> <span class='ocrx_word' id='word_1_55' title='bbox 1163 853 1237 918; x_wconf 91' lang='lat' dir='ltr'>ad</span> <span class='ocrx_word' id='word_1_56' title='bbox 1264 852 1700 918; x_wconf 87' lang='lat' dir='ltr'>similitudinem</span> <span class='ocrx_word' id='word_1_57' title='bbox 1736 853 1885 919; x_wconf 85' lang='lat' dir='ltr'>sicut</span> <span class='ocrx_word' id='word_1_58' title='bbox 1925 854 2204 941; x_wconf 81' lang='lat' dir='ltr'>cogitatio</span> <span class='ocrx_word' id='word_1_59' title='bbox 2246 866 2332 921; x_wconf 88' lang='lat' dir='ltr'>est</span> 
     </span>
     <span class='ocr_line' id='line_1_7' title="bbox 236 954 2334 1042; baseline 0 -22"><span class='ocrx_word' id='word_1_60' title='bbox 236 957 300 1020; x_wconf 90' lang='lat' dir='ltr'>in</span> <span class='ocrx_word' id='word_1_61' title='bbox 327 956 596 1042; x_wconf 79' lang='lat' dir='ltr'>loquela,</span> <span class='ocrx_word' id='word_1_62' title='bbox 651 964 710 1018; x_wconf 90' lang='lat' dir='ltr'>et</span> <span class='ocrx_word' id='word_1_63' title='bbox 736 955 884 1019; x_wconf 88' lang='lat' dir='ltr'>sicut</span> <span class='ocrx_word' id='word_1_64' title='bbox 910 956 1183 1020; x_wconf 85' lang='lat' dir='ltr'>voluntas</span> <span class='ocrx_word' id='word_1_65' title='bbox 1206 956 1267 1019; x_wconf 87' lang='lat' dir='ltr'>in</span> <span class='ocrx_word' id='word_1_66' title='bbox 1299 954 1561 1028; x_wconf 87' lang='lat' dir='ltr'>actione,</span> <span class='ocrx_word' id='word_1_67' title='bbox 1614 974 1747 1017; x_wconf 83' lang='lat' dir='ltr'>nam</span> <span class='ocrx_word' id='word_1_68' title='bbox 1778 964 2038 1018; x_wconf 81' lang='lat' dir='ltr'>cessante</span> <span class='ocrx_word' id='word_1_69' title='bbox 2065 976 2180 1020; x_wconf 85' lang='lat' dir='ltr'>una</span> <span class='ocrx_word' id='word_1_70' title='bbox 2213 975 2334 1020; x_wconf 89' lang='lat' dir='ltr'>ces-</span> 
     </span>
     <span class='ocr_line' id='line_1_8' title="bbox 234 1053 2336 1144; baseline -0.001 -22"><span class='ocrx_word' id='word_1_71' title='bbox 234 1066 333 1123; x_wconf 84' lang='lat' dir='ltr'>sat</span> <span class='ocrx_word' id='word_1_72' title='bbox 354 1057 577 1128; x_wconf 82' lang='lat' dir='ltr'>altera;</span> <span class='ocrx_word' id='word_1_73' title='bbox 628 1056 890 1120; x_wconf 86' lang='lat' dir='ltr'>similiter</span> <span class='ocrx_word' id='word_1_74' title='bbox 919 1066 1005 1121; x_wconf 82' lang='lat' dir='ltr'>est</span> <span class='ocrx_word' id='word_1_75' title='bbox 1031 1056 1293 1144; x_wconf 83' lang='lat' dir='ltr'>Spiritus</span> <span class='ocrx_word' id='word_1_76' title='bbox 1312 1054 1566 1119; x_wconf 86' lang='lat' dir='ltr'>hominis</span> <span class='ocrx_word' id='word_1_77' title='bbox 1601 1055 1666 1117; x_wconf 85' lang='lat' dir='ltr'>-in</span> <span class='ocrx_word' id='word_1_78' title='bbox 1706 1056 1948 1140; x_wconf 88' lang='lat' dir='ltr'>singulis</span> <span class='ocrx_word' id='word_1_79' title='bbox 1990 1076 2139 1143; x_wconf 83' lang='lat' dir='ltr'>quae</span> <span class='ocrx_word' id='word_1_80' title='bbox 2186 1053 2336 1119; x_wconf 83' lang='lat' dir='ltr'>fiunt</span> 
     </span>
     <span class='ocr_line' id='line_1_9' title="bbox 237 1155 2333 1244; baseline -0.001 -23"><span class='ocrx_word' id='word_1_81' title='bbox 237 1159 304 1222; x_wconf 87' lang='lat' dir='ltr'>in</span> <span class='ocrx_word' id='word_1_82' title='bbox 347 1178 626 1244; x_wconf 85' lang='lat' dir='ltr'>corpore,</span> <span class='ocrx_word' id='word_1_83' title='bbox 691 1167 750 1220; x_wconf 85' lang='lat' dir='ltr'>et</span> <span class='ocrx_word' id='word_1_84' title='bbox 793 1156 890 1219; x_wconf 91' lang='lat' dir='ltr'>hic</span> <span class='ocrx_word' id='word_1_85' title='bbox 931 1167 1019 1222; x_wconf 92' lang='lat' dir='ltr'>est</span> <span class='ocrx_word' id='word_1_86' title='bbox 1060 1158 1161 1244; x_wconf 89' lang='lat' dir='ltr'>qui</span> <span class='ocrx_word' id='word_1_87' title='bbox 1203 1157 1324 1243; x_wconf 80' lang='lat' dir='ltr'>agit</span> <span class='ocrx_word' id='word_1_88' title='bbox 1364 1155 1636 1220; x_wconf 84' lang='lat' dir='ltr'>naturale</span> <span class='ocrx_word' id='word_1_89' title='bbox 1681 1156 1753 1218; x_wconf 89' lang='lat' dir='ltr'>ad</span> <span class='ocrx_word' id='word_1_90' title='bbox 1801 1157 2131 1225; x_wconf 84' lang='lat' dir='ltr'>faciendum</span> <span class='ocrx_word' id='word_1_91' title='bbox 2173 1156 2333 1244; x_wconf 89' lang='lat' dir='ltr'>quod</span> 
     </span>
     <span class='ocr_line' id='line_1_10' title="bbox 238 1248 2335 1346; baseline -0.001 -23"><span class='ocrx_word' id='word_1_92' title='bbox 238 1259 421 1330; x_wconf 61' lang='lat' dir='ltr'>facin</span> <span class='ocrx_word' id='word_1_93' title='bbox 480 1257 746 1322; x_wconf 84' lang='lat' dir='ltr'>naturale</span> <span class='ocrx_word' id='word_1_94' title='bbox 776 1257 836 1320; x_wconf 90' lang='lat' dir='ltr'>in</span> <span class='ocrx_word' id='word_1_95' title='bbox 879 1280 942 1322; x_wconf 82' lang='lat' dir='ltr'>se-</span> <span class='ocrx_word' id='word_1_96' title='bbox 979 1267 1302 1346; x_wconf 86' lang='lat' dir='ltr'>spectatum</span> <span class='ocrx_word' id='word_1_97' title='bbox 1344 1268 1433 1322; x_wconf 90' lang='lat' dir='ltr'>est</span> <span class='ocrx_word' id='word_1_98' title='bbox 1476 1248 1764 1344; x_wconf 62' lang='lat' dir='ltr'>passivum</span> <span class='ocrx_word' id='word_1_99' title='bbox 1808 1279 1911 1322; x_wconf 86' lang='lat' dir='ltr'>seu</span> <span class='ocrx_word' id='word_1_100' title='bbox 1952 1257 2039 1322; x_wconf 87' lang='lat' dir='ltr'>vis</span> <span class='ocrx_word' id='word_1_101' title='bbox 2083 1266 2335 1337; x_wconf 84' lang='lat' dir='ltr'>mortua,</span> 
     </span>
     <span class='ocr_line' id='line_1_11' title="bbox 237 1359 2336 1449; baseline -0 -23"><span class='ocrx_word' id='word_1_102' title='bbox 237 1361 547 1449; x_wconf 79' lang='lat' dir='ltr'>spirituale</span> <span class='ocrx_word' id='word_1_103' title='bbox 587 1369 781 1427; x_wconf 78' lang='lat' dir='ltr'>autem</span> <span class='ocrx_word' id='word_1_104' title='bbox 824 1368 911 1423; x_wconf 82' lang='lat' dir='ltr'>est</span> <span class='ocrx_word' id='word_1_105' title='bbox 954 1362 1211 1424; x_wconf 86' lang='lat' dir='ltr'>activum</span> <span class='ocrx_word' id='word_1_106' title='bbox 1254 1381 1358 1424; x_wconf 89' lang='lat' dir='ltr'>seu</span> <span class='ocrx_word' id='word_1_107' title='bbox 1405 1359 1492 1422; x_wconf 76' lang='lat' dir='ltr'>vis</span> <span class='ocrx_word' id='word_1_108' title='bbox 1533 1360 1699 1431; x_wconf 82' lang='lat' dir='ltr'>viva,</span> <span class='ocrx_word' id='word_1_109' title='bbox 1767 1360 2057 1443; x_wconf 81' lang='lat' dir='ltr'>passivum</span> <span class='ocrx_word' id='word_1_110' title='bbox 2103 1382 2205 1425; x_wconf 90' lang='lat' dir='ltr'>seu</span> <span class='ocrx_word' id='word_1_111' title='bbox 2248 1361 2336 1425; x_wconf 81' lang='lat' dir='ltr'>vis</span> 
     </span>
     <span class='ocr_line' id='line_1_12' title="bbox 238 1459 2335 1549; baseline -0.001 -21"><span class='ocrx_word' id='word_1_112' title='bbox 238 1472 482 1528; x_wconf 88' lang='lat' dir='ltr'>mortua</span> <span class='ocrx_word' id='word_1_113' title='bbox 512 1483 630 1524; x_wconf 90' lang='lat' dir='ltr'>non</span> <span class='ocrx_word' id='word_1_114' title='bbox 659 1469 846 1549; x_wconf 85' lang='lat' dir='ltr'>potest</span> <span class='ocrx_word' id='word_1_115' title='bbox 875 1480 1050 1547; x_wconf 84' lang='lat' dir='ltr'>agere</span> <span class='ocrx_word' id='word_1_116' title='bbox 1078 1483 1147 1526; x_wconf 83' lang='lat' dir='ltr'>ex</span> <span class='ocrx_word' id='word_1_117' title='bbox 1172 1482 1267 1536; x_wconf 88' lang='lat' dir='ltr'>se,</span> <span class='ocrx_word' id='word_1_118' title='bbox 1317 1461 1419 1525; x_wconf 82' lang='lat' dir='ltr'>sed</span> <span class='ocrx_word' id='word_1_119' title='bbox 1441 1461 1731 1543; x_wconf 82' lang='lat' dir='ltr'>agendum</span> <span class='ocrx_word' id='word_1_120' title='bbox 1762 1470 1850 1524; x_wconf 86' lang='lat' dir='ltr'>cst</span> <span class='ocrx_word' id='word_1_121' title='bbox 1881 1461 1957 1524; x_wconf 86' lang='lat' dir='ltr'>ab</span> <span class='ocrx_word' id='word_1_122' title='bbox 2000 1459 2195 1527; x_wconf 84' lang='lat' dir='ltr'>activo</span> <span class='ocrx_word' id='word_1_123' title='bbox 2232 1483 2335 1526; x_wconf 80' lang='lat' dir='ltr'>seu</span> 
     </span>
     <span class='ocr_line' id='line_1_13' title="bbox 239 1560 2337 1647; baseline -0.002 -18"><span class='ocrx_word' id='word_1_124' title='bbox 239 1566 306 1629; x_wconf 80' lang='lat' dir='ltr'>vi</span> <span class='ocrx_word' id='word_1_125' title='bbox 336 1564 490 1627; x_wconf 87' lang='lat' dir='ltr'>viva.</span> <span class='ocrx_word' id='word_1_126' title='bbox 548 1562 842 1642; x_wconf 76' lang='lat' dir='ltr'>Quoniam</span> <span class='ocrx_word' id='word_1_127' title='bbox 872 1560 1049 1628; x_wconf 88' lang='lat' dir='ltr'>homo</span> <span class='ocrx_word' id='word_1_128' title='bbox 1087 1564 1147 1625; x_wconf 90' lang='lat' dir='ltr'>in</span> <span class='ocrx_word' id='word_1_129' title='bbox 1187 1563 1598 1626; x_wconf 86' lang='lat' dir='ltr'>communione</span> <span class='ocrx_word' id='word_1_130' title='bbox 1640 1582 1778 1623; x_wconf 82' lang='lat' dir='ltr'>cum·</span> <span class='ocrx_word' id='word_1_131' title='bbox 1815 1561 2103 1647; x_wconf 86' lang='lat' dir='ltr'>indigenis</span> <span class='ocrx_word' id='word_1_132' title='bbox 2127 1562 2337 1628; x_wconf 82' lang='lat' dir='ltr'>Mundi</span> 
     </span>
     <span class='ocr_line' id='line_1_14' title="bbox 236 1662 2334 1757; baseline -0.002 -26"><span class='ocrx_word' id='word_1_133' title='bbox 236 1663 560 1753; x_wconf 82' lang='lat' dir='ltr'>spiritualis</span> <span class='ocrx_word' id='word_1_134' title='bbox 586 1667 860 1729; x_wconf 81' lang='lat' dir='ltr'>continue</span> <span class='ocrx_word' id='word_1_135' title='bbox 890 1665 1074 1739; x_wconf 82' lang='lat' dir='ltr'>vivit,</span> <span class='ocrx_word' id='word_1_136' title='bbox 1127 1664 1257 1726; x_wconf 88' lang='lat' dir='ltr'>ideo</span> <span class='ocrx_word' id='word_1_137' title='bbox 1286 1664 1507 1737; x_wconf 84' lang='lat' dir='ltr'>etiam,</span> <span class='ocrx_word' id='word_1_138' title='bbox 1562 1684 1694 1757; x_wconf 22' lang='lat' dir='ltr'>culm</span> <span class='ocrx_word' id='word_1_139' title='bbox 1742 1684 1773 1724; x_wconf 90' lang='lat' dir='ltr'>e</span> <span class='ocrx_word' id='word_1_140' title='bbox 1813 1662 2039 1729; x_wconf 88' lang='lat' dir='ltr'>Mundo</span> <span class='ocrx_word' id='word_1_141' title='bbox 2078 1664 2334 1727; x_wconf 85' lang='lat' dir='ltr'>naturali</span> 
     </span>
     <span class='ocr_line' id='line_1_15' title="bbox 238 1763 2335 1848; baseline -0.001 -18"><span class='ocrx_word' id='word_1_142' title='bbox 238 1765 489 1840; x_wconf 80' lang='lat' dir='ltr'>excedit,</span> <span class='ocrx_word' id='word_1_143' title='bbox 540 1765 735 1829; x_wconf 82' lang='lat' dir='ltr'>statim</span> <span class='ocrx_word' id='word_1_144' title='bbox 762 1766 1037 1831; x_wconf 85' lang='lat' dir='ltr'>inseritur</span> <span class='ocrx_word' id='word_1_145' title='bbox 1061 1764 1373 1840; x_wconf 80' lang='lat' dir='ltr'>similibus,</span> <span class='ocrx_word' id='word_1_146' title='bbox 1428 1785 1560 1827; x_wconf 89' lang='lat' dir='ltr'>cum</span> <span class='ocrx_word' id='word_1_147' title='bbox 1589 1763 1800 1848; x_wconf 85' lang='lat' dir='ltr'>quibus</span> <span class='ocrx_word' id='word_1_148' title='bbox 1853 1763 2130 1829; x_wconf 86' lang='lat' dir='ltr'>fueratin</span> <span class='ocrx_word' id='word_1_149' title='bbox 2159 1766 2335 1830; x_wconf 87' lang='lat' dir='ltr'>Mun-</span> 
     </span>
     <span class='ocr_line' id='line_1_16' title="bbox 239 1865 2335 1952; baseline -0.002 -18"><span class='ocrx_word' id='word_1_150' title='bbox 239 1870 354 1941; x_wconf 86' lang='lat' dir='ltr'>do;</span> <span class='ocrx_word' id='word_1_151' title='bbox 407 1868 543 1930; x_wconf 88' lang='lat' dir='ltr'>inde</span> <span class='ocrx_word' id='word_1_152' title='bbox 568 1875 687 1940; x_wconf 86' lang='lat' dir='ltr'>est,</span> <span class='ocrx_word' id='word_1_153' title='bbox 741 1866 897 1952; x_wconf 88' lang='lat' dir='ltr'>quod</span> <span class='ocrx_word' id='word_1_154' title='bbox 929 1867 1325 1952; x_wconf 86' lang='lat' dir='ltr'>unusquisque</span> <span class='ocrx_word' id='word_1_155' title='bbox 1356 1875 1485 1952; x_wconf 88' lang='lat' dir='ltr'>post</span> <span class='ocrx_word' id='word_1_156' title='bbox 1517 1873 1765 1928; x_wconf 86' lang='lat' dir='ltr'>mortem</span> <span class='ocrx_word' id='word_1_157' title='bbox 1794 1865 2066 1930; x_wconf 78' lang='lat' dir='ltr'>videatur</span> <span class='ocrx_word' id='word_1_158' title='bbox 2089 1865 2199 1930; x_wconf 88' lang='lat' dir='ltr'>sibi</span> <span class='ocrx_word' id='word_1_159' title='bbox 2224 1866 2335 1931; x_wconf 88' lang='lat' dir='ltr'>sic·</span> 
     </span>
     <span class='ocr_line' id='line_1_17' title="bbox 236 1952 2333 2054; baseline -0.001 -20"><span class='ocrx_word' id='word_1_160' title='bbox 236 1980 309 2034; x_wconf 83' lang='lat' dir='ltr'>ut</span> <span class='ocrx_word' id='word_1_161' title='bbox 332 1968 528 2033; x_wconf 64' lang='lat' dir='ltr'>adhuc</span> <span class='ocrx_word' id='word_1_162' title='bbox 568 1952 795 2035; x_wconf 57' lang='lat' dir='ltr'>vireret</span> <span class='ocrx_word' id='word_1_163' title='bbox 820 1967 880 2029; x_wconf 91' lang='lat' dir='ltr'>in</span> <span class='ocrx_word' id='word_1_164' title='bbox 908 1967 1153 2043; x_wconf 89' lang='lat' dir='ltr'>Mundo,</span> <span class='ocrx_word' id='word_1_165' title='bbox 1197 1988 1332 2029; x_wconf 85' lang='lat' dir='ltr'>nam</span> <span class='ocrx_word' id='word_1_166' title='bbox 1364 1975 1504 2028; x_wconf 88' lang='lat' dir='ltr'>tunc</span> <span class='ocrx_word' id='word_1_167' title='bbox 1531 1988 1662 2028; x_wconf 90' lang='lat' dir='ltr'>cum</span> <span class='ocrx_word' id='word_1_168' title='bbox 1691 1966 1975 2031; x_wconf 85' lang='lat' dir='ltr'>similibus</span> <span class='ocrx_word' id='word_1_169' title='bbox 2018 1967 2212 2054; x_wconf 73' lang='lat' dir='ltr'>quoad</span> <span class='ocrx_word' id='word_1_170' title='bbox 2246 1966 2333 2031; x_wconf 82' lang='lat' dir='ltr'>af-</span> 
     </span>
     <span class='ocr_line' id='line_1_18' title="bbox 236 2064 2334 2157; baseline -0 -23"><span class='ocrx_word' id='word_1_171' title='bbox 236 2068 523 2134; x_wconf 80' lang='lat' dir='ltr'>fectiones</span> <span class='ocrx_word' id='word_1_172' title='bbox 549 2089 691 2132; x_wconf 84' lang='lat' dir='ltr'>suae</span> <span class='ocrx_word' id='word_1_173' title='bbox 719 2068 1055 2142; x_wconf 78' lang='lat' dir='ltr'>voluntatis,</span> <span class='ocrx_word' id='word_1_174' title='bbox 1097 2064 1155 2130; x_wconf 87' lang='lat' dir='ltr'>in</span> <span class='ocrx_word' id='word_1_175' title='bbox 1184 2067 1544 2157; x_wconf 80' lang='lat' dir='ltr'>consortium</span> <span class='ocrx_word' id='word_1_176' title='bbox 1574 2068 1751 2140; x_wconf 87' lang='lat' dir='ltr'>venit,</span> <span class='ocrx_word' id='word_1_177' title='bbox 1782 2089 1927 2154; x_wconf 92' lang='lat' dir='ltr'>quos</span> <span class='ocrx_word' id='word_1_178' title='bbox 1955 2077 2096 2132; x_wconf 84' lang='lat' dir='ltr'>tunc</span> <span class='ocrx_word' id='word_1_179' title='bbox 2121 2088 2334 2154; x_wconf 89' lang='lat' dir='ltr'>agnos-</span> 
     </span>
     <span class='ocr_line' id='line_1_19' title="bbox 245 2167 2333 2254; baseline -0.002 -19"><span class='ocrx_word' id='word_1_180' title='bbox 245 2173 357 2246; x_wconf 89' lang='lat' dir='ltr'>cit,</span> <span class='ocrx_word' id='word_1_181' title='bbox 410 2168 677 2234; x_wconf 81' lang='lat' dir='ltr'>similiter</span> <span class='ocrx_word' id='word_1_182' title='bbox 707 2177 770 2230; x_wconf 79' lang='lat' dir='ltr'>ut</span> <span class='ocrx_word' id='word_1_183' title='bbox 798 2167 1108 2254; x_wconf 28' lang='lat' dir='ltr'>prop-inqui</span> <span class='ocrx_word' id='word_1_184' title='bbox 1146 2177 1207 2232; x_wconf 85' lang='lat' dir='ltr'>et</span> <span class='ocrx_word' id='word_1_185' title='bbox 1246 2167 1444 2231; x_wconf 87' lang='lat' dir='ltr'>affines</span> <span class='ocrx_word' id='word_1_186' title='bbox 1476 2178 1798 2253; x_wconf 83' lang='lat' dir='ltr'>agnoscunt</span> <span class='ocrx_word' id='word_1_187' title='bbox 1823 2191 1959 2232; x_wconf 90' lang='lat' dir='ltr'>suos</span> <span class='ocrx_word' id='word_1_188' title='bbox 1984 2169 2044 2232; x_wconf 91' lang='lat' dir='ltr'>in</span> <span class='ocrx_word' id='word_1_189' title='bbox 2072 2169 2333 2235; x_wconf 81' lang='lat' dir='ltr'>Mundo:</span> 
     </span>
     <span class='ocr_line' id='line_1_20' title="bbox 241 2267 2332 2357; baseline -0.002 -22"><span class='ocrx_word' id='word_1_190' title='bbox 241 2284 305 2336; x_wconf 83' lang='lat' dir='ltr'>et</span> <span class='ocrx_word' id='word_1_191' title='bbox 339 2272 454 2333; x_wconf 81' lang='lat' dir='ltr'>hoc</span> <span class='ocrx_word' id='word_1_192' title='bbox 481 2277 586 2343; x_wconf 83' lang='lat' dir='ltr'>est,</span> <span class='ocrx_word' id='word_1_193' title='bbox 639 2268 796 2356; x_wconf 87' lang='lat' dir='ltr'>qnod</span> <span class='ocrx_word' id='word_1_194' title='bbox 824 2268 882 2334; x_wconf 87' lang='lat' dir='ltr'>in</span> <span class='ocrx_word' id='word_1_195' title='bbox 914 2268 1112 2332; x_wconf 87' lang='lat' dir='ltr'>Verbo</span> <span class='ocrx_word' id='word_1_196' title='bbox 1144 2267 1356 2331; x_wconf 86' lang='lat' dir='ltr'>dicitur</span> <span class='ocrx_word' id='word_1_197' title='bbox 1385 2268 1458 2330; x_wconf 88' lang='lat' dir='ltr'>de</span> <span class='ocrx_word' id='word_1_198' title='bbox 1485 2269 1595 2331; x_wconf 88' lang='lat' dir='ltr'>illis</span> <span class='ocrx_word' id='word_1_199' title='bbox 1636 2272 1731 2354; x_wconf 87' lang='lat' dir='ltr'>qui</span> <span class='ocrx_word' id='word_1_200' title='bbox 1776 2270 2132 2346; x_wconf 84' lang='lat' dir='ltr'>moriuntur,</span> <span class='ocrx_word' id='word_1_201' title='bbox 2174 2269 2332 2357; x_wconf 89' lang='lat' dir='ltr'>quod</span> 
     </span>
     <span class='ocr_line' id='line_1_21' title="bbox 234 2366 2335 2464; baseline 0 -28"><span class='ocrx_word' id='word_1_202' title='bbox 234 2369 596 2464; x_wconf 33' lang='lat' dir='ltr'>‘congregati</span> <span class='ocrx_word' id='word_1_203' title='bbox 626 2378 683 2433; x_wconf 88' lang='lat' dir='ltr'>et</span> <span class='ocrx_word' id='word_1_204' title='bbox 710 2366 940 2432; x_wconf 85' lang='lat' dir='ltr'>collecti</span> <span class='ocrx_word' id='word_1_205' title='bbox 966 2368 1081 2435; x_wconf 84' lang='lat' dir='ltr'>sint</span> <span class='ocrx_word' id='word_1_206' title='bbox 1108 2369 1185 2433; x_wconf 85' lang='lat' dir='ltr'>ad</span> <span class='ocrx_word' id='word_1_207' title='bbox 1209 2391 1359 2434; x_wconf 91' lang='lat' dir='ltr'>suos.</span> <span class='ocrx_word' id='word_1_208' title='bbox 1417 2369 1503 2435; x_wconf 82' lang='lat' dir='ltr'>Ex</span> <span class='ocrx_word' id='word_1_209' title='bbox 1529 2369 1617 2434; x_wconf 87' lang='lat' dir='ltr'>his</span> <span class='ocrx_word' id='word_1_210' title='bbox 1646 2392 1799 2434; x_wconf 89' lang='lat' dir='ltr'>nunc</span> <span class='ocrx_word' id='word_1_211' title='bbox 1828 2380 2098 2438; x_wconf 79' lang='lat' dir='ltr'>constare</span> <span class='ocrx_word' id='word_1_212' title='bbox 2125 2380 2335 2459; x_wconf 86' lang='lat' dir='ltr'>potest,</span> 
     </span>
     <span class='ocr_line' id='line_1_22' title="bbox 252 2471 2333 2562; baseline 0 -26"><span class='ocrx_word' id='word_1_213' title='bbox 252 2472 414 2560; x_wconf 89' lang='lat' dir='ltr'>quod</span> <span class='ocrx_word' id='word_1_214' title='bbox 454 2471 632 2535; x_wconf 89' lang='lat' dir='ltr'>homo</span> <span class='ocrx_word' id='word_1_215' title='bbox 675 2480 1054 2555; x_wconf 84' lang='lat' dir='ltr'>regeneratus</span> <span class='ocrx_word' id='word_1_216' title='bbox 1080 2471 1154 2535; x_wconf 84' lang='lat' dir='ltr'>sit</span> <span class='ocrx_word' id='word_1_217' title='bbox 1178 2472 1235 2534; x_wconf 89' lang='lat' dir='ltr'>in</span> <span class='ocrx_word' id='word_1_218' title='bbox 1281 2472 1691 2537; x_wconf 86' lang='lat' dir='ltr'>communione</span> <span class='ocrx_word' id='word_1_219' title='bbox 1728 2491 1857 2535; x_wconf 82' lang='lat' dir='ltr'>cum</span> <span class='ocrx_word' id='word_1_220' title='bbox 1886 2474 2127 2562; x_wconf 81' lang='lat' dir='ltr'>Angelis</span> <span class='ocrx_word' id='word_1_221' title='bbox 2152 2473 2333 2553; x_wconf 82' lang='lat' dir='ltr'>Caeli,</span> 
     </span>
     <span class='ocr_line' id='line_1_23' title="bbox 249 2572 1610 2658; baseline 0 -22"><span class='ocrx_word' id='word_1_222' title='bbox 249 2582 313 2637; x_wconf 83' lang='lat' dir='ltr'>et</span> <span class='ocrx_word' id='word_1_223' title='bbox 340 2591 459 2636; x_wconf 89' lang='lat' dir='ltr'>non</span> <span class='ocrx_word' id='word_1_224' title='bbox 487 2580 867 2658; x_wconf 79' lang='lat' dir='ltr'>regeneratus</span> <span class='ocrx_word' id='word_1_225' title='bbox 901 2593 1030 2636; x_wconf 90' lang='lat' dir='ltr'>cum</span> <span class='ocrx_word' id='word_1_226' title='bbox 1059 2573 1354 2658; x_wconf 85' lang='lat' dir='ltr'>spiritibus</span> <span class='ocrx_word' id='word_1_227' title='bbox 1381 2572 1610 2637; x_wconf 85' lang='lat' dir='ltr'>inferni.</span> 
     </span>
    </p>

    <p class='ocr_par' dir='ltr' id='par_1_4' title="bbox 239 2673 2339 4382">
     <span class='ocr_line' id='line_1_24' title="bbox 400 2673 2333 2760; baseline 0.002 -23"><span class='ocrx_word' id='word_1_228' title='bbox 400 2678 545 2738; x_wconf 83' lang='grc'><strong>608.</strong></span> <span class='ocrx_word' id='word_1_229' title='bbox 598 2673 912 2738; x_wconf 83' lang='lat' dir='ltr'>Sciendum</span> <span class='ocrx_word' id='word_1_230' title='bbox 954 2683 1072 2747; x_wconf 87' lang='lat' dir='ltr'>est,</span> <span class='ocrx_word' id='word_1_231' title='bbox 1121 2674 1279 2760; x_wconf 87' lang='lat' dir='ltr'>quod</span> <span class='ocrx_word' id='word_1_232' title='bbox 1315 2684 1443 2740; x_wconf 79' lang='lat' dir='ltr'>tres</span> <span class='ocrx_word' id='word_1_233' title='bbox 1475 2673 1635 2739; x_wconf 89' lang='lat' dir='ltr'>Caeli</span> <span class='ocrx_word' id='word_1_234' title='bbox 1672 2676 1819 2752; x_wconf 82' lang='lat' dir='ltr'>sint,</span> <span class='ocrx_word' id='word_1_235' title='bbox 1872 2686 1932 2741; x_wconf 85' lang='lat' dir='ltr'>et</span> <span class='ocrx_word' id='word_1_236' title='bbox 1971 2675 2053 2742; x_wconf 88' lang='lat' dir='ltr'>illi</span> <span class='ocrx_word' id='word_1_237' title='bbox 2090 2676 2244 2742; x_wconf 90' lang='lat' dir='ltr'>inter</span> <span class='ocrx_word' id='word_1_238' title='bbox 2268 2697 2333 2741; x_wconf 85' lang='lat' dir='ltr'>se</span> 
     </span>
     <span class='ocr_line' id='line_1_25' title="bbox 242 2765 2333 2864; baseline -0 -23"><span class='ocrx_word' id='word_1_239' title='bbox 242 2765 503 2842; x_wconf 78' lang='lat' dir='ltr'>distincti</span> <span class='ocrx_word' id='word_1_240' title='bbox 547 2775 864 2839; x_wconf 89' lang='lat' dir='ltr'>secundum</span> <span class='ocrx_word' id='word_1_241' title='bbox 907 2784 1026 2839; x_wconf 79' lang='lat' dir='ltr'>tres</span> <span class='ocrx_word' id='word_1_242' title='bbox 1061 2776 1277 2860; x_wconf 85' lang='lat' dir='ltr'>gradus</span> <span class='ocrx_word' id='word_1_243' title='bbox 1316 2775 1533 2840; x_wconf 85' lang='lat' dir='ltr'>amoris</span> <span class='ocrx_word' id='word_1_244' title='bbox 1573 2787 1632 2840; x_wconf 88' lang='lat' dir='ltr'>et</span> <span class='ocrx_word' id='word_1_245' title='bbox 1670 2779 2019 2864; x_wconf 80' lang='lat' dir='ltr'>sapientiae,</span> <span class='ocrx_word' id='word_1_246' title='bbox 2073 2786 2136 2840; x_wconf 85' lang='lat' dir='ltr'>et</span> <span class='ocrx_word' id='word_1_247' title='bbox 2177 2777 2333 2864; x_wconf 89' lang='lat' dir='ltr'>quod</span> 
     </span>
     <span class='ocr_line' id='line_1_26' title="bbox 242 2875 2337 2964; baseline 0 -23"><span class='ocrx_word' id='word_1_248' title='bbox 242 2877 424 2942; x_wconf 84' lang='lat' dir='ltr'>homo</span> <span class='ocrx_word' id='word_1_249' title='bbox 451 2876 771 2941; x_wconf 86' lang='lat' dir='ltr'>secundum</span> <span class='ocrx_word' id='word_1_250' title='bbox 800 2876 1408 2961; x_wconf 73' lang='lat' dir='ltr'>regenerationem‘sit</span> <span class='ocrx_word' id='word_1_251' title='bbox 1435 2877 1494 2940; x_wconf 89' lang='lat' dir='ltr'>in</span> <span class='ocrx_word' id='word_1_252' title='bbox 1536 2878 1950 2943; x_wconf 86' lang='lat' dir='ltr'>communione</span> <span class='ocrx_word' id='word_1_253' title='bbox 1981 2899 2111 2942; x_wconf 88' lang='lat' dir='ltr'>cum</span> <span class='ocrx_word' id='word_1_254' title='bbox 2140 2875 2337 2964; x_wconf 86' lang='lat' dir='ltr'>Ange-</span> 
     </span>
     <span class='ocr_line' id='line_1_27' title="bbox 242 2977 2333 3065; baseline -0 -21"><span class='ocrx_word' id='word_1_255' title='bbox 242 2979 317 3045; x_wconf 89' lang='lat' dir='ltr'>lis</span> <span class='ocrx_word' id='word_1_256' title='bbox 349 3000 420 3046; x_wconf 69' lang='grc' dir='ltr'>εκ</span> <span class='ocrx_word' id='word_1_257' title='bbox 465 2980 654 3044; x_wconf 85' lang='lat' dir='ltr'>tribus</span> <span class='ocrx_word' id='word_1_258' title='bbox 686 2977 797 3042; x_wconf 83' lang='lat' dir='ltr'>illis</span> <span class='ocrx_word' id='word_1_259' title='bbox 840 2977 1046 3048; x_wconf 85' lang='lat' dir='ltr'>caelis;</span> <span class='ocrx_word' id='word_1_260' title='bbox 1101 2988 1161 3042; x_wconf 86' lang='lat' dir='ltr'>ct</span> <span class='ocrx_word' id='word_1_261' title='bbox 1199 2979 1335 3064; x_wconf 85' lang='lat' dir='ltr'>quia</span> <span class='ocrx_word' id='word_1_262' title='bbox 1378 2981 1459 3043; x_wconf 88' lang='lat' dir='ltr'>ita</span> <span class='ocrx_word' id='word_1_263' title='bbox 1497 2987 1613 3050; x_wconf 87' lang='lat' dir='ltr'>est,</span> <span class='ocrx_word' id='word_1_264' title='bbox 1668 2978 1826 3065; x_wconf 88' lang='lat' dir='ltr'>quod</span> <span class='ocrx_word' id='word_1_265' title='bbox 1864 2980 2036 3045; x_wconf 82' lang='lat' dir='ltr'>Mens</span> <span class='ocrx_word' id='word_1_266' title='bbox 2076 2979 2333 3044; x_wconf 84' lang='lat' dir='ltr'>humana</span> 
     </span>
     <span class='ocr_line' id='line_1_28' title="bbox 243 3079 2331 3165; baseline 0.001 -22"><span class='ocrx_word' id='word_1_267' title='bbox 243 3080 514 3144; x_wconf 89' lang='lat' dir='ltr'>distincta</span> <span class='ocrx_word' id='word_1_268' title='bbox 565 3080 638 3143; x_wconf 87' lang='lat' dir='ltr'>sit</span> <span class='ocrx_word' id='word_1_269' title='bbox 690 3079 753 3141; x_wconf 84' lang='lat' dir='ltr'>in</span> <span class='ocrx_word' id='word_1_270' title='bbox 807 3088 925 3152; x_wconf 85' lang='lat' dir='ltr'>tres</span> <span class='ocrx_word' id='word_1_271' title='bbox 978 3079 1195 3165; x_wconf 81' lang='lat' dir='ltr'>gradus</span> <span class='ocrx_word' id='word_1_272' title='bbox 1246 3101 1349 3143; x_wconf 89' lang='lat' dir='ltr'>seu</span> <span class='ocrx_word' id='word_1_273' title='bbox 1404 3081 1675 3165; x_wconf 78' lang='lat' dir='ltr'>regiones</span> <span class='ocrx_word' id='word_1_274' title='bbox 1729 3081 2049 3144; x_wconf 84' lang='lat' dir='ltr'>secundum</span> <span class='ocrx_word' id='word_1_275' title='bbox 2106 3081 2331 3153; x_wconf 74' lang='lat' dir='ltr'>caelos3</span> 
     </span>
     <span class='ocr_line' id='line_1_29' title="bbox 240 3179 2333 3254; baseline -0.001 -8"><span class='ocrx_word' id='word_1_276' title='bbox 240 3181 347 3247; x_wconf 86' lang='lat' dir='ltr'>sed</span> <span class='ocrx_word' id='word_1_277' title='bbox 386 3180 457 3243; x_wconf 85' lang='lat' dir='ltr'>de</span> <span class='ocrx_word' id='word_1_278' title='bbox 497 3182 686 3244; x_wconf 79' lang='lat' dir='ltr'>tribus</span> <span class='ocrx_word' id='word_1_279' title='bbox 725 3180 812 3243; x_wconf 87' lang='lat' dir='ltr'>bis</span> <span class='ocrx_word' id='word_1_280' title='bbox 843 3179 1057 3254; x_wconf 83' lang='lat' dir='ltr'>caelis,</span> <span class='ocrx_word' id='word_1_281' title='bbox 1108 3181 1267 3243; x_wconf 88' lang='lat' dir='ltr'>etde</span> <span class='ocrx_word' id='word_1_282' title='bbox 1295 3181 1701 3246; x_wconf 82' lang='lat' dir='ltr'>dinstinctione</span> <span class='ocrx_word' id='word_1_283' title='bbox 1729 3181 1964 3246; x_wconf 87' lang='lat' dir='ltr'>illorum</span> <span class='ocrx_word' id='word_1_284' title='bbox 1993 3181 2333 3247; x_wconf 73' lang='lat' dir='ltr'>secundum</span> 
     </span>
     <span class='ocr_line' id='line_1_30' title="bbox 240 3281 2337 3368; baseline 0 -23"><span class='ocrx_word' id='word_1_285' title='bbox 240 3292 383 3346; x_wconf 42' lang='lat' dir='ltr'>tres*</span> <span class='ocrx_word' id='word_1_286' title='bbox 409 3283 622 3368; x_wconf 84' lang='lat' dir='ltr'>gradus</span> <span class='ocrx_word' id='word_1_287' title='bbox 664 3282 880 3345; x_wconf 83' lang='lat' dir='ltr'>amoris</span> <span class='ocrx_word' id='word_1_288' title='bbox 925 3290 983 3343; x_wconf 86' lang='lat' dir='ltr'>et</span> <span class='ocrx_word' id='word_1_289' title='bbox 1023 3281 1378 3368; x_wconf 77' lang='lat' dir='ltr'>sapientiae,</span> <span class='ocrx_word' id='word_1_290' title='bbox 1433 3282 1700 3345; x_wconf 83' lang='lat' dir='ltr'>videatur</span> <span class='ocrx_word' id='word_1_291' title='bbox 1730 3284 1787 3344; x_wconf 92' lang='lat' dir='ltr'>in</span> <span class='ocrx_word' id='word_1_292' title='bbox 1819 3281 2010 3346; x_wconf 69' lang='lat' dir='ltr'>Libro&#39;</span> <span class='ocrx_word' id='word_1_293' title='bbox 2028 3282 2101 3345; x_wconf 86' lang='lat' dir='ltr'>de</span> <span class='ocrx_word' id='word_1_294' title='bbox 2129 3281 2337 3346; x_wconf 66' lang='lat' dir='ltr'>Cano</span> 
     </span>
     <span class='ocr_line' id='line_1_31' title="bbox 239 3381 2336 3469; baseline -0.001 -20"><span class='ocrx_word' id='word_1_295' title='bbox 239 3404 322 3450; x_wconf 76' lang='grc' dir='ltr'>ΕΤ</span> <span class='ocrx_word' id='word_1_296' title='bbox 351 3381 645 3458; x_wconf 69' lang='lat' dir='ltr'>I-NFERNO,</span> <span class='ocrx_word' id='word_1_297' title='bbox 699 3404 770 3445; x_wconf 84' lang='lat' dir='ltr'>n:</span> <span class='ocrx_word' id='word_1_298' title='bbox 803 3388 906 3446; x_wconf 74' lang='lat'>29.</span> <span class='ocrx_word' id='word_1_299' title='bbox 933 3403 1050 3468; x_wconf 85' lang='lat' dir='ltr'>seq.</span> <span class='ocrx_word' id='word_1_300' title='bbox 1096 3391 1153 3444; x_wconf 86' lang='lat' dir='ltr'>et</span> <span class='ocrx_word' id='word_1_301' title='bbox 1183 3404 1419 3469; x_wconf 83' lang='lat' dir='ltr'>quoque</span> <span class='ocrx_word' id='word_1_302' title='bbox 1448 3383 1507 3445; x_wconf 86' lang='lat' dir='ltr'>in</span> <span class='ocrx_word' id='word_1_303' title='bbox 1536 3381 1818 3447; x_wconf 80' lang='lat' dir='ltr'>codicillo</span> <span class='ocrx_word' id='word_1_304' title='bbox 1846 3384 1919 3447; x_wconf 87' lang='lat' dir='ltr'>de</span> <span class='ocrx_word' id='word_1_305' title='bbox 1948 3382 2336 3452; x_wconf 74' lang='lat' dir='ltr'>COMMEncto</span> 
     </span>
     <span class='ocr_line' id='line_1_32' title="bbox 239 3482 2334 3572; baseline -0.001 -24"><span class='ocrx_word' id='word_1_306' title='bbox 239 3482 503 3548; x_wconf 54' lang='lat' dir='ltr'>Ammine:</span> <span class='ocrx_word' id='word_1_307' title='bbox 532 3504 608 3549; x_wconf 71' lang='lat' dir='ltr'>m*</span> <span class='ocrx_word' id='word_1_308' title='bbox 633 3483 979 3557; x_wconf 74' lang='lat' dir='ltr'>eonmms,</span> <span class='ocrx_word' id='word_1_309' title='bbox 1035 3506 1102 3544; x_wconf 86' lang='lat' dir='ltr'>n:</span> <span class='ocrx_word' id='word_1_310' title='bbox 1142 3489 1238 3548; x_wconf 81' lang='grc'>16.</span> <span class='ocrx_word' id='word_1_311' title='bbox 1278 3488 1375 3547; x_wconf 79' lang='grc' dir='ltr'>1Ἶ.</span> <span class='ocrx_word' id='word_1_312' title='bbox 1433 3485 1549 3548; x_wconf 83' lang='lat' dir='ltr'>Hic</span> <span class='ocrx_word' id='word_1_313' title='bbox 1586 3485 1773 3548; x_wconf 83' lang='lat' dir='ltr'>solum</span> <span class='ocrx_word' id='word_1_314' title='bbox 1820 3505 1922 3572; x_wconf 88' lang='lat' dir='ltr'>per</span> <span class='ocrx_word' id='word_1_315' title='bbox 1963 3484 2217 3571; x_wconf 85' lang='lat' dir='ltr'>aliquam</span> <span class='ocrx_word' id='word_1_316' title='bbox 2261 3485 2334 3548; x_wconf 88' lang='lat' dir='ltr'>si·</span> 
     </span>
     <span class='ocr_line' id='line_1_33' title="bbox 242 3584 2336 3671; baseline 0 -23"><span class='ocrx_word' id='word_1_317' title='bbox 242 3585 631 3648; x_wconf 85' lang='lat' dir='ltr'>militudinem</span> <span class='ocrx_word' id='word_1_318' title='bbox 675 3584 1082 3669; x_wconf 79' lang='lat' dir='ltr'>illustrandum</span> <span class='ocrx_word' id='word_1_319' title='bbox 1112 3594 1233 3660; x_wconf 90' lang='lat' dir='ltr'>est,</span> <span class='ocrx_word' id='word_1_320' title='bbox 1284 3584 1486 3671; x_wconf 84' lang='lat' dir='ltr'>quales</span> <span class='ocrx_word' id='word_1_321' title='bbox 1528 3596 1645 3649; x_wconf 84' lang='lat' dir='ltr'>tres</span> <span class='ocrx_word' id='word_1_322' title='bbox 1672 3584 1888 3671; x_wconf 86' lang='lat' dir='ltr'>gradus</span> <span class='ocrx_word' id='word_1_323' title='bbox 1914 3595 2078 3662; x_wconf 90' lang='lat' dir='ltr'>sunt,</span> <span class='ocrx_word' id='word_1_324' title='bbox 2128 3603 2336 3651; x_wconf 82' lang='lat' dir='ltr'>secun·</span> 
     </span>
     <span class='ocr_line' id='line_1_34' title="bbox 240 3684 2337 3774; baseline 0.002 -25"><span class='ocrx_word' id='word_1_325' title='bbox 240 3686 385 3750; x_wconf 85' lang='lat' dir='ltr'>dum</span> <span class='ocrx_word' id='word_1_326' title='bbox 415 3690 563 3774; x_wconf 69' lang='lat' dir='ltr'>q&#39;uos</span> <span class='ocrx_word' id='word_1_327' title='bbox 589 3684 748 3750; x_wconf 88' lang='lat' dir='ltr'>Caeli</span> <span class='ocrx_word' id='word_1_328' title='bbox 769 3685 851 3749; x_wconf 91' lang='lat' dir='ltr'>illi</span> <span class='ocrx_word' id='word_1_329' title='bbox 880 3685 1131 3751; x_wconf 86' lang='lat' dir='ltr'>distincti</span> <span class='ocrx_word' id='word_1_330' title='bbox 1150 3697 1315 3761; x_wconf 86' lang='lat' dir='ltr'>sunt;</span> <span class='ocrx_word' id='word_1_331' title='bbox 1368 3696 1506 3750; x_wconf 81' lang='lat' dir='ltr'>sunt</span> <span class='ocrx_word' id='word_1_332' title='bbox 1532 3686 1681 3750; x_wconf 88' lang='lat' dir='ltr'>sicut</span> <span class='ocrx_word' id='word_1_333' title='bbox 1706 3685 1763 3748; x_wconf 82' lang='lat' dir='ltr'>in</span> <span class='ocrx_word' id='word_1_334' title='bbox 1793 3685 2028 3752; x_wconf 88' lang='lat' dir='ltr'>homine</span> <span class='ocrx_word' id='word_1_335' title='bbox 2064 3697 2199 3752; x_wconf 87' lang='lat' dir='ltr'>sunt</span> <span class='ocrx_word' id='word_1_336' title='bbox 2240 3709 2337 3754; x_wconf 81' lang='lat' dir='ltr'>ca·</span> 
     </span>
     <span class='ocr_line' id='line_1_35' title="bbox 243 3785 2333 3877; baseline 0.002 -28"><span class='ocrx_word' id='word_1_337' title='bbox 243 3795 370 3877; x_wconf 88' lang='lat' dir='ltr'>put,</span> <span class='ocrx_word' id='word_1_338' title='bbox 419 3808 634 3875; x_wconf 86' lang='lat' dir='ltr'>corpus</span> <span class='ocrx_word' id='word_1_339' title='bbox 659 3796 723 3850; x_wconf 83' lang='lat' dir='ltr'>et</span> <span class='ocrx_word' id='word_1_340' title='bbox 744 3788 952 3874; x_wconf 86' lang='lat' dir='ltr'>pedes,</span> <span class='ocrx_word' id='word_1_341' title='bbox 996 3808 1333 3875; x_wconf 90' lang='lat' dir='ltr'>supremum</span> <span class='ocrx_word' id='word_1_342' title='bbox 1362 3786 1604 3852; x_wconf 87' lang='lat' dir='ltr'>Caelum</span> <span class='ocrx_word' id='word_1_343' title='bbox 1636 3785 1771 3850; x_wconf 77' lang='lat' dir='ltr'>facit</span> <span class='ocrx_word' id='word_1_344' title='bbox 1805 3788 2022 3876; x_wconf 84' lang='lat' dir='ltr'>Caput,</span> <span class='ocrx_word' id='word_1_345' title='bbox 2076 3789 2333 3855; x_wconf 88' lang='lat' dir='ltr'>medium</span> 
     </span>
     <span class='ocr_line' id='line_1_36' title="bbox 241 3887 2335 3972; baseline 0.001 -18"><span class='ocrx_word' id='word_1_346' title='bbox 241 3889 386 3954; x_wconf 82' lang='lat' dir='ltr'>facit</span> <span class='ocrx_word' id='word_1_347' title='bbox 425 3888 688 3972; x_wconf 84' lang='lat' dir='ltr'>Corpus,</span> <span class='ocrx_word' id='word_1_348' title='bbox 759 3908 830 3956; x_wconf 79' lang='lat' dir='ltr'>a&#39;c</span> <span class='ocrx_word' id='word_1_349' title='bbox 874 3887 1158 3953; x_wconf 88' lang='lat' dir='ltr'>Ultimum</span> <span class='ocrx_word' id='word_1_350' title='bbox 1203 3887 1345 3953; x_wconf 76' lang='lat' dir='ltr'>facit</span> <span class='ocrx_word' id='word_1_351' title='bbox 1387 3888 1606 3959; x_wconf 84' lang='lat' dir='ltr'>Pedes;</span> <span class='ocrx_word' id='word_1_352' title='bbox 1674 3910 1807 3952; x_wconf 88' lang='lat' dir='ltr'>nam</span> <span class='ocrx_word' id='word_1_353' title='bbox 1854 3898 1940 3954; x_wconf 86' lang='lat' dir='ltr'>cst</span> <span class='ocrx_word' id='word_1_354' title='bbox 1981 3891 2335 3958; x_wconf 83' lang='lat' dir='ltr'>Universum</span> 
     </span>
     <span class='ocr_line' id='line_1_37' title="bbox 241 3988 2337 4077; baseline 0 -22"><span class='ocrx_word' id='word_1_355' title='bbox 241 3991 490 4056; x_wconf 86' lang='lat' dir='ltr'>Caelum</span> <span class='ocrx_word' id='word_1_356' title='bbox 521 4009 721 4054; x_wconf 84' lang='lat' dir='ltr'>coram</span> <span class='ocrx_word' id='word_1_357' title='bbox 748 3990 1008 4055; x_wconf 88' lang='lat' dir='ltr'>Domino</span> <span class='ocrx_word' id='word_1_358' title='bbox 1043 3988 1195 4056; x_wconf 89' lang='lat' dir='ltr'>sicut</span> <span class='ocrx_word' id='word_1_359' title='bbox 1232 3989 1387 4056; x_wconf 70' lang='lat' dir='ltr'>‘unus</span> <span class='ocrx_word' id='word_1_360' title='bbox 1414 3990 1645 4054; x_wconf 84' lang='lat' dir='ltr'>Homo:</span> <span class='ocrx_word' id='word_1_361' title='bbox 1671 4053 1676 4064; x_wconf 81' lang='grc'>,</span> <span class='ocrx_word' id='word_1_362' title='bbox 1700 3990 1860 4077; x_wconf 90' lang='lat' dir='ltr'>quod</span> <span class='ocrx_word' id='word_1_363' title='bbox 1898 3992 1978 4055; x_wconf 87' lang='lat' dir='ltr'>ita</span> <span class='ocrx_word' id='word_1_364' title='bbox 2019 3992 2123 4067; x_wconf 88' lang='lat' dir='ltr'>sit,</span> <span class='ocrx_word' id='word_1_365' title='bbox 2174 3992 2337 4056; x_wconf 65' lang='lat' dir='ltr'>dete-</span> 
     </span>
     <span class='ocr_line' id='line_1_38' title="bbox 241 4089 2337 4180; baseline -0 -24"><span class='ocrx_word' id='word_1_366' title='bbox 241 4101 403 4158; x_wconf 88' lang='lat' dir='ltr'>ctum</span> <span class='ocrx_word' id='word_1_367' title='bbox 450 4099 537 4157; x_wconf 86' lang='lat' dir='ltr'>est</span> <span class='ocrx_word' id='word_1_368' title='bbox 581 4089 721 4154; x_wconf 87' lang='lat' dir='ltr'>mihi</span> <span class='ocrx_word' id='word_1_369' title='bbox 772 4112 877 4180; x_wconf 83' lang='lat' dir='ltr'>per</span> <span class='ocrx_word' id='word_1_370' title='bbox 927 4091 1284 4179; x_wconf 79' lang='lat' dir='ltr'>antopsiam;</span> <span class='ocrx_word' id='word_1_371' title='bbox 1363 4091 1564 4176; x_wconf 82' lang='lat' dir='ltr'>datum</span> <span class='ocrx_word' id='word_1_372' title='bbox 1611 4091 1765 4155; x_wconf 89' lang='lat' dir='ltr'>enim</span> <span class='ocrx_word' id='word_1_373' title='bbox 1795 4100 1899 4155; x_wconf 36' lang='lat' dir='ltr'>‘est</span> <span class='ocrx_word' id='word_1_374' title='bbox 1952 4092 2092 4156; x_wconf 89' lang='lat' dir='ltr'>mihi</span> <span class='ocrx_word' id='word_1_375' title='bbox 2136 4092 2337 4180; x_wconf 78' lang='lat' dir='ltr'>videre</span> 
     </span>
     <span class='ocr_line' id='line_1_39' title="bbox 239 4190 2339 4280; baseline -0.003 -22"><span class='ocrx_word' id='word_1_376' title='bbox 239 4214 422 4258; x_wconf 83' lang='lat' dir='ltr'>unam</span> <span class='ocrx_word' id='word_1_377' title='bbox 476 4192 830 4258; x_wconf 84' lang='lat' dir='ltr'>Societatem</span> <span class='ocrx_word' id='word_1_378' title='bbox 878 4191 1071 4267; x_wconf 88' lang='lat' dir='ltr'>Caeli,</span> <span class='ocrx_word' id='word_1_379' title='bbox 1132 4213 1290 4279; x_wconf 85' lang='lat' dir='ltr'>-quae</span> <span class='ocrx_word' id='word_1_380' title='bbox 1347 4213 1421 4256; x_wconf 83' lang='lat' dir='ltr'>ex</span> <span class='ocrx_word' id='word_1_381' title='bbox 1471 4190 1738 4280; x_wconf 89' lang='lat' dir='ltr'>myriade</span> <span class='ocrx_word' id='word_1_382' title='bbox 1783 4193 2136 4268; x_wconf 82' lang='lat' dir='ltr'>constabat,</span> <span class='ocrx_word' id='word_1_383' title='bbox 2190 4191 2339 4256; x_wconf 85' lang='lat' dir='ltr'>sicut</span> 
     </span>
     <span class='ocr_line' id='line_1_40' title="bbox 240 4290 2338 4382; baseline -0.004 -21"><span class='ocrx_word' id='word_1_384' title='bbox 240 4315 421 4361; x_wconf 85' lang='lat' dir='ltr'>unum</span> <span class='ocrx_word' id='word_1_385' title='bbox 480 4293 779 4361; x_wconf 85' lang='lat' dir='ltr'>hominem</span> <span class='ocrx_word' id='word_1_386' title='bbox 823 4292 1027 4371; x_wconf 82' lang='lat' dir='ltr'>simul,</span> <span class='ocrx_word' id='word_1_387' title='bbox 1092 4293 1233 4382; x_wconf 89' lang='lat' dir='ltr'>quid</span> <span class='ocrx_word' id='word_1_388' title='bbox 1276 4314 1397 4359; x_wconf 89' lang='lat' dir='ltr'>non</span> <span class='ocrx_word' id='word_1_389' title='bbox 1450 4291 1789 4359; x_wconf 85' lang='lat' dir='ltr'>universum</span> <span class='ocrx_word' id='word_1_390' title='bbox 1844 4290 2086 4358; x_wconf 83' lang='lat' dir='ltr'>Caelum</span> <span class='ocrx_word' id='word_1_391' title='bbox 2134 4307 2338 4353; x_wconf 82' lang='lat' dir='ltr'>coram</span> 
     </span>
    </p>
   </div>
  </div>
 </body>
</html>
