2750 4775
434 408 498 457 m
658 395 1120 450 UNIVERSA
1168 396 1704 450 THEOLOGIA
1752 397 1816 450 N.
1859 396 1924 449 C.
1966 397 2074 448 ET
2116 397 2183 450 N.
2227 397 2290 449 Ε.

424 549 692 614 similiter
731 572 935 615 omnes
971 550 1249 625 musculi,
1300 551 1526 635 absque
1553 550 1656 613 tali
1689 549 1902 615 borum
1940 551 2292 636 aequilibrio
2342 573 2538 617 cessa·

424 660 516 714 ret
557 652 748 718 omnis
784 651 941 716 actio
970 659 1029 714 et
1059 651 1313 726 reactio‚
1364 659 1426 713 et
1450 650 1628 714 bomo
1659 672 1779 716 non
1806 651 2057 736 amplius
2095 661 2302 738 ageret
2331 652 2537 716 homi-

424 771 579 813 nem.
635 751 783 815 Cum
814 752 1014 835 itaque
1042 751 1241 814 omnia
1273 772 1428 837 quae
1468 752 1529 814 in
1558 751 1825 839 Corpore
1865 761 2002 816 sunt
2043 753 2102 815 in
2143 753 2245 816 tali
2284 754 2535 840 aequili-

424 850 556 915 brio
583 862 750 927 sunt,
803 854 981 915 etiam
1024 852 1220 916 omnia
1262 852 1500 938 quaein
1531 850 1825 928 Cerebro,
1878 853 1938 915 in
1965 853 2137 917 simili
2163 863 2333 930 sunt,
2387 876 2533 919 con-

420 962 740 1037 sequenter
778 952 974 1015 omnia
1014 972 1166 1038 quae
1206 953 1264 1015 in
1304 959 1502 1016 mente
1536 951 1649 1025 ibi;
1704 974 1857 1038 quae
1896 975 1958 1019 se
1998 951 2265 1017 referunt
2303 955 2379 1019 ad
2422 976 2534 1020 vo-

421 1053 707 1117 luntatem
752 1062 811 1115 et
855 1051 1235 1117 intellectum.
1291 1054 1398 1117 Est
1437 1074 1676 1139 quoque
1719 1053 1971 1119 liberum
2013 1054 2243 1131 bestiis,
2298 1056 2531 1132 avibus,

424 1154 676 1239 piscibus
719 1163 776 1216 et
816 1153 1080 1227 insectis,
1129 1154 1233 1217 sed
1272 1153 1386 1218 bae
1426 1152 1699 1217 feruntur
1731 1177 1764 1218 a
1801 1156 2070 1220 sensibus
2108 1155 2198 1219 sui
2239 1157 2528 1242 corporis,

417 1262 771 1339 suggerente
818 1255 1082 1340 appetitu
1130 1275 1201 1318 ac
1246 1255 1580 1343 voluptate;
1633 1252 1724 1319 bis
1768 1276 1889 1320 non
1928 1253 2210 1320 absimilis
2235 1267 2388 1322 esset
2415 1255 2530 1322 bo-

420 1375 538 1428 mo,
591 1354 636 1418 si
666 1355 717 1418 ei
747 1355 995 1418 liberum
1024 1353 1274 1418 faciendi
1294 1354 1451 1419 foret
1476 1353 1627 1419 sicut
1655 1365 1741 1419 est
1767 1356 2019 1420 liberum
2047 1356 2381 1441 cogitandi,
2428 1356 2527 1422 bic

420 1475 662 1541 quoque
692 1454 948 1519 ferretur
975 1455 1152 1519 modo
1181 1478 1213 1520 a
1247 1457 1517 1520 sensibus
1553 1454 1644 1518 sui
1684 1458 1949 1543 corporis
1986 1467 2340 1541 suggerente
2384 1480 2529 1522 con-

423 1556 779 1641 cupiscentia
814 1565 871 1619 et
900 1555 1243 1643 voluptate;
1295 1557 1470 1620 aliter
1496 1554 1596 1640 qui
1624 1557 1951 1644 spiritualia
1976 1557 2275 1621 Ecclesiae
2307 1557 2528 1635 haurit,

420 1666 478 1720 et
527 1657 777 1720 liberum
822 1677 993 1719 suum
1041 1657 1354 1720 arbitrium
1406 1677 1511 1743 per
1552 1654 1651 1718 illa
1699 1660 1965 1744 coiircet,
2018 1659 2066 1722 is
2112 1678 2145 1721 a
2188 1659 2447 1723 Domino
2488 1681 2525 1724 a

419 1757 906 1845 concupiscentiis
958 1766 1021 1821 et
1069 1757 1236 1821 malis
1291 1755 1726 1844 voluptatibus,
1780 1766 1839 1820 et
1883 1757 2095 1824 harum
2140 1759 2526 1826 aviditatibus

419 1859 686 1923 connatis
731 1857 1075 1933 abducitur,
1129 1879 1200 1921 ac
1227 1858 1451 1922 bonum
1488 1854 1761 1934 affectat,
1814 1867 1876 1921 et
1916 1860 2136 1924 malum
2178 1869 2523 1934 aversatum

415 1956 512 2021 bic
552 1969 694 2021 tunc
734 1958 971 2045 propius
1001 1959 1072 2021 ad
1102 1959 1393 2022 orientem
1423 1967 1483 2021 et
1507 1957 1682 2022 simul
1709 1960 1783 2023 ad
1814 1959 2159 2025 meridiem
2144 1981 2204 2022 in
2230 1960 2524 2049 spirituali

415 2058 645 2123 Mundo
691 2077 724 2121 a
768 2057 1022 2124 Domino
1062 2057 1451 2135 transfer-‚tur
1506 2066 1564 2121 et
1610 2059 1670 2121 in
1700 2061 1983 2125 Liberum
2023 2059 2307 2136 caeleste,
2357 2061 2520 2147 quod

417 2181 556 2224 vere
584 2167 671 2222 est
703 2158 986 2235 liberum,
1040 2160 1393 2224 immittitur.

418 2381 625 2468 Quod
640 2408 722 2449 ex
762 2385 1172 2450 Permissione
1211 2384 1390 2463 mali,
1442 2391 1504 2450 in
1546 2412 1666 2480 qua
1705 2394 1975 2478 cujusvis
2014 2392 2299 2455 Interffnur
2338 2389 2518 2455 homo

413 2500 531 2561 est,
602 2485 901 2552 evidenter
955 2500 1196 2580 pateat,
1264 2487 1433 2580 quod
1483 2487 1712 2553 homini
1760 2492 2038 2557 Liberum
2085 2491 2396 2557 arbitrium
2451 2496 2516 2556 in

1179 2587 1599 2681 spiri'tualebus
1648 2594 1745 2655 sit.

492 2770 498 2776 '
574 2756 728 2831 479.
801 2766 977 2847 Quod
1025 2765 1259 2846 homini,
1298 2766 1579 2830 Liberum
1626 2768 1951 2832 Arbitrium
2011 2770 2071 2832 in
2114 2769 2518 2855 spiritualibus

412 2864 521 2941 sit,
577 2867 828 2952 primum
873 2866 1344 2931 confirmandum
1389 2877 1477 2932 est
1514 2889 1586 2930 ex
1612 2868 2070 2946 CommunibuS,
2122 2881 2181 2933 et
2211 2880 2413 2956 postea
2440 2891 2518 2934 ex

411 2965 899 3051 particularibus,
951 2952 1104 3053 quae
1144 2970 1548 3054 unnsquisque
1589 2970 1663 3033 ad
1705 2971 1956 3055 primum
1984 2971 2251 3035 auditum
2297 2990 2518 3056 agnos-

376 3092 381 3097 *
412 3074 522 3127 cet.
579 3065 940 3131 Communis
977 3077 1113 3131 sunt
1137 3067 1319 3142 baec,
1379 3075 1431 3132 1.
1466 3070 1645 3148 Quod
1672 3071 2147 3157 Sapientissimus
2185 3070 2511 3147 hominum,

408 3163 672 3229 Adamus
699 3176 758 3230 et
785 3167 911 3253 ejus
940 3167 1124 3245 Uxor,
1176 3170 1420 3254 se‘passi
1450 3171 1565 3234 sint
1593 3193 1628 3234 a
1653 3171 1938 3260 Serpente
1965 3172 2184 3237 seduci.
2240 3177 2302 3236 2.
2333 3172 2512 3253 Quod

389 3266 632 3354 primus
671 3289 875 3332 eorum
906 3266 1056 3333 filius
1083 3270 1302 3334 Cainus
1336 3271 1622 3335 occiderit
1645 3271 1892 3336 fratrem
1919 3295 2087 3337 suum
2116 3270 2396 3349 Abelem‚
2450 3284 2516 3337 et

409 3365 688 3434 Jehovah
715 3370 877 3434 Deus
919 3391 1041 3433 non
1076 3371 1386 3434 abduxerit
1414 3371 1541 3434 illos
1567 3371 1864 3458 loquendo
1894 3394 2025 3436 cum
2054 3370 2199 3449 illis,
2252 3373 2352 3438 sed
2386 3396 2516 3439 mo-

406 3468 482 3530 do
514 3477 643 3554 post
669 3469 825 3534 faeta
858 3470 1281 3535 maledicendo.
1339 3475 1397 3534 3.
1444 3472 1620 3551 Quod
1650 3472 1811 3539 Gens
1840 3473 2162 3538 Isra'elitica
2189 3474 2250 3536 in
2277 3474 2516 3538 deserto

405 3569 656 3632 coluerit
677 3570 940 3637 Vitulum
970 3591 1236 3645 aureum,
1265 3592 1398 3634 cum
1426 3581 1625 3636 tamen
1652 3572 1929 3639 Jebovab
1950 3573 2063 3638 hoc
2083 3574 2228 3639 vidit
2254 3595 2287 3637 e
2307 3582 2513 3639 monte

402 3667 586 3743 Sinai,
641 3680 701 3739 et
726 3691 848 3735 non
877 3672 1194 3754 praecavit.
1253 3675 1309 3734 4.
1341 3673 1519 3752 Quod
1548 3676 1745 3742 David
1772 3676 2177 3739 numeraverit
2203 3675 2509 3763 populum,

404 3778 463 3831 et
493 3780 806 3857 propterea
845 3771 1104 3835 immissa
1130 3772 1204 3835 sit
1233 3775 1439 3860 pestis,
1494 3795 1527 3836 e
1557 3797 1671 3862 qua
1702 3784 1789 3839 tot
1829 3775 2011 3839 millia
2037 3775 2343 3841 bominum
2375 3797 2510 3863 per-

402 3869 629 3945 ierunt,
685 3880 743 3935 et
783 3872 943 3957 quod
973 3873 1133 3936 Deus
1172 3894 1290 3937 non
1318 3885 1486 3951 ante,
1529 3876 1631 3940 sed
1666 3885 1795 3962 post
1822 3875 2040 3940 factum
2083 3875 2157 3940 ad
2194 3876 2357 3941 illum
2400 3876 2512 3939 mi·

401 3971 544 4034 serit
584 3968 814 4035 Gadem
857 3972 1236 4061 prophetam,
1305 3984 1365 4038 et
1407 3974 1845 4053 denuntiaverit
1885 3996 2154 4062 paenam.
2225 3981 2300 4040 5.-
2326 3975 2507 4056 Quod

398 4070 703 4136 Salomoni
776 4075 1120 4159 permissum
1186 4074 1364 4139 fuerit
1428 4077 1761 4141 instaurare
1825 4077 2014 4140 cultus
2078 4076 2500 4159 idolol-atticos,

403 4175 459 4235 6.
492 4171 567 4236 Et
595 4172 790 4238 multis
816 4176 1055 4262 regibus
1080 4183 1223 4264 <post
1258 4175 1423 4238 illum
1463 4174 1835 4264 prophanare
1863 4172 2212 4264 Templum,
2267 4187 2326 4245 et
2351 4177 2505 4241 San-

399 4281 492 4336 cta
538 4273 851 4341 Ecclesiae.
937 4281 995 4339 7.
1044 4275 1121 4338 Et
1171 4274 1408 4338 demum
1462 4277 1621 4361 quod
1666 4274 1843 4339 Genti
1891 4275 1988 4344 isti
2035 4278 2382 4362 permissum
2427 4276 2504 4342 sit
