2750 4775
809 310 973 405 xm(
1045 348 1399 403 smera
1454 350 1769 407 conus.
2236 364 2340 411 εει

269 501 390 589 quia
427 502 653 591 Corpus
690 503 971 580 moritur,
1020 513 1085 567 et
1125 499 1335 568 Anima
1366 514 1497 591 post
1541 514 1790 578 mortem
1834 501 2010 582 vivit,
2060 507 2345 595 sequitur,

265 603 410 690 quod
458 604 722 671 Nutritio
762 604 1080 691 spiritualis
1122 605 1195 668 sit
1244 625 1350 691 pro
1392 603 1580 669 salute
1623 615 1898 670 aetema:
1952 605 2084 693 quis
2133 609 2345 674 deinde

261 725 368 768 non
396 706 587 782 videt,
639 707 813 794 quod
828 705 1002 769 binae
1042 706 1179 770 illae
1198 704 1584 770 ,Nutritiones
1621 706 1856 771 minime
1895 706 2343 774 confundendae

257 806 389 882 sint,
441 818 499 871 et
541 808 700 894 quod
725 807 771 873 si
811 807 943 893 quis
981 805 1285 872 confundit
1312 806 1471 881 illas,
1523 828 1642 870 nou
1683 808 1861 892 possit
1901 807 2074 873 aliter
2110 808 2183 872 de
2220 810 2343 876 Do-

257 908 388 978 mini
414 909 608 975 Carne
637 919 695 973 et
718 907 1057 995 Sanguine,
1108 908 1297 994 deque
1327 905 1489 971 Pane
1522 915 1579 971 et
1610 908 1800 984 Vino,
1849 930 2024 994 quam
2054 907 2214 974 ideas
2243 931 2346 973 na-

254 1008 463 1076 turales
490 1018 552 1073 et
578 1010 911 1082 sensuales,
967 1030 1122 1094 qnae
1159 1018 1294 1088 sunt
1337 1009 1700 1083 materiales,
1752 1031 2074 1095 corporeae
2115 1019 2175 1073 et
2220 1031 2349 1075 car-

253 1111 436 1186 nales,
478 1110 589 1175 sibi
626 1131 952 1185 assumere,
998 1130 1151 1196 quae
1182 1109 1341 1174 ideas
1366 1110 1698 1196 spirituales
1728 1110 1798 1174 de
1828 1110 2205 1178 Sanctissimo
2233 1110 2348 1178 hoc

251 1210 633 1276 Sacramento
674 1210 980 1277 suffocant.
1058 1209 1121 1273 Si
1147 1220 1344 1274 autem
1373 1210 1505 1296 quis
1544 1211 1623 1274 ita
1669 1210 1910 1298 simplex
1948 1222 2066 1288 est,
2118 1221 2182 1276 ut
2226 1235 2343 1277 non

252 1316 507 1400 cogitare
549 1314 726 1400 possit
755 1312 913 1376 aliud
952 1334 1020 1378 ex
1059 1311 1395 1387 intellectu,
1446 1332 1622 1396 quam
1667 1312 1826 1376 videt
1866 1313 2072 1390 oculo,
2122 1314 2342 1379 suadeo

247 1424 306 1477 nt
348 1415 420 1479 de
456 1415 680 1479 Sancta
721 1412 952 1490 Caena,
1004 1412 1139 1476 dum
1178 1413 1355 1477 sumit
1396 1411 1620 1477 Panem
1664 1424 1721 1475 et
1769 1414 2018 1488 Vinum,
2068 1436 2138 1478 ac
2180 1415 2342 1479 audit

123 1581 129 1592 ,
244 1525 381 1580 tunc
418 1516 711 1580 nominari
742 1514 993 1580 Carnem
1036 1525 1093 1578 et
1135 1514 1494 1600 Sanguinem
1539 1513 1814 1590 Domini,
1869 1516 2083 1599 cogitet
2123 1536 2344 1592 secum,

245 1618 399 1703 quod
440 1618 514 1682 sit
540 1618 985 1684 Sanctissimum
1013 1615 1253 1691 Cultus,
1305 1637 1376 1679 ac
1412 1615 1760 1680 recordetur
1786 1615 2081 1680 Passionis
2107 1613 2343 1693 Christi,

239 1728 298 1781 et
325 1718 515 1807 Ipsius
540 1717 776 1784 Amoris
805 1739 912 1806 pro
938 1718 1128 1783 salute
1156 1716 1444 1791 hominis,
1489 1738 1623 1779 nam
1654 1718 1827 1791 dicit,
1873 1717 2011 1781 Hoc
2028 1714 2237 1806 facite
2279 1722 2341 1782 in

242 1819 378 1885 Mei
428 1820 932 1895 recordationem,
984 1819 1124 1883 Luc.
1183 1817 1398 1883 XXII:
1450 1822 1550 1881 19.
1606 1828 1725 1882 tum
1750 1867 1766 1892 ‚
1830 1817 2032 1882 Elius
2082 1817 2340 1884 hominis

239 1923 410 1987 verm
449 1934 521 1985 ut·
554 1921 654 1987 det
691 1917 981 1986 Animam
1020 1919 1437 1986 redemtionem
1471 1942 1586 2010 pro
1627 1917 1867 1994 multis,
1935 1920 2340 1987 Manu-XX:

241 2027 347 2086 28.
378 2022 565 2087 Marc.
597 2022 683 2086 X:
730 2026 833 2085 45.
887 2020 1028 2110 Ego
1055 2015 1347 2084 Animam
1373 2044 1559 2083 meam
1582 2044 1749 2112 pono
1770 2037 1888 2113 pro
1911 2021 2155 2097 ovibuS,
2197 2020 2337 2087 Joh.

234 2123 328 2190 X:
385 2126 485 2186 15.
524 2127 625 2186 η
684 2121 997 2209 &va:
1051 2125 1146 2185 13.
2307 2163 2312 2168 -

398 2228 557 2287 710„
620 2223 756 2286 Hoc
802 2241 1037 2309 quoque
1087 2221 1367 2286 illustrari
1419 2229 1611 2308 potest
1661 2242 1764 2307 per
1817 2222 2340 2309 Comparationes:

232 2323 389 2404 Quis
418 2346 534 2387 non
565 2322 914 2390 recordatur
938 2323 1064 2408 ejus
1089 2332 1148 2385 et
1177 2321 1562 2398 amat-illum,
1609 2323 1707 2410 qui
1736 2344 1806 2386 ex
1832 2325 1959 2390 zelo
1988 2325 2203 2392 amoris
2231 2349 2337 2414 pro

233 2425 445 2491 Patria
489 2434 706 2511 pugnat
748 2446 877 2487 cum
908 2421 1075 2489 hoste
1106 2445 1291 2510 usque
1331 2425 1406 2488 ad
1436 2434 1723 2500 mortem,
1778 2435 1839 2488 ut
1882 2448 1987 2514 per
2026 2428 2086 2494 id
2128 2428 2340 2494 liberet

236 2524 405 2589 illam
452 2544 483 2587 a
527 2525 667 2611 jugo
706 2524 1020 2590 servitutis.
1100 2520 1179 2588 Et
1219 2524 1347 2612 quis
1387 2548 1505 2589 non
1547 2526 1893 2591 recordatur
1929 2528 2055 2615 ejus
2079 2540 2154 2597 et
2179 2542 2341 2597 amat

232 2625 405 2691 illum
424 2672 441 2701 ‚
495 2628 593 2714 qui
621 2625 758 2689 dum
789 2626 948 2692 videt
974 2626 1246 2690 concives
1273 2627 1329 2689 in
1357 2636 1622 2691 extrema
1648 2636 1907 2712 egestate
1929 2675 1947 2705 ,
1990 2653 2061 2697 ac
2087 2641 2339 2697 mortem

228 2728 471 2795 illorum
501 2748 572 2791 ex
604 2728 1047 2815 ingravescente
1076 2726 1230 2801 fame
1260 2737 1397 2792 ante
1422 2729 1656 2804 oculos,
1712 2736 1768 2793 et
1810 2739 1949 2795 tunc
1989 2755 2061 2797 ex
2100 2733 2342 2799 misera-

231 2828 395 2894 tione
435 2851 610 2893 omne
649 2850 816 2894 suum
855 2827 1180 2914 Argentum
1221 2839 1280 2893 et
1321 2826 1548 2895 Aurum
1580 2854 1611 2892 e
1638 2830 1820 2895 domo
1856 2853 1960 2895 sua
1999 2831 2231 2908 educit,
2281 2841 2341 2897 et

229 2932 417 3017 gratis
444 2930 737 2997 distribuit
763 2956 776 2994 :
822 2939 878 2993 et
908 2930 1037 3016 quis
1065 2953 1182 2994 non
1212 2931 1561 2996 recordatur
1588 2934 1715 3018 ejus
1742 2939 1799 2994 et
1827 2941 1985 2994 amat
2014 2931 2199 3008 illum,
2237 2932 2339 3017 qui

231 3053 305 3097 ex
348 3053 553 3099 amore
599 3042 657 3099 et
699 3033 952 3097 amicitia
991 3032 1168 3107 sumit
1214 3033 1451 3096 unicum
1494 3055 1711 3119 agnum
1743 3053 1919 3117 quem
1949 3031 2231 3119 possidet,
2283 3041 2342 3099 et

225 3135 388 3199 bunc
414 3143 632 3198 mactat
659 3143 717 3198 et
744 3131 988 3219 apponit
1015 3133 1307 3198 convivis:
1363 3143 1422 3195 et
1448 3133 1536 3197 sic
1562 3155 1759 3221 poto.

232 3361 425 3445 Quod
479 3384 563 3425 ex
613 3359 709 3423 his
760 3358 1073 3426 intellectis
1126 3357 1554 3450 comprehendi
1592 3361 1823 3451 possit,
1893 3355 2062 3451 quod
2110 3355 2336 3423 Sancta

228 3464 441 3528 Caena
478 3460 897 3526 universaliter
938 3472 995 3526 et
1039 3458 1432 3549 singulariter
1465 3463 1765 3545 contineat
1795 3463 1998 3527 omm'a
2023 3458 2340 3525 Ecclesiae

995 3576 1050 3625 et
1093 3565 1296 3627 omnia
1345 3559 1529 3626 Caeli.

324 3772 329 3775 ·
387 3743 533 3804 711.
616 3739 684 3802 In
742 3735 1009 3826 Articulo
1067 3737 1455 3825 praecedente
1513 3749 1812 3803 ostensum
1870 3747 1993 3815 est,
2062 3739 2223 3827 quod
2278 3740 2338 3803 in

220 3842 451 3907 Sancta
493 3839 691 3927 Caena
733 3840 806 3905 sit
852 3839 981 3927 lpse
1024 3839 1344 3912 Dominus,
1399 3848 1458 3901 et
1504 3839 1664 3925 quod
1712 3839 1967 3904 Caroet
2004 3841 2183 3907 Panis
2220 3840 2338 3905 sint

224 3942 369 4029 Ipse
406 3943 604 4029 quoad
631 3941 914 4006 Divinum
946 3939 1179 4005 Bonum
1220 3938 1493 4015 Amoris,
1519 3949 1604 4003 'et
1643 3940 1803 4026 quod
1840 3940 2094 4026 Sanguis
2132 3951 2190 4005 et
2236 3940 2337 4011 Vi,-

218 4066 371 4111 num
413 4043 529 4106 sint
571 4042 702 4129 lpse
744 4040 939 4128 quoad
971 4041 1251 4109 Divinum
1281 4038 1503 4108 Verum
1541 4040 1908 4126 Sapientiae,
1940 4048 2145 4127 'quare
2190 4040 2336 4105 Tria

222 4155 363 4212 sunt
390 4167 547 4231 quae
572 4145 789 4209 Sancta
821 4141 1021 4206 Caena
1048 4141 1335 4217 involvit,
1392 4163 1599 4228 nempe
1644 4140 1998 4215 Dominum,
2054 4141 2335 4205 Divinum

220 4245 418 4338 Ipsius
449 4245 684 4311 Bonum
718 4256 774 4310 et
804 4243 1087 4310 Divinum
1131 4242 1320 4333 Ipsius
1361 4240 1636 4311 Verum-
1687 4240 1834 4307 Cum
1867 4239 2076 4324 itaque
2116 4239 2334 4305 Sancta
