2750 4775
466 386 570 434 102
701 372 1163 428 UNIVERSA
1206 373 1742 427 THEOLOGIA
1787 375 1850 427 N.
1895 374 1960 427 C.
2004 374 2111 426 ET
2154 375 2227 431 N.
2271 375 2339 431 E.

457 527 655 603 venit,
721 537 781 591 et
820 527 902 591 ibi
942 528 1316 593 consociatur
1360 526 1449 591 sui
1491 527 1794 593 similibus„
1861 528 2039 595 Nunc
2076 528 2214 615 quia
2256 529 2556 616 spirituale

465 648 678 717 eorpus
719 626 1093 693 formandum
1140 639 1227 692 est
1266 629 1325 691 in
1375 628 1666 692 materiali
1706 650 1987 715 corpore,
2042 650 2113 693 ac
2141 628 2443 695 formatur
2465 653 2559 719 per

466 748 610 796 vera
651 739 711 793 et
751 730 942 805 bona,
994 750 1149 815 quae
1189 727 1444 792 influunt
1482 750 1515 792 a
1545 729 1807 794 Domino
1849 752 1955 817 per
1993 731 2362 818 spiritualem
2400 732 2560 795 Mun·

461 829 602 899 dum
620 876 638 905 ,
687 852 759 895 ac
795 830 1161 916 recipiuntur
1188 830 1267 893 ab
1292 829 1534 894 homine
1566 831 1724 895 intus
1752 833 1811 895 in
1838 831 2056 897 talibus
2084 832 2212 914 ejus
2241 854 2398 920 quae
2433 843 2562 896 sunt

461 953 496 996 e
540 932 797 997 naturali
834 930 1103 1007 Mundo,
1162 952 1316 1019 quae
1368 942 1662 996 vocantur
1707 932 1902 996 civilia
1951 943 2011 997 et
2057 934 2344 1006 moralia,
2413 942 2562 1019 patet

459 1033 715 1120 qualiter
754 1032 1033 1097 formatio
1072 1032 1199 1116 ejus
1239 1030 1331 1101 fit:
1401 1041 1459 1093 et
1502 1034 1670 1117 quia,
1722 1044 1787 1096 ut
1834 1033 2089 1107 dictum,
2153 1046 2246 1099 est
2289 1044 2559 1123 perpetua

461 1134 985 1222 correspondentia
1027 1134 1181 1221 apud
1223 1133 1524 1197 hominem
1553 1138 1708 1197 inter
1734 1135 1834 1199 illa
1860 1156 2014 1220 quae
2041 1137 2402 1200 naturaliter
2428 1135 2560 1199 fiunt

457 1245 520 1299 et
549 1258 701 1322 quae
725 1234 1142 1323 spiritualiter,
1194 1235 1576 1319 consequitur
1607 1237 1765 1320 quod
1794 1237 1867 1300 sit
1891 1236 2041 1299 sicut
2069 1238 2422 1326 conceptio,
2470 1256 2560 1323 ge-

458 1336 635 1402 statio
660 1338 722 1399 in
748 1348 924 1401 utero
944 1385 961 1412 ,
1014 1346 1216 1422 partus
1242 1347 1301 1398 et
1328 1335 1619 1399 educatio.
1687 1336 1777 1400 Ex
1805 1336 1903 1400 illa
1935 1358 2113 1401 causa
2141 1349 2269 1415 est,
2325 1339 2481 1424 quod
2505 1338 2557 1400 in

458 1438 664 1503 Verbo
692 1458 798 1523 per
822 1438 1184 1503 Nativitates
1225 1431 1529 1501 naturales
1568 1437 1973 1525 intelligantur
1997 1438 2367 1504 Nativitates
2405 1440 2558 1525 spiri·-

458 1524 685 1613 tuales',
733 1560 885 1625 quae
932 1550 1063 1602 sunt
1108 1540 1246 1602 boni
1278 1548 1336 1601 et
1365 1538 1523 1612 veri,
1576 1559 1712 1601 nam
1743 1539 2023 1626 quicquid
2052 1538 2112 1601 in
2140 1561 2323 1606 sensu
2361 1541 2556 1603 literae

462 1639 668 1716 Verbi,
720 1641 822 1725 qui
848 1649 934 1703 cst
967 1641 1286 1714 naturalis,
1339 1647 1558 1715 exstat,
1607 1640 1859 1704 involvit
1887 1649 1945 1702 et
1971 1640 2271 1726 significat
2297 1642 2556 1729 spiritua-

458 1741 546 1806 le:
602 1741 761 1829 quod
790 1741 848 1802 in
878 1740 1151 1804 omnibus
1175 1753 1234 1802 et
1270 1739 1514 1823 siugulis
1551 1762 1756 1806 sensus
1789 1742 1994 1805 literae
2021 1740 2204 1805 Verbi
2248 1743 2326 1808 sit
2353 1744 2557 1808 Sensus

456 1842 797 1930 spiritualis,
847 1841 905 1903 in
936 1841 1144 1928 Capite
1173 1843 1244 1902 de
1270 1840 1626 1906 Semnum
1657 1863 1845 1907 sacua
1866 1889 1882 1916 ,
1927 1844 2098 1929 plene
2126 1854 2434 1908 ostensum
2461 1851 2553 1906 est:

458 1943 639 2023 Quod
665 1943 1028 2008 Nativitates
1056 1942 1356 2008 naturales
1395 1942 1453 2003 in
1481 1942 1681 2008 Verbo
1721 1944 2064 2008 nominatae
2099 1944 2417 2010 involvant
2442 1945 2553 2010 Na·

457 2045 719 2108 tivitates
746 2041 1108 2130 spirituales,
1163 2044 1470 2109 manifeste
1500 2054 1729 2108 constat
1758 2065 1828 2107 ex
1857 2043 1944 2108 his
1972 2045 2050 2109 ibi
2104 2044 2555 2141 „Concepimus‚

452 2147 922 2239 parturivimus,
985 2149 1167 2236 quasi
1193 2149 1572 2239 peperimus,
1614 2143 1846 2210 salutes
1887 2170 2009 2209 non
2043 2142 2359 2233 fecimus,
2410 2145 2553 2230 Esaj.

459 2245 699 2311 XXVI:
734 2248 831 2307 18.
889 2240 961 2309 Α
982 2269 1179 2310 coram
1208 2246 1475 2312 Domino
1494 2240 1758 2340 parturit
1786 2260 1963 2323 terra,
1997 2247 2213 2312 Psalm.
2250 2248 2473 2314 CXIV:
2502 2251 2552 2308 7.

461 2347 634 2413 IVum
655 2349 973 2441 parturivit
1003 2362 1159 2413 terra
1187 2347 1285 2414 die
1310 2373 1452 2425 uno,
1505 2373 1644 2415 num
1672 2348 1811 2439 Ego
1820 2344 2129 2440 frangam
2154 2363 2213 2414 et
2238 2374 2365 2417 non
2388 2370 2551 2441 gene-

460 2471 620 2521 rem,
705 2461 761 2512 et
818 2471 1106 2538 generare
1152 2446 1400 2537 faciam
1417 2497 1435 2526 ,
1510 2464 1568 2515 et
1623 2448 2014 2515 concluserim
2033 2499 2049 2525 ‚
2122 2451 2285 2537 Esaj.
2338 2448 2551 2519 LXVI:

463 2553 500 2608 7
532 2549 607 2614 ad
641 2552 739 2614 10.
803 2550 1068 2616 Parturit
1095 2549 1237 2627 Sin,
1275 2567 1331 2615 et
1356 2552 1467 2618 No
1493 2555 1604 2616 erit
1641 2551 1731 2617 ad
1757 2551 2296 2644 perrumpendum,
2354 2549 2551 2618 Ezeeh.

459 2648 665 2716 XXX:
713 2656 810 2715 15.
845 2657 944 2716 16.
1019 2651 1279 2719 Dolores
1309 2656 1704 2745 parturientis
1748 2658 1994 2717 venient
2033 2652 2409 2745 EphraimO,
2460 2649 2551 2716 ille

437 2749 634 2845 filius
676 2777 798 2817 non
838 2756 1084 2847 sapt'ens
1101 2805 1114 2828 ,
1178 2756 1322 2846 quia
1357 2769 1588 2848 tempus
1628 2778 1749 2819 non
1785 2767 1908 2819 stat
1933 2758 1994 2818 in
2023 2768 2189 2819 utero
2207 2755 2549 2848 filiorum‚“

458 2853 682 2918 Hosch.
712 2854 895 2920 XIII:
935 2859 1031 2918 12.
1069 2859 1179 2924 13;
1236 2856 1457 2942 pariter
1496 2857 1632 2919 alibi
1677 2855 1989 2920 multoties.
2044 2857 2347 2936 Quoniam
2392 2865 2549 2920 natu·

459 2954 614 3020 rales
654 2956 1067 3043 generationes
1105 2954 1440 3041 significant
1467 2956 1796 3042 spirituales
1822 2958 1882 3018 in
1911 2943 2145 3028 Verbo,
2198 2968 2258 3021 et
2284 2957 2399 3022 hae
2427 2963 2549 3021 sunt

456 3078 492 3121 a
520 3057 810 3133 Domino,
862 3058 996 3120 inde
1038 3055 1170 3143 Ipse
1211 3067 1458 3123 vocatur
1498 3058 1815 3121 Formator
1846 3069 1905 3121 et
1934 3058 2200 3122 Eductor
2244 3061 2323 3122 ab
2370 3068 2547 3128 utero,

459 3159 618 3246 quod
675 3168 836 3249 patet
889 3180 960 3222 ex
1009 3157 1099 3223 his
1165 3157 1481 3230 „Jelzovah
1522 3159 1750 3225 Factor
1791 3173 1963 3233 tuus,
2015 3174 2072 3226 et
2114 3159 2441 3228 Formam
2478 3154 2545 3221 ab

458 3273 652 3337 utero,
734 3259 891 3347 Esaj.
950 3260 1174 3325 XLIV:
1229 3264 1285 3322 2.
1376 3260 1655 3326 Eductor
1718 3283 1882 3324 meus
1930 3261 2010 3326 ab
2065 3275 2266 3336 utero,
2338 3258 2543 3326 Psalm.

455 3362 664 3428 XXII:
713 3366 812 3426 to.
884 3358 1078 3453 Super
1124 3362 1209 3426 Te
1255 3364 1568 3452 impositus
1605 3385 1737 3425 sum
1779 3360 1860 3426 ab
1903 3375 2101 3437 utero,
2153 3386 2187 3426 e
2222 3360 2546 3426 visceribus

457 3467 669 3529 matris
706 3486 872 3527 meae
916 3463 1008 3527 Tu
1047 3461 1298 3528 eductor
1334 3486 1533 3536 meuS,
1603 3460 1819 3526 Psalm.
1860 3462 2090 3527 LXXI:
2134 3469 2191 3526 6.
2244 3460 2548 3530 Attendite

454 3564 545 3631 ad
567 3564 698 3638 Me,
730 3568 963 3657 portati
984 3562 1064 3627 ab
1091 3576 1276 3637 utero,
1308 3559 1424 3626 lati
1443 3586 1483 3625 a
1512 3560 1758 3639 vulva,“
1812 3563 1965 3649 Esaj.
2007 3562 2232 3630 XLVI:
2265 3567 2335 3636 ὃς
2388 3579 2545 3650 prae-

453 3675 547 3730 ter
574 3664 736 3729 alibi.
781 3663 924 3727 Inde
953 3667 1041 3727 est
1071 3662 1228 3748 quod
1258 3661 1547 3725 Dominus
1574 3662 1802 3727 dicatur
1825 3665 2026 3741 Pater,
2069 3673 2130 3728 ut
2162 3664 2316 3752 Esaj.
2347 3665 2464 3729 IX:
2492 3664 2541 3723 5.

453 3767 596 3854 Cap.
625 3763 861 3828 LXIII:
910 3767 1009 3827 16.
1063 3761 1205 3827 Joh.
1251 3762 1335 3825 X:
1380 3765 1481 3825 30.
1540 3763 1680 3850 Cap.
1722 3763 1896 3830 XIV:
1939 3770 1995 3828 8.
2046 3771 2114 3838 9;
2167 3778 2229 3828 et
2267 3761 2563 3851 quodilli,

455 3866 646 3956 quiin
674 3865 845 3932 bonis
869 3874 928 3928 et
957 3864 1111 3928 veris
1138 3872 1274 3927 sunt
1301 3862 1379 3927 ab
1411 3864 1578 3950 Ipso,
1625 3865 1903 3930 dicantur
1940 3865 2042 3929 filii
2084 3880 2141 3929 et
2183 3868 2303 3930 nati
2337 3888 2368 3930 a
2400 3865 2538 3933 Deo,

450 3978 514 4032 et
542 3967 710 4031 inter
741 3989 805 4031 se
830 3964 1074 4044 fratres,
1129 3965 1341 4030 Matth.
1381 3963 1615 4031 XXIII:
1652 3971 1709 4042 8,
1766 3960 1878 4060 [9]
1920 3977 2045 4032 tum
2085 3968 2245 4055 quod
2291 3962 2538 4033 Ecclesia

453 4069 685 4135 dicatur
711 4069 938 4148 Mater,
994 4066 1338 4133 Hosch.11:
1382 4070 1438 4131 2.
1471 4074 1527 4131 5.
1583 4065 1792 4131 Ezech.
1824 4065 2128 4134 XV1245.

607 4173 755 4236 584.
811 4169 899 4237 Ex
938 4169 1029 4237 his
1067 4190 1229 4235 nunc
1272 4178 1469 4258 patet,
1527 4166 1685 4254 quod
1714 4167 2247 4258 Correspondentia
2289 4171 2364 4235 sit
2403 4169 2541 4231 inter

454 4273 884 4340 Generationes
940 4272 1243 4339 naturales
1296 4280 1355 4335 et
1400 4268 1835 4333 Generationes
1884 4270 2248 4356 spirituales3
2317 4280 2375 4336 et
2416 4265 2537 4357 quia
