2750 4775
478 398 552 450 ’10
718 383 922 440 unu
954 383 1177 437 ΒΗΘΔ
1220 381 1758 437 ‘rut-:obusta
1802 384 1869 436 N.
1909 382 1976 440 C.
2017 382 2127 435 ET
2167 382 2236 437 N.
2281 381 2350 436 E.

472 538 826 605 ‘scrutinium
855 539 1108 624 cogitat,
1156 537 1316 623 quod
1343 559 1464 600 non
1496 536 1638 604 velit
1663 537 1796 612 illa,
1849 537 1989 624 quia
2018 546 2256 623 peccata
2285 548 2446 613 sunt,
2489 538 2577 602 ille

476 661 685 704 veram
714 648 774 703 et
799 639 1138 703 interiorem
1168 638 1591 725 paenitentiam
1625 638 1777 725 agiu
1829 649 1890 702 et
1927 637 2121 702 adbuc
2157 637 2295 726 plus
2336 639 2480 703 dum
2522 640 2579 701 in

478 741 738 829 jucundo
765 740 1001 805 illorum
1032 739 1319 803 malorum
1349 750 1471 815 est,
1522 752 1581 805 et
1625 739 1796 803 simul
1834 739 1894 802 in
1937 738 2123 804 libero
2162 738 2425 804 faciendi
2466 739 2579 815 illa,

480 851 542 907 et
579 851 720 908 tunc
759 842 970 907 resistit
1015 851 1071 904 et
1112 839 1406 912 abstinet;
1461 843 1560 929 qui
1599 840 1720 906 hoc
1752 840 1979 904 iteratis
2017 841 2246 905 vicibus
2289 851 2581 915 excercet,

479 944 580 1011 ille
621 942 875 1030 jucunda
923 941 1249 1018 malorum,
1312 941 1451 1006 dum
1496 941 1777 1016 redeunt,
1843 949 1909 1005 ut
1949 942 2266 1028 injucunda
2301 942 2581 1030 percipit,

479 1055 541 1110 et
566 1046 801 1109 demum
830 1045 1071 1107 damnat
1099 1040 1196 1106 illa
1226 1042 1299 1107 ad
1328 1043 1656 1107 infernum:
1710 1043 1824 1106 boc
1859 1052 1979 1116 est,
2033 1042 2190 1131 quod
2230 1043 2583 1128 intelligitur

483 1168 590 1234 per
616 1146 764 1210 haec
791 1145 1034 1211 Domini
1064 1143 1271 1218 verba,
1327 1144 1619 1237 Quisquis
1644 1143 1783 1209 vult
1813 1146 2073 1210 invenire
2094 1147 2365 1209 animam
2393 1169 2583 1217 suam,

474 1247 688 1341 perdet
712 1270 875 1321 eam,
925 1259 985 1311 et
1014 1247 1285 1339 quisquis
1308 1244 1640 1336 perdiderit
1679 1247 1942 1311 animam
1980 1269 2153 1310 suam
2177 1259 2440 1338 propter
2458 1244 2581 1319 Me,

481 1352 737 1414 inveniet
771 1345 972 1422 illam,
1026 1346 1235 1412 matth.
1271 1347 1357 1411 X:
1404 1351 1505 1411 8⁹.
1586 1347 1692 1410 Ille
1736 1347 1836 1432 qui
1878 1346 2032 1410 mala
2075 1345 2407 1410 voluntatis
2445 1364 2581 1409 suae

474 1471 590 1537 ‘per
613 1449 767 1513 hanc
798 1449 1216 1535 paenitentiam
1249 1458 1552 1522 removet,
1604 1447 1808 1512 similis
1845 1457 1933 1511 est
1972 1448 2085 1523 illi,
2138 1449 2236 1532 qui
2275 1448 2505 1512 zizania
2548 1466 2580 1507 a

481 1550 738 1615 Diabolo
768 1550 1114 1615 inseminata
1145 1570 1217 1613 ex
1246 1568 1394 1633 agro
1421 1548 1481 1611 in
1509 1558 1776 1636 tempore
1805 1548 2037 1623 evellit,
2088 1549 2243 1612 unde
2288 1549 2520 1613 semina
2548 1566 2580 1608 a

482 1652 744 1717 Domino
788 1652 922 1718 Deo
969 1650 1279 1715 Salvatore
1324 1650 1671 1737 implantata
1717 1650 2137 1715 nanciscuntur
2177 1649 2437 1715 liberam
2479 1648 2581 1711 bu-

481 1775 677 1828 muu,
729 1762 790 1816 et
818 1750 1150 1838 germinant
1178 1752 1241 1813 iu
1264 1771 1544 1827 messem,
1595 1750 1811 1818 nauh.
1853 1750 2036 1815 xm:
2084 1752 2167 1815 24
2197 1751 2271 1813 ad
2306 1755 2416 1815 80.

638 1856 785 1917 533.
838 1852 989 1918 Sunt
1016 1852 1135 1915 duo
1163 1873 1397 1915 amores
1422 1853 1522 1937 qui
1549 1872 1583 1914 e
1612 1852 1910 1937 longaevo
1943 1861 2205 1939 tempore
2240 1851 2450 1936 generi
2477 1849 2581 1912 hu·

482 1975 660 2019 mano
689 1952 989 2018 irradicati
1029 1964 1193 2027 sunt,
1247 1974 1418 2016 amor
1445 1952 1787 2017 dominandi
1826 1973 2003 2037 super
2033 1967 2267 2026 omnes,
2325 1962 2387 2017 et
2418 1969 2581 2014 amor

483 2054 816 2146 possidendi
844 2055 1105 2118 omnium
1136 2053 1324 2128 bona;
1379 2055 1542 2139 prior
1574 2075 1777 2129 amor,
1825 2055 1872 2118 si
1900 2053 1954 2116 ei
1983 2053 2330 2117 relaxantur
2359 2055 2577 2126 fraena,

482 2159 602 2221 ruit
629 2178 701 2221 eo
730 2176 917 2243 usque
943 2164 1009 2219 ut
1037 2154 1177 2219 velit
1206 2178 1329 2220 esse
1360 2156 1523 2221 Deus
1552 2155 1729 2231 caeli,
1785 2164 1842 2218 et
1876 2154 2164 2242 posterior
2189 2176 2399 2229 amor,
2452 2155 2498 2223 si
2527 2150 2576 2213 ei

484 2258 828 2322 relaxantur
872 2255 1112 2332 fraena,
1167 2256 1282 2320 ruit
1326 2278 1398 2319 eo
1444 2275 1630 2342 usque
1678 2265 1741 2319 ut
1787 2256 1928 2320 velit
1974 2276 2097 2320 esse
2138 2255 2302 2320 Deus
2347 2253 2575 2322 mundi;

485 2357 578 2423 his
620 2356 852 2423 duobus
896 2358 1195 2424 amoribus
1233 2357 1603 2422 subordinati
1646 2365 1783 2423 sunt
1828 2376 2031 2422 omnes
2085 2356 2292 2445 reliqui
2352 2373 2577 2421 amores

488 2459 662 2533 mali,
714 2458 812 2545 qui
851 2470 985 2524 sunt
1031 2461 1348 2526 exercitus:
1402 2458 1504 2522 sed
1545 2458 1675 2522 illos
1717 2459 1864 2524 duos
1901 2459 2238 2547 explorare,
2275 2476 2574 2544 perquam

489 2559 717 2624 difficile
756 2570 861 2634 est,
914 2562 1049 2647 quia
1079 2562 1280 2624 intime
1307 2559 1585 2633 resident,
1637 2569 1696 2622 et
1727 2580 1789 2625 se
1817 2558 2209 2636 abscondunt,
2262 2571 2397 2624 sunt
2421 2556 2572 2622 enim

486 2660 639 2725 sicut
675 2660 910 2749 viperae
949 2664 1008 2725 in
1048 2671 1214 2748 petra
1259 2660 1622 2725 foraminosa
1671 2660 2032 2734 occultatae,
2086 2680 2238 2747 quae
2283 2674 2572 2739 venenum

489 2783 658 2827 suum
703 2764 989 2837 retinent,
1052 2773 1114 2825 ut
1156 2763 1294 2826 dum
1341 2762 1480 2843 quis'
1509 2783 1686 2846 super
1732 2772 1897 2846 petra
1937 2762 2032 2825 illa
2076 2763 2284 2837 cubat,
2340 2758 2575 2825 lethales

488 2862 637 2928 ictus
662 2863 965 2952 infligunt,
1019 2871 1077 2926 et
1105 2886 1166 2927 se
1198 2860 1529 2926 retrahunt.
1606 2862 1757 2926 Sunt
1784 2864 1961 2929 etiam
1998 2865 2148 2927 sicut
2191 2873 2457 2925 veterum
2495 2859 2578 2922 Si·

486 2985 690 3043 renes,
743 2988 895 3053 quae
924 2973 1100 3027 cantu
1126 2963 1485 3028 allectabant
1511 2962 1796 3039 homines,
1848 2973 1908 3027 et
1936 2985 2041 3051 per
2067 2962 2228 3027 illum
2257 2966 2575 3027 necabant:

487 3064 570 3130 illi
607 3065 728 3130 bini
770 3087 1003 3130 amores
1041 3065 1218 3128 etiam
1258 3087 1321 3129 se
1362 3073 1654 3129 exornant
1700 3064 2024 3129 illustribus
2062 3065 2213 3150 togis
2251 3073 2310 3127 et
2354 3061 2577 3130 tunicis,

487 3169 637 3232 sicut
679 3167 954 3232 diabolus
994 3187 1065 3228 ex
1114 3168 1339 3253 magica
1385 3165 1689 3252 phantasia
1729 3165 1888 3229 inter
1929 3187 2098 3239 suos,
2149 3176 2206 3228 et
2248 3167 2404 3229 inter
2443 3162 2577 3226 alios

489 3291 637 3356 quos
682 3269 808 3334 vult
860 3268 1123 3332 illudere.
1215 3269 1333 3333 Sed
1381 3267 1563 3354 probe
1602 3265 1901 3331 sciendum
1949 3276 2071 3341 est,
2123 3267 2278 3351 quod
2323 3266 2407 3330 illi
2462 3257 2575 3327 bini

489 3389 723 3435 amores
752 3370 969 3455 possint
1001 3369 1127 3454 'plus
1164 3388 1415 3453 regnare
1457 3368 1611 3452 apud
1644 3389 1860 3455 parvos
1883 3389 2076 3454 quam
2119 3368 2276 3454 apud
2317 3382 2572 3453 magnos.

488 3469 641 3557 apud
669 3470 874 3556 inopes
902 3491 1079 3555 quain
1121 3469 1274 3555 apud
1318 3470 1661 3555 opulentos,
1713 3468 1866 3556 apud
1906 3469 2172 3534 subditos
2210 3490 2383 3555 quam
2428 3459 2572 3553 apud

464 3571 722 3654 'Reges,
772 3569 833 3634 hi
856 3572 1020 3635 enim
1052 3572 1172 3632 nati
1203 3579 1342 3632 sunt
1370 3569 1444 3631 ad
1474 3568 1795 3634 dominium
1824 3579 1883 3632 et
1911 3570 1985 3632 ad
2014 3589 2219 3655 gazas,
2272 3590 2428 3656 quae
2455 3578 2574 3629 tau·

490 3670 624 3734 dem
654 3669 753 3734 illa
782 3691 899 3733 non
931 3669 1102 3733 aliter
1131 3669 1454 3754 aspiciunt,
1507 3692 1686 3756 quam
1710 3671 1859 3734 sicut
1889 3670 2039 3735 alius
2077 3692 2182 3735 sua
2212 3669 2499 3734 famulitia
2522 3669 2573 3726 et

491 3771 921 3856 possessionata
942 3818 958 3845 ,
1012 3779 1250 3858 praetor
1276 3792 1410 3847 sua,
1451 3772 1891 3836 administrator
1916 3794 2052 3849 sua,
2101 3772 2432 3835 navarchus
2456 3785 2571 3836 sua,

490 3872 609 3934 imo
639 3870 790 3936 sicut
821 3892 1047 3959 pauper
1074 3872 1318 3937 colonus
1344 3895 1484 3937 sua:
1539 3875 1709 3938 aliter
1744 3894 1883 3935 vero
1909 3874 2109 3959 Reges
2138 3873 2236 3956 qui
2279 3874 2353 3935 ad
2396 3863 2570 3935 domi-

488 3971 652 4037 nium
680 3993 857 4059 super
893 3973 1142 4041 aliorum
1182 3973 1409 4061 Regna.
1491 3973 1667 4054 Quod
1709 3971 2065 4038 intentiones
2112 3973 2447 4038 Voluntatis
2484 3986 2573 4032 ex·

490 4073 813 4160 plorandae
838 4072 983 4153 sint,
1038 4086 1125 4143 est
1153 4097 1324 4141 causa
1344 4123 1362 4152 ,
1412 4075 1552 4162 quia
1578 4073 1638 4136 in
1665 4071 1985 4140 Voluntate
2010 4073 2227 4139 residet
2252 4095 2451 4147 arnor,
2492 4072 2571 4132 est

492 4175 649 4239 enim
677 4174 967 4243 Voluntas
991 4176 1431 4265 receptaculum
1457 4172 1612 4260 ejus,
1665 4182 1729 4238 ut
1755 4196 1933 4264 supra
1961 4184 2258 4241 ostensum
2286 4186 2405 4251 est,
2456 4190 2570 4237 om·

492 4276 583 4341 nis
609 4296 778 4344 amor
804 4277 939 4343 inde
969 4279 1221 4369 exspirat
1260 4274 1518 4361 jucunda
1562 4295 1667 4340 sua
1713 4275 1771 4339 in
1816 4275 2145 4342 intellectus
2184 4276 2572 4366 perceptiones
