2750 4775
959 333 1082 389 xll.
1163 331 1698 393 BAP'HSMUS.
2258 349 2361 398 2⁰1

270 507 383 553 uec
428 484 670 552 Abaton
718 488 906 575 potuit
950 486 1268 564 accedere,
1292 479 1432 553 ³nisi
1471 489 1653 554 semel
1689 490 1755 553 in
1794 487 2000 567 Anno,
2054 501 2366 579 postquam

264 591 610 677 expiaverat
637 612 698 655 se
729 609 835 677 per
859 587 1160 660 Sacrificia
1187 598 1248 653 et
1273 588 1527 656 Suffitus.
1607 589 1751 655 Inde
1777 600 1935 666 erat,
1990 593 2147 679 quod
2175 592 2368 660 Ekro-

261 690 430 754 nitae
458 699 517 752 et
543 690 1012 755 Betbschemitae
1041 690 1116 754 ad
1145 691 1312 779 plura
1343 691 1523 760 millia
1555 691 1771 756 mortui
1808 693 1921 756 sint
1940 740 1957 768 ,
2009 694 2198 758 solum
2227 694 2363 780 quia

223 805 227 811 ’
264 791 460 858 ocutis
485 792 603 856 suis
633 791 909 855 viderunt
936 789 1186 866 Arcam,
1242 790 1271 855 l
1298 789 1457 857 Sam.
1486 791 1572 857 V:
1620 794 1719 856 11.
1766 795 1867 855 12.
1923 791 2062 880 Cap.
2093 793 2212 857 Ἧι
2249 799 2364 870 10;

258 903 328 957 et
354 913 595 979 quoque
621 892 777 969 Usa,
831 893 966 980 quia
995 892 1187 978 tetigit
1225 891 1419 968 illam,
1473 891 1531 956 ΙΙ
1558 892 1715 957 Sam.
1745 891 1860 959 vt:
1908 899 1965 958 6.
2011 899 2068 958 Ἷ.
2147 894 2237 958 Ex
2275 893 2366 960 bis

257 992 472 1081 paucis
496 993 850 1062 illustratum
879 1001 996 1067 est,
1043 993 1200 1080 quali
1228 991 1606 1057 anathemate
1634 1003 1692 1057 et
1719 1001 1913 1079 strage
1942 994 2201 1084 percussi
2227 992 2368 1064 fuis-
2459 1001 2466 1008 '

154 1105 161 1111 ‘
256 1103 401 1159 sent
444 1093 694 1170 Judaei,
746 1095 854 1172 nisi
903 1094 1236 1182 praeparati
1282 1114 1388 1181 per
1428 1094 1728 1182 Baptisma
1772 1093 2062 1162 Johannis
2102 1097 2177 1161 ad
2219 1097 2368 1160 reci-

254 1194 548 1285 piendum
578 1196 888 1272 Messiam,
940 1194 1039 1282 qui
1078 1194 1187 1258 fuit
1226 1193 1504 1260 Jebovah
1533 1196 1697 1261 Deus
1733 1196 1792 1258 in
1823 1196 2101 1262 Humana
2140 1195 2363 1272 forma;

257 1307 327 1362 et
374 1296 484 1361 nisi
528 1295 872 1363 Humanum
912 1296 1279 1370 assumserit,
1330 1305 1391 1360 et
1430 1295 1518 1362 sic
1557 1318 1620 1361 se
1661 1295 2046 1369 revelaverit;
2110 1308 2169 1363 et
2207 1298 2365 1386 quod

254 1398 605 1487 praeparati
643 1397 758 1461 sint
798 1420 902 1487 per
938 1397 1027 1474 id,
1080 1397 1237 1484 quod
1280 1398 1339 1460 in
1368 1396 1550 1462 Caelo
1587 1397 1863 1485 adscripti
1902 1407 1960 1461 et
2000 1399 2368 1463 adnumerati

253 1499 384 1565 sint
410 1498 551 1574 illis,
607 1498 705 1586 qui
734 1498 911 1563 corde
938 1507 1431 1586 exspectaverunt
1468 1507 1526 1562 et
1558 1499 2041 1565 desideraverunt
2071 1500 2365 1578 Messiam„

251 1620 337 1665 ex
367 1622 484 1688 quo
509 1609 649 1666 tunc
674 1598 885 1687 Angeli
913 1600 1071 1665 missi
1099 1609 1237 1668 sunt
1265 1608 1323 1665 et
1365 1598 1509 1666 sacti
1547 1598 1785 1665 illorum
1824 1599 2113 1665 custodes.

1064 1764 1578 1808 *****

423 1913 569 1971 692.
634 1905 749 1975 His
790 1907 1066 1995 adjiciam
1105 1904 1257 1972 haec
1296 1909 1787 1983 Maiorianum
1839 1910 2130 1975 anmu.
2206 1909 2365 1974 Dum

255 2027 341 2074 ex
369 2008 540 2073 Ludo
580 2009 933 2095 sapientiae,
986 2009 1212 2074 abirem
1257 2008 1532 2084 domum,
1583 2010 1644 2071 in
1685 2010 1779 2077 via
1821 2010 1939 2080 vidi
1980 2008 2269 2095 Angelum
2310 2011 2370 2075 iu

257 2120 433 2179 veste
459 2108 875 2199 hyacinthina
927 2107 1025 2171 hic
1052 2109 1319 2196 adjunxit
1357 2130 1420 2173 se
1457 2109 1625 2174 lateri
1654 2105 1817 2187 meo,
1871 2121 1930 2176 et
1969 2110 2143 2187 dixit,
2193 2111 2368 2177 video

258 2211 438 2298 quod·
458 2229 490 2274 e
516 2209 689 2274 Ludo
713 2209 1034 2296 sapientiae
1061 2209 1345 2286 exiveris,
1395 2219 1456 2273 et
1494 2210 1650 2295 quod
1692 2233 1762 2276 ex
1787 2211 2012 2277 auditis.
2041 2212 2121 2276 ibi
2155 2211 2370 2276 laetiti-

261 2321 436 2382 catus
460 2310 565 2383 sis;
620 2319 676 2373 et
705 2310 841 2396 quia
872 2309 1127 2398 percipio
1147 2357 1165 2386 ,
1208 2311 1373 2397 quod
1404 2332 1523 2374 non
1550 2313 1754 2400 plenus
1776 2313 1857 2378 sis
1886 2313 1946 2377 iu
1977 2311 2091 2378 hoc
2119 2314 2366 2393 Mundo,

263 2413 411 2497 quia
437 2409 617 2475 simul
635 2412 695 2472 in
723 2410 954 2476 Mundo
981 2410 1238 2477 naturali
1263 2433 1357 2488 es,
1411 2421 1469 2476 et
1496 2412 1629 2477 ideo
1656 2415 1841 2479 neseis
1874 2424 2072 2480 nostra
2101 2414 2366 2507 Gymna-

262 2512 356 2577 sia
383 2512 766 2601 Olympiaca,
816 2511 918 2575 ubi
947 2521 1178 2589 veteres
1203 2512 1384 2601 Sopbi
1413 2515 1805 2592 conveniunt,
1858 2526 1915 2580 et
1945 2538 2016 2580 ex
2047 2517 2291 2584 advenis
2329 2539 2362 2582 e

262 2623 376 2676 tuo
417 2612 644 2677 Mundo
684 2611 997 2688 hauriunt,
1062 2635 1208 2700 quas
1242 2622 1431 2679 status
1453 2617 1821 2693 ‚mutationes
1866 2628 1925 2681 et
1967 2618 2363 2684 successiones

172 2734 175 2743 ’
255 2711 571 2780 subiverat
608 2723 668 2777 et
706 2712 902 2780 adbuc
939 2713 1095 2779 subit
1121 2714 1455 2802 Sapientia:
1506 2717 1554 2782 si
1593 2718 1681 2793 vis
1718 2717 2004 2783 deducam
2052 2729 2109 2783 te
2152 2718 2226 2784 ad
2269 2719 2360 2783 lo·

256 2835 431 2890 cum,
482 2815 581 2880 ubi
612 2816 807 2902 plures
832 2836 901 2878 ex
942 2818 1187 2881 vetustis
1210 2815 1455 2904 Sophis,
1506 2827 1562 2883 et
1602 2818 1836 2883 illorum
1885 2817 2048 2896 filiis,
2098 2818 2212 2885 hoc
2247 2828 2357 2895 est,

256 2915 590 3003 discipulis,
643 2916 945 2991 habitan-u
999 2926 1058 2980 et
1088 2917 1326 2982 deduxit
1354 2938 1451 2982 me
1474 2918 1535 2981 in
1574 2916 1891 2984 confinium
1925 2919 2080 2983 inter
2115 2918 2362 3006 Septen·

251 3017 514 3082 trionem
543 3028 601 3081 et
629 3017 971 3094 Orientem,
1021 3027 1081 3081 et
1107 3018 1246 3085 dum
1274 3040 1306 3083 e
1334 3020 1469 3083 loco
1495 3020 1669 3085 edito
1709 3016 1845 3083 illuc
1871 3019 2171 3108 prospexi,
2223 3039 2362 3083 ecce

253 3117 396 3183 visa·
417 3128 506 3183 est
536 3117 728 3194 Urbs,
766 3128 825 3182 et
852 3118 924 3182 ad
954 3141 1136 3184 unum
1168 3119 1293 3204 ejus
1319 3121 1473 3184 latus
1499 3121 1617 3185 duo
1646 3120 1832 3196 Clivi,
1875 3129 1935 3183 et
1961 3118 2201 3207 propior
2229 3120 2360 3184 urbi

252 3216 540 3284 humilior
568 3220 788 3294 altero;
845 3228 902 3282 et
944 3219 1085 3284 dixit
1112 3219 1284 3297 mihi,
1337 3221 1499 3286 Urbs
1541 3221 1639 3286 illa
1679 3229 1929 3287 vocatur
1965 3216 2356 3297 Athenaeum,

256 3316 465 3385 Clivus
493 3318 769 3385 humilior
796 3319 1206 3397 Parnassium,
1253 3331 1312 3385 et
1350 3321 1524 3385 altior
1553 3321 1974 3396 Heliconeum;
2027 3322 2110 3385 ita
2139 3341 2360 3386 vocan-

251 3430 393 3497 tur,
446 3421 586 3507 quia
624 3422 685 3483 in
726 3419 892 3486 Urbe
937 3430 996 3485 et
1035 3421 1255 3485 circum
1295 3421 1456 3486 illam
1497 3433 1938 3487 commorantur
1979 3420 2362 3489 Veteressa·

250 3521 487 3610 pientes
523 3521 585 3585 in
611 3518 896 3597 Graecia,
939 3530 1005 3586 ut
1031 3522 1436 3612 Pythagoras,
1474 3523 1781 3599 Socrates,
1834 3520 2195 3611 Aristippus,
2238 3524 2360 3590 Xe-

251 3621 534 3710 nophon,
601 3645 732 3687 cum
771 3623 1066 3711 discipulis
1103 3633 1160 3686 et
1204 3624 1524 3699 tironibus;
1576 3633 1636 3688 et
1688 3625 1951 3710 quaesivi
1989 3626 2064 3690 de
2107 3625 2358 3692 Platone

253 3733 320 3789 et
346 3720 698 3801 Aristotele,
734 3724 911 3800 dixit,
958 3723 1115 3810 quod
1143 3724 1224 3788 illi
1252 3734 1312 3788 et
1338 3725 1575 3789 illorum
1604 3725 1857 3791 asseclae
1883 3728 1943 3790 in
1972 3729 2086 3793 alia
2114 3729 2359 3814 regione

251 3823 565 3902 habitent,
630 3825 766 3913 quia
812 3822 872 3887 hi
920 3825 1246 3889 docuerunt
1293 3825 1601 3891 rationalia
1645 3847 1797 3913 quae
1836 3828 2167 3917 intellectus
2205 3837 2360 3905 sunt,

254 3923 344 3988 illi
372 3934 573 3990 autem
602 3925 848 3991 moralia
878 3947 1031 4013 quae
1058 3925 1214 3993 vitae
1240 3937 1395 3992 sunt.
1463 3926 1658 4002 Dixit,
1696 3926 1854 4016 quod
1882 3950 1952 3992 ex
1980 3929 2156 3994 Urbe
2175 3925 2359 3992 Athe-

254 4047 414 4093 naeo
440 4024 783 4116 frequenter
810 4027 1160 4114 ablegentur
1196 4027 1440 4094 studiosi
1479 4028 1553 4093 ad
1587 4028 1855 4094 literatos
1897 4051 1966 4095 ex
1991 4028 2356 4104 Christianis,

252 4136 324 4192 ut
347 4137 595 4193 narrent
621 4129 760 4216 quid
787 4127 965 4195 hodie
994 4128 1257 4215 cogitant
1298 4129 1370 4193 de
1402 4129 1532 4193 Deo
1550 4177 1567 4206 ,
1618 4128 1689 4194 de
1719 4129 2033 4193 Creatione
2059 4127 2356 4201 Universi,

256 4227 329 4292 de
358 4226 809 4297 Immortalitate
837 4230 1101 4306 animae,
1157 4230 1227 4293 de
1256 4229 1430 4295 Statu
1456 4228 1707 4294 hominis
1735 4228 1984 4293 relativo
2027 4226 2100 4292 ad
2142 4234 2355 4289 statum
