2750 4775
453 376 523 427 76
688 361 1145 420 UMVERSA
1187 362 1720 418 THBOLOGIA
1766 364 1834 416 N.
1875 360 1938 417 C.
1981 362 2077 416 ΕΤ
2116 358 2185 419 Β.
2228 363 2291 416 Ε.

448 529 581 596 tur,
632 526 691 582 et
718 529 1102 588 removentur
1125 520 1275 584 sicut
1304 516 1488 582 homo
1519 528 1721 606 postea
1759 517 2100 586 desistitab
2135 517 2284 594 illis,
2329 526 2387 580 et
2423 537 2517 582 no—

452 642 587 685 vam
618 620 799 688 vitam
845 619 1200 707 ingreditur3
1251 628 1390 685 sunt
1431 619 1585 682 enim
1625 618 1972 683 innumerae
2003 616 2522 707 concupiscentiae,

450 742 605 809 quae
631 721 815 787 cuivis
845 721 1033 800 malo,
1084 731 1147 784 ut
1174 722 1237 786 in
1265 720 1501 806 glomo,
1553 718 1894 795 inhaerent,
1940 741 2096 806 quae
2137 739 2258 784 non
2299 729 2524 807 possunt

450 832 749 886 momento
780 822 1080 898 amoveri,
1128 824 1231 887 sed
1261 821 1590 886 successive
1615 821 1763 885 sicut
1790 819 1978 886 homo
2011 843 2073 885 se
2105 822 2332 906 patitur
2353 820 2525 885 refor-

452 925 600 988 mari
647 934 704 987 et
748 924 1102 1009 regenerari.
1182 921 1387 988 Altera
1436 942 1610 986 causa
1656 931 1778 999 est,
1827 921 1990 1008 quod
2031 923 2372 997 Dominuss
2400 922 2524 1007 quia

448 1034 536 1090 est
581 1024 714 1114 Ipsa
762 1024 1206 1100 Misericordia,
1272 1025 1542 1088 remittat
1598 1024 1872 1090 omnibus
1925 1043 2029 1087 sua
2087 1019 2364 1110 peccata,
2429 1044 2526 1090 nec

452 1148 634 1189 unum
665 1125 836 1189 alicui
864 1126 1138 1213 imp-utet,
1190 1125 1331 1189 dicit
1360 1125 1514 1188 enim
1535 1170 1554 1198 ,
1605 1145 1725 1188 non
1751 1125 1942 1202 sciunt
1968 1126 2103 1211 quid
2133 1123 2392 1200 faciunt,
2433 1123 2528 1188 sed

410 1301 429 1324 ο
454 1247 641 1313 usque
672 1249 789 1289 non
815 1225 948 1292 ideo
987 1225 1185 1291 ablata
1225 1235 1392 1300 sunt,
1445 1246 1580 1289 nam
1620 1224 1802 1290 Petro
1841 1226 2264 1311 interroganti,
2317 1224 2532 1312 quoties

451 1328 775 1391 remitteret
804 1326 970 1391 fratri
997 1350 1105 1392 suo
1131 1326 1379 1400 delicta,
1430 1347 1570 1390 num
1598 1347 1783 1412 usque
1807 1325 1882 1390 ad
1910 1329 2152 1414 septies,
2205 1326 2352 1390 dixit
2366 1349 2392 1402 ‚·
2423 1347 2531 1390 non

452 1428 590 1492 dico
637 1427 741 1493 tibi
780 1429 854 1491 ad
887 1429 1129 1514 septies,
1180 1428 1280 1492 sed
1323 1449 1505 1514 usque
1546 1427 1620 1491 ad
1659 1429 1995 1515 septuagies
2030 1427 2279 1515 septies,
2332 1425 2530 1494 Matth.

450 1528 692 1594 XVIII:
737 1535 842 1594 21.
888 1533 1008 1605 Ὧς
1046 1529 1201 1617 ‘quid
1244 1550 1364 1593 non
1411 1529 1716 1594 Dominus.
1805 1528 1924 1592 Sed
1965 1549 2149 1615 usque
2190 1550 2316 1593 non
2354 1535 2531 1603 nocet,

449 1630 607 1716 quod
648 1631 779 1717 quis
820 1639 1101 1717 gravatus
1141 1628 1535 1705 conscientia,
1590 1639 1652 1692 ut
1694 1627 1957 1705 levetur,
2021 1651 2223 1693 coram
2269 1632 2538 1697 Ministro

447 1730 745 1797 Ecclesiae
781 1741 1021 1819 peccata
1061 1752 1164 1795 sua
1207 1740 1544 1806 enumeret,
1599 1750 1773 1794 causa
1814 1730 2248 1806 absolutionisr
2286 1732 2422 1819 quia
2456 1729 2533 1794 sic

447 1832 842 1897 introducitur
885 1832 944 1895 in
982 1831 1248 1897 habitum
1296 1833 1641 1921 explorandi
1687 1853 1783 1905 se,
1835 1839 1893 1893 et
1934 1853 2111 1928 super
2149 1832 2306 1897 mala
2356 1830 2537 1920 quoti-

444 1932 619 1998 diana
648 1931 1017 2005 reflectendi;
1069 1932 1171 1998 sed
1211 1930 1358 1996 haec
1391 1932 1809 1998 Confessio-est
1851 1932 2168 2008 naturalis,
2218 1955 2401 2022 supra
2441 1933 2535 1997 de-

441 2035 655 2122 scripta
683 2045 879 2099 autem
914 2042 1003 2095 est
1032 2033 1364 2122 spiritualis.

599 2140 747 2200 5160.
801 2130 1072 2198 Adorare
1118 2135 1372 2222 aliquem
1421 2135 1721 2202 vicarium
1767 2155 1944 2222 super
1984 2144 2177 2213 terra,
2231 2145 2339 2199 aut
2379 2136 2538 2199 invo-
2579 2203 2584 2208 .

447 2258 585 2301 care
631 2235 886 2321 aliquem
935 2234 1251 2311 Sanctum,
1304 2246 1365 2299 ut
1412 2235 1643 2326 Deum,
1697 2257 1816 2299 non
1859 2235 1988 2322 plus
2034 2235 2191 2299 valet
2236 2237 2298 2299 in
2345 2236 2538 2310 Caelo,

448 2358 625 2426 quam
654 2336 805 2401 sicut
835 2338 1163 2427 supplicare
1184 2338 1266 2406 ad
1296 2338 1529 2414 Solem,
1581 2335 1848 2413 Lunam,
1900 2346 1958 2401 et
1998 2334 2204 2415 Astra,
2249 2346 2322 2402 et
2366 2358 2539 2427 quae-

448 2459 581 2502 rere
622 2437 1154 2504 Divinatoremde
1197 2460 1513 2528 responso,
1567 2448 1625 2502 et
1665 2439 1905 2507 credere
1947 2437 2333 2524 effato-ejus,
2365 2438 2540 2527 .quod

449 2558 670 2605 vanum
709 2548 828 2612 est;
895 2538 1007 2605 hoc
1046 2539 1201 2605 foret
1244 2529 1423 2605 etiam
1469 2541 1617 2604 sicut
1658 2540 1908 2604 adorare
1954 2540 2268 2628 Templum
2322 2551 2382 2605 et
2426 2561 2541 2605 uon

446 2640 639 2705 Deum
667 2640 726 2703 in
757 2639 1035 2731 Templo:
1087 2651 1145 2703 et
1173 2640 1328 2705 foret
1354 2641 1502 2704 sicut
1528 2642 1857 2727 supplicare
1882 2662 2120 2705 servum
2152 2643 2356 2728 Regis,
2411 2662 2542 2730 por·

446 2750 670 2806 tantem
697 2762 875 2805 manu
901 2752 1196 2829 sceptrum
1226 2752 1284 2805 et
1312 2762 1593 2807 coronam
1623 2742 1779 2827 ejus,
1825 2743 1897 2805 de
1928 2741 2254 2809 honoribus
2283 2745 2542 2828 gloriae,

446 2852 507 2908 et
533 2864 652 2909 non
684 2844 869 2933 ipsum
902 2846 1169 2929 Regem:
1223 2853 1283 2907 et
1324 2842 1439 2905 boc
1477 2844 1709 2906 irritum
1751 2841 1938 2919 foret,
1989 2844 2139 2907 sicut
2172 2845 2473 2911 abstracte
2507 2862 2541 2906 a

448 2944 726 3032 subjectis
752 2945 1006 3011 osculari
1045 2944 1415 3030 splendorem
1448 2964 1774 3032 purpurae,
1826 2944 2109 3030 gloriam,
2162 2945 2391 3023 lucem,
2442 2966 2544 3010 au-

448 3066 583 3112 reos
609 3047 805 3111 radios
822 3047 1002 3125 solis,
1053 3056 1110 3108 et
1139 3046 1329 3110 solum
1362 3066 1609 3111 nomen:
1661 3044 1781 3109 Pro
1808 3045 1951 3122 illis,
2006 3046 2105 3132 qui
2136 3046 2272 3111 talia
2300 3047 2544 3128 faciunt,

356 3198 363 3207 .
443 3147 560 3213 sint
605 3146 786 3222 haec,
846 3147 1005 3250 apud
1053 3148 1425 3222 Johannem‚
1493 3147 1823 3213 Mammas
1857 3150 1922 3212 in
1971 3152 2226 3213 »zemate
2268 3152 2333 3213 in
2376 3150 2533 3215 Jesu

448 3246 714 3324 Chris-10,
765 3242 889 3314 Hi'c
915 3263 1005 3314 est
1030 3272 1218 3313 verus
1243 3248 1417 3314 Deus
1453 3262 1510 3313 et
1560 3248 1717 3316 Vita
1744 3264 2022 3321 aeterna
2055 3248 2546 3341 fili01i,0avete

440 3349 623 3417 vobis
665 3350 744 3417 ab
788 3347 1007 3425 idolis,
1067 3355 1096 3413 1
1141 3350 1328 3437 Epist.
1369 3348 1455 3411 V:
1502 3353 1603 3413 20.
1635 3351 1740 3413 21

446 3573 631 3658 Quod
679 3574 939 3641 actualis
989 3562 1384 3641 Paenitentia
1408 3570 1640 3662 sacilzlc
1694 3580 1774 3642 sit
1823 3574 1997 3671 apud
2038 3575 2183 3644 illos
2201 3627 2219 3654 ‚
2270 3582 2378 3671 qui
2426 3577 2542 3644 ali-

443 3676 675 3766 quoties
717 3672 888 3739 illam
929 3688 1202 3765 egerunt,
1248 3674 1363 3742 sed
1398 3701 1626 3743 summe
1670 3673 2031 3766 rfiactaria
2069 3677 2226 3756 illis,
2275 3683 2383 3773 q'ui
2415 3704 2542 3747 non

1349 3793 1612 3870 egerunt.

510 3996 517 4003 ·
591 3956 737 4018 561.
789 3949 1052 4020 Actualis
1080 3955 1437 4045 paenitentia
1466 3966 1555 4021 est
1579 3977 1642 4019 se
1669 3955 2008 4042 explorare,
2048 3976 2405 4044 cognoscere
2430 3976 2540 4022 sua

438 4064 713 4144 peccata,
767 4054 1034 4122 confiteri
1065 4079 1128 4123 se
1156 4074 1362 4122 coram
1391 4056 1678 4132 Domino,
1731 4065 1790 4121 et
1828 4057 1912 4121 sic
1956 4076 2176 4124 novam
2222 4060 2405 4122 vitam
2444 4056 2539 4122 in·

435 4153 689 4233 choare3
741 4167 830 4226 est
866 4158 966 4225 illa
1010 4159 1332 4226 secundum
1371 4156 1821 4244 descriptionem
1867 4158 1994 4243 ejus
2032 4160 2097 4223 in
2135 4157 2538 4225 antecedenti-

438 4255 579 4334 bus3
630 4257 778 4326 haec
807 4259 865 4326 in
894 4259 1230 4329 Christiano
1260 4256 1613 4324 Reformato
1641 4258 1828 4335 Orbe,
1869 4281 1976 4347 per
1998 4281 2174 4347 quem
2201 4259 2538 4349 intelligun-
