2750 4775
438 383 507 432 Βῆ
666 369 1126 425 UNIVERSA
1171 369 1705 423 THEOLOGIA
1751 373 1820 426 N.
1865 370 1927 424 C.
1973 372 2082 422 ET
2125 372 2191 424 N.
2235 372 2299 427 E.

434 535 496 591 et
523 545 725 589 annon
754 523 977 611 egimus
1002 524 1451 612 paenitentiam,
1495 545 1628 589 cum
1661 524 1910 590 confessi
1937 547 2137 590 sumus
2163 526 2321 613 quod
2350 527 2545 594 simus

436 634 807 716 peccatores;
861 626 1189 710 curitaque
1216 625 1331 690 hoc
1366 625 1539 690 nobis
1577 626 1789 690 evenit.
1850 625 1971 690 Sed
2014 635 2161 690 tunc
2200 627 2399 693 audita
2444 639 2547 693 est

435 748 553 793 vox
581 728 653 792 ad
682 726 814 792 illos
840 747 872 790 a
902 726 1118 801 latere,
1162 749 1238 792 an
1264 727 1423 792 scitis
1450 727 1631 791 ullum
1664 739 1965 813 peccatum
1998 728 2056 791 in
2084 751 2202 815 quo
2230 730 2401 806 estis,
2451 752 2542 793 an

434 850 682 917 usquam
727 828 1136 914 exploravistis
1165 850 1305 903 vos,
1359 849 1438 892 an
1479 828 1609 894 ideo
1659 829 1888 915 fugistis
1923 829 2160 916 aliquod
2202 831 2421 895 malum
2471 841 2548 895 ut

432 938 987 1020 peccatum.contra
1035 930 1264 1004 Deum,
1316 939 1379 991 et
1423 930 1519 1015 qui
1565 951 1685 992 non
1735 929 1885 1016 fugit
1929 930 2102 1007 illud,
2157 940 2244 995 est
2283 933 2344 993 in
2394 933 2539 1005 ἰΙΙος

430 1042 594 1098 estne
634 1041 943 1118 peccatum
985 1031 1287 1104 diabolus,
1339 1051 1524 1114 quare
1551 1032 1688 1095 estis
1715 1032 1788 1094 de
1814 1033 2029 1117 quihus
2058 1032 2345 1105 Dominus
2372 1034 2543 1111 dicit,

439 1135 610 1200 Tunc
653 1134 945 1225 incipietis
983 1131 1208 1206 dicere,
1268 1129 1504 1195 edimus
1543 1155 1743 1196 coram
1791 1133 1877 1198 Te
1922 1146 1979 1196 et
2018 1131 2304 1210 bibimus,
2369 1149 2428 1200 et
2468 1139 2542 1199 in

424 1234 653 1328 plateis
680 1237 901 1299 nostris
930 1232 1203 1306 docuisti,
1257 1230 1372 1297 sed
1393 1230 1579 1309 dicet,
1634 1231 1772 1298 dico
1798 1233 2012 1307 vobis,
2065 1258 2186 1298 non
2227 1240 2369 1300 novi
2409 1259 2543 1301 vos

435 1335 596 1402 unde
634 1339 809 1409 esth,
863 1334 1151 1399 discedite
1189 1357 1229 1397 a
1264 1334 1376 1400 Me
1417 1357 1623 1398 omnes
1653 1338 1927 1427 operarii
1960 1337 2325 1427 iniquitatiS‚
2383 1336 2536 1400 Luc.

435 1437 617 1503 XIII:
645 1443 746 1501 ⁴20.
777 1441 883 1499 ΣΠ.
939 1444 1003 1500 ut
1041 1445 1098 1498 et
1137 1435 1209 1498 de
1252 1435 1468 1523 quibus
1507 1433 1718 1500 Matth.
1749 1435 1895 1502 VII:
1928 1439 2029 1498 22.
2064 1439 2163 1499 23.
2219 1436 2380 1501 abite
2418 1437 2544 1503 ita-

435 1560 583 1626 que,
634 1538 880 1624 quisque
926 1538 983 1599 in
1022 1557 1191 1600 suum
1234 1537 1458 1611 locum,
1513 1535 1722 1600 videtis
1762 1546 2069 1623 aperturas
2109 1537 2169 1601 in
2206 1538 2538 1615 CavernaS,

432 1639 649 1704 intrate
673 1640 842 1713 illuc,
893 1648 954 1701 et
980 1638 1219 1700 dabitur
1246 1638 1329 1701 ihi
1358 1634 1571 1724 cuique
1598 1646 1858 1703 vestrum
1885 1660 2055 1703 suum
2095 1660 2245 1724 opus
2273 1639 2349 1703 ad
2390 1639 2544 1705 faci·

431 1741 680 1815 endum,
729 1749 787 1802 et
825 1748 981 1802 tunc-
1005 1740 1170 1802 cibus
1197 1738 1271 1802 ad
1302 1759 1638 1805 mensuram
1679 1739 1903 1827 operis,
1955 1740 2001 1802 si
2030 1761 2181 1814 non,
2231 1762 2415 1828 usque
2442 1739 2542 1806 sa·

431 1864 555 1906 mes
582 1843 815 1928 urgebit
842 1860 950 1906 vos
975 1838 1048 1903 ad
1077 1840 1433 1903 intrandum.

581 1943 795 2008 Postea
836 1961 953 2004 vox
991 1961 1022 2003 e
1052 1939 1233 2004 Caelo
1263 1939 1421 2004 sacta
1449 1950 1538 2005 est
1565 1939 1638 2005 ad
1666 1939 1947 2027 quosdam
1974 1962 2151 2027 super
2177 1949 2335 2005 terra
2352 1990 2369 2017 ‚
2422 1941 2533 2026 qui

429 2053 594 2108 extra
622 2041 848 2106 Urbem
877 2041 1032 2103 illam
1064 2042 1333 2127 magnam
1364 2040 1622 2115 fuerunt,
1676 2042 1749 2104 de
1777 2040 1999 2128 quibus
2027 2042 2203 2106 etiam
2233 2041 2374 2127 Cap.
2405 2042 2536 2108 XI:

434 2149 538 2220 13,
590 2144 789 2208 dicens
829 2142 971 2216 alte,
1027 2153 1233 2207 cavete
1278 2143 1474 2216 vobis,
1541 2151 1747 2206 cavete
1792 2142 1960 2206 vobis
2004 2163 2040 2205 a
2085 2142 2531 2209 consociatione

430 2267 565 2310 cum
603 2242 914 2315 similibus;
970 2264 1167 2307 annon
1218 2245 1458 2332 potestis
1500 2242 1863 2328 intelligere,
1930 2244 2090 2329 quod
2132 2244 2319 2320 mala,
2372 2265 2535 2331 quae

432 2354 724 2413 vocantur
762 2353 999 2438 peccata
1038 2354 1096 2409 et
1138 2344 1510 2432 iniquitates,
1567 2343 1929 2408 immundum
1969 2353 2029 2407 et
2055 2343 2355 2430 impurum
2395 2345 2535 2410 red-

432 2449 575 2512 dant
601 2445 900 2510 hominem
918 2497 931 2521 ,
984 2447 1282 2535 quomodo
1316 2454 1508 2533 potest
1538 2445 1718 2509 homo
1745 2446 1820 2509 ab
1848 2445 1958 2509 illis
1986 2447 2254 2510 mundari
2282 2455 2341 2510 et
2369 2448 2534 2533 puri·

433 2546 616 2622 ficari,
669 2570 844 2634 quam
873 2569 976 2634 per
1002 2548 1291 2613 actualem
1322 2547 1759 2632 paenitentiam,
1814 2557 1871 2609 et
1903 2567 2007 2633 per
2033 2544 2205 2611 fidem
2234 2549 2294 2612 in
2325 2547 2535 2612 Domi-

433 2670 574 2712 num
613 2648 818 2718 Jesum
859 2649 1186 2716 Christum:
1242 2647 1488 2712 actualis
1526 2650 1882 2735 paenitentia
1921 2655 2037 2717 est.
2091 2649 2401 2734 explorare
2446 2670 2534 2724 se,

434 2769 789 2835 cognoscere
815 2760 874 2815 et
901 2771 1220 2837 agnoscere
1245 2770 1349 2813 sua
1381 2760 1623 2837 peccata
1640 2797 1655 2822 ,
1702 2770 1764 2813 se
1793 2769 1957 2812 reum
1987 2748 2202 2824 facere,
2259 2747 2531 2814 confiteri

430 2851 530 2916 illa
573 2872 772 2917 coram
820 2853 1109 2926 Domino,
1169 2850 1486 2937 implorare
1529 2868 1708 2936 opem·
1749 2859 1809 2913 et
1854 2851 2173 2934 potentiam
2219 2851 2529 2915 resistendi

431 2952 572 3028 iuis,
622 2963 681 3016 et
716 2953 800 3019 sic
839 2953 1118 3017 desistere
1157 2952 1233 3016 ab
1273 2951 1416 3026 illis,
1470 2960 1530 3014 et
1566 2971 1781 3013 novam
1812 2950 1993 3016 vitam
2022 2971 2231 3037 agere,
2283 2962 2344 3015 et
2382 2950 2534 3014 haec

432 3054 628 3119 omnia
667 3055 818 3119 sicut
857 3075 889 3116 a
933 3054 1127 3124 vobis;
1182 3052 1357 3117 facite
1397 3053 1476 3115 ita
1504 3052 1685 3116 semel
1710 3062 1813 3116 aut
1841 3052 1930 3116 his
1955 3054 2015 3114 iu
2043 3073 2232 3127 anno,
2286 3052 2531 3139 quando

431 3156 708 3222 acceditis
745 3156 821 3219 ad
862 3155 1145 3219 Sanctam«
1171 3153 1693 3228 communionem,
1748 3161 1806 3216 et
1846 3162 2045 3238 postca
2087 3175 2219 3216 cum
2265 3161 2529 3240 peccata,

431 3273 683 3342 quorum
726 3277 859 3320 reos
903 3278 1008 3321 vos
1047 3255 1295 3334 fecistis,
1365 3263 1711 3330 recurrunt,
1771 3263 1912 3317 tunc
1951 3254 2257 3319 vobiscum
2302 3253 2531 3329 dicatis»,

430 3379 550 3422 non
594 3358 865 3422 volumus
910 3355 1042 3430 illa,
1096 3358 1231 3442 quia
1275 3366 1410 3420 sunt
1452 3363 1693 3442 peccata
1733 3363 1941 3419 contra
1977 3355 2201 3427 Deum;
2258 3353 2406 3419 haec
2441 3364 2533 3419 est

431 3458 801 3525 Paenitentia
829 3456 1087 3520 actualis.
1144 3456 1291 3536 Quis
1319 3477 1435 3518 non
1466 3464 1655 3541 potest
1682 3455 2038 3541 intelligere,
2094 3454 2250 3541 quod
2281 3455 2379 3542 qui
2407 3476 2531 3519 non

431 3558 699 3647 explorat
725 3567 783 3620 et
816 3556 975 3619 videt
1005 3577 1107 3619 sua
1139 3565 1409 3641 peccata,
1462 3566 1702 3621 maneat
1729 3557 1787 3619 in
1815 3556 1961 3632 iltis,
2019 3578 2191 3621 omne
2219 3558 2374 3618 enim
2406 3577 2533 3621 ma-

431 3660 554 3723 lum
583 3679 620 3722 a
645 3658 954 3721 nativitate
980 3655 1297 3736 jucundum
1327 3665 1447 3731 est,
1497 3657 1815 3738 jucundum
1843 3657 2003 3720 enim
2033 3667 2151 3732 cst,
2206 3657 2529 3733 vindicare,

430 3757 719 3832 scortari,
790 3755 1141 3821 defraudare
1163 3793 1178 3831 ,·
1248 3756 1693 3843 blasphemare,
1763 3758 2048 3845 imprimis
2114 3757 2405 3822 dominari
2458 3778 2532 3821 ex

432 3878 637 3926 amore
663 3858 783 3933 sui,
834 3878 1031 3922 annon
1057 3859 1376 3946 jucundum
1408 3859 1549 3924 facit
1579 3869 1644 3924 ut
1671 3881 1791 3923 non
1822 3859 2164 3935 videantur,
2209 3859 2342 3923 etsi
2370 3857 2528 3922 forte

433 3958 647 4026 dicitur
687 3959 845 4046 quod
888 3970 1125 4046 peccata
1154 3960 1306 4035 sint,
1352 3983 1557 4025 ⁴aunon
1582 3980 1654 4023 ex
1678 3960 1937 4048 jucundo
1965 3960 2197 4025 illorum
2239 3961 2533 4025 excusatis

432 4060 568 4138 illa,
617 4060 737 4125 imo
782 4082 900 4149 pet·
925 4057 1070 4129 falsa
1110 4059 1474 4128 confirmatis
1514 4060 1672 4148 quod
1708 4069 1945 4146 peccata
1986 4082 2108 4124 uon
2145 4064 2292 4137 sint,
2346 4070 2405 4124 et
2443 4059 2531 4128 sic

431 4163 680 4230 manetis
719 4162 778 4229 in
816 4164 956 4243 iltis,
1009 4174 1069 4228 et
1115 4164 1301 4227 facitis
1340 4162 1439 4225 itta
1479 4170 1680 4246 postea
1713 4162 1840 4248 plus
1867 4183 2045 4249 quam
2083 4163 2272 4249 prius,
2327 4172 2387 4225 et
2412 4163 2530 4227 hoc

430 4285 705 4353 eousque,
724 4265 884 4331 ·dum
914 4288 1030 4332 non
1060 4264 1217 4331 scitis
1247 4262 1386 4348 quid
1418 4270 1741 4348 peccatum,
1780 4262 1900 4328 imo
1929 4283 2070 4327 num
2097 4265 2171 4328 sit
2199 4273 2525 4351 peccatum.
