2750 4775
511 337 669 393 XIV.
749 333 1433 391 CONSUMMATlo
1475 335 1859 391 SAECULI
1919 337 2088 394 E'rc,
2247 350 2357 401 2⁹7

224 490 368 557 Ιαικ
391 494 536 579 ejus
560 486 884 565 laetitiam,
937 501 1001 553 ut
1023 486 1287 553 exultem
1328 512 1513 581 super
1536 489 2000 556 Hmosonm
2019 539 2035 567 ‚
2087 505 2144 556 et
2171 489 2365 558 laeter

224 615 434 686 super
448 589 685 682 populo
712 613 859 655 meo.
944 589 1116 654 Tunc
1140 586 1326 680 lupus
1362 603 1421 654 et
1457 613 1657 678 agnus
1687 605 1943 679 pascent
1967 590 2179 655 simul:
2233 617 2357 659 non

225 693 473 759 malum
491 689 739 781 jacient
784 696 847 754 in
899 703 1024 755 toto
1065 690 1281 755 Monte
1328 694 1670 755 sanctitatis
1713 713 1879 755 meae
1896 738 1912 765 ,
1962 690 2118 777 Esaj.
2161 692 2358 757 LXV:

229 799 352 869 17,
389 797 493 869 18,
527 796 629 867 19,
651 797 763 855 25.
815 789 1110 883 -Propter
1130 791 1533 855 Zionem·non
1563 791 1801 865 tacebo,
1852 804 1909 855 et
1927 804 2176 883 propter
2205 792 2361 856 Hm-

222 913 649 959 nosozmu
690 899 812 957 non
856 893 1156 984 quiescam
1172 937 1190 965 ‚
1241 914 1433 983 usque
1471 889 1623 956 dum
1651 905 1833 956 exeat
1869 896 2026 956 sicut
2071 890 2365 982 splendor

228 994 508 1060 Justitia
530 996 697 1080 ejus,
749 1016 825 1057 ac
846 989 1023 1057 salus
1050 994 1187 1079 ejus
1213 996 1368 1056 sicut
1392 990 1631 1083 lampas
1656 990 1887 1057 ardeat
1977 992 2148 1056 Tunc
2183 990 2361 1057 vide-

230 1095 399 1161 bunt
433 1091 657 1158 Gentes
691 1094 995 1180 justitiam
1042 1105 1239 1167 tuam,
1288 1105 1346 1157 et
1390 1113 1598 1158 omnes
1636 1091 1835 1182 Reges
1867 1090 2130 1182 gloriam
2166 1104 2360 1165 tuam;

229 1209 300 1260 et
328 1193 662 1259 vocabitur
686 1193 796 1258 tibi
818 1215 1033 1257 nomen
1061 1215 1309 1268 novum,
1362 1191 1537 1284 quod
1572 1217 1644 1259 os
1681 1191 1953 1258 Jehovae
1993 1193 2360 1270 enuntiabit,·

227 1309 302 1360 et
326 1298 454 1359 eris
479 1293 721 1361 Corona
748 1292 1003 1370 decoris,
1030 1306 1089 1357 et
1108 1292 1346 1359 cidaris
1374 1291 1571 1383 Regni
1595 1298 1657 1359 in
1686 1317 1868 1359 manu
1897 1293 2018 1360 Dei
2041 1297 2155 1357 tui:
2184 1295 2359 1359 bene·

221 1394 510 1491 placebit
550 1392 824 1462 Jehovae
860 1398 923 1458 in
965 1407 1056 1470 te,
1105 1405 1163 1457 et
1189 1407 1349 1458 terra
1390 1407 1495 1458 tua
1519 1393 1913 1460 mae-itabitur.
1994 1393 2154 1458 Ecce
2174 1392 2363 1459 Salus

230 1511 351 1561 tua
377 1500 603 1570 veniet,
639 1518 771 1560 ecce
795 1517 1017 1558 merces
1028 1493 1192 1581 Ejus
1218 1517 1353 1557 cum
1381 1494 1562 1582 Ipso.-
1611 1508 1669 1560 et
1693 1494 2003 1559 vocabunt
2030 1492 2194 1570 illos,
2236 1495 2362 1559 Po·

230 1595 443 1690 pulus
468 1599 838 1670 sanctitatis,
878 1585 1198 1688 Redempti
1215 1592 1518 1669 Jelzovae5
1569 1610 1626 1659 et
1654 1609 1716 1660 tu
1742 1595 2063 1660 vocaberis
2088 1598 2367 1684 quaesita

244 1696 453 1772 Urbs,
504 1720 626 1761 non
653 1696 922 1768 deserta,
970 1693 1127 1780 Esaj.
1164 1694 1367 1759 LX112
1421 1695 1559 1758 iad
1591 1700 1651 1770 4,
1698 1700 1800 1771 11,
1848 1700 1947 1759 12.
2044 1695 2360 1770 Ezetium,

237 1800 549 1871 excitare,
602 1796 787 1861 indue
831 1794 1017 1860 robur
1058 1808 1220 1858 tuum
1265 1795 1459 1870 Zion,
1527 1795 1711 1861 indue
1752 1809 1960 1860 vestes
2001 1795 2237 1861 decoris
2274 1799 2366 1860 tui

240 1898 723 1962 annosomcm
742 1945 758 1971 ,
816 1895 980 1962 Urbs
1006 1892 1396 1970 Sanctitntis3
1446 1900 1592 1986 quia
1620 1917 1745 1961 non
1774 1894 1960 1962 addet
1990 1909 2054 1961 ut
2081 1901 2146 1960 in
2175 1912 2231 1961 te
2255 1919 2365 1961 ve-

240 2002 380 2062 niat
405 1995 671 2089 amplius
696 2000 1123 2088 praeputiatus
1151 2009 1208 2059 et
1246 1995 1626 2062 immundus.-
1676 2010 1894 2061 excute
1939 2010 1994 2061 te
2029 2020 2063 2060 e
2094 1993 2360 2088 pulvere,

240 2120 432 2187 surge
445 2145 466 2174 ‚
504 2095 649 2162 sede
674 2097 1163 2162 Hmosoum.
1235 2096 1567 2186 Cognoscet
1590 2096 1874 2189 Populus
1898 2097 2141 2163 Nomen
2170 2120 2361 2162 meum

241 2203 321 2263 in
336 2198 440 2263 die
464 2196 575 2263 illo
585 2227 608 2274 ς
660 2221 801 2262 nam
847 2196 987 2287 Ego
1032 2194 1154 2261 Ille
1192 2200 1302 2289 qui
1340 2196 1586 2288 loquor,
1638 2215 1775 2262 ecce
1817 2198 1957 2262 Me.-
2008 2196 2362 2264 consolatus

242 2296 531 2364 Jehovalz
551 2296 847 2392 populum
876 2320 1082 2370 suum,
1137 2296 1386 2363 redemit
1416 2297 1977 2373 HIEROSOLYMAM,
2030 2298 2185 2386 Esaj.
2215 2297 2358 2363 Lll:

250 2403 312 2473 1,
347 2404 412 2473 2,
443 2405 502 2473 6,
534 2406 590 2462 9.
669 2396 883 2464 Jubila
902 2396 1065 2488 fllia
1093 2399 1345 2475 Zionis‚
1403 2397 1633 2464 laetare
1672 2422 1756 2463 ex
1799 2403 1967 2465 omni
1996 2401 2181 2468 corde
2217 2399 2361 2485 filia

250 2497 797 2571 Hunnosomrmm
826 2498 969 2565 Rex
982 2498 1243 2565 Israelis
1263 2502 1325 2564 in
1351 2498 1549 2564 medio
1574 2502 1665 2565 tui
1672 2529 1692 2575 ,-
1721 2523 1795 2565 ne
1821 2505 1959 2566 time
1983 2501 2208 2568 malum
2233 2527 2361 2569 am-

245 2593 463 2690 plius;
497 2597 814 2665 laetabitur
835 2623 1019 2693 super
1044 2614 1099 2665 te
1124 2623 1259 2664 cum
1281 2599 1535 2689 gaudio,
1563 2604 1899 2694 acquiescet
1925 2605 1987 2667 in
2015 2627 2220 2668 amore
2237 2617 2364 2679 tuo,

245 2696 559 2763 exultabit
581 2723 764 2791 super
783 2714 839 2764 te
863 2725 994 2764 cum
1015 2698 1249 2787 jubilo3
1299 2700 1464 2768 dabo
1498 2725 1620 2767 vos
1659 2705 1723 2765 in
1766 2725 1979 2767 nomen
2023 2716 2080 2768 et
2117 2702 2362 2767 laudem

245 2799 537 2865 omnibus
556 2798 808 2892 populis
836 2815 1045 2877 terrae,
1090 2799 1351 2886 Zephan.
1396 2801 1518 2866 111:
1571 2805 1650 2865 14
1681 2802 1757 2864 ad
1790 2807 1893 2876 17,
1922 2806 2026 2865 20.
2080 2799 2181 2865 Sic
2203 2801 2366 2865 dixit

242 2897 530 2965 Jeliovah
556 2899 924 2993 Redemptor
954 2914 1095 2966 tuus
1111 2951 1124 2975 ‚
1173 2900 1382 2966 dicens
1408 2903 1937 2975 Hffinosommim,
1981 2899 2364 2974 habitaberis,

239 2999 403 3081 Esaj.
428 2999 655 3065 XLIV:
691 3005 795 3063 24.
820 3006 922 3064 26.
977 2998 1079 3066 Sic
1105 3001 1266 3066 dixit
1281 3000 1583 3077 Jehovah,
1611 3014 1873 3066 revertar
1895 2997 1985 3064 ad
2004 3000 2276 3073 Zionem,
2306 3013 2364 3064 et

211 3140 228 3149 —
242 3098 545 3166 habitabo
564 3104 627 3165 in
656 3101 854 3166 medio
871 3102 1418 3177 HuznosommAm
1450 3101 1611 3166 unde
1628 3101 1949 3167 vocabitur
1963 3100 2366 3165 Hmosomr-

240 3220 347 3265 ΜΔ
371 3200 535 3267 Urbs
558 3205 859 3276 ven'tatis,
885 3217 943 3267 et
970 3201 1166 3266 Mons
1189 3201 1460 3267 Jelzovae
1488 3200 1760 3266 Zebaotle
1789 3201 1982 3266 Mons
2008 3203 2366 3274 sanctitatis,

242 3299 425 3365 Sacb.
442 3300 627 3368 vlu:
660 3306 718 3377 3,
744 3306 827 3365 20
850 3303 925 3365 ad
955 3306 1057 3366 28.
1122 3304 1295 3368 Tunc
1319 3305 1710 3391 cognoscetis,
1735 3301 1904 3392 quod
1927 3301 2066 3392 Ego
2090 3299 2367 3365 Jehovah

242 3399 426 3466 Deus
453 3416 615 3478 tuus,
643 3400 932 3468 habitans
961 3406 1024 3466 in
1049 3403 1246 3467 Zione
1270 3403 1488 3467 Monte
1525 3406 1885 3473 sanctitatis,
1910 3410 1968 3467 et
1992 3405 2102 3468 erit
2127 3402 2367 3466 Humo-

195 3500 208 3508 ’
240 3521 506 3567 sotum
522 3499 866 3568 Sanctitas.-
897 3517 956 3568 et
960 3502 1093 3594 fiet
1118 3506 1181 3567 iu
1207 3503 1307 3568 die
1334 3501 1465 3576 illo,
1485 3501 1804 3568 stillabunt
1829 3518 2059 3571 montes
2085 3517 2364 3579 mustum,

241 3615 304 3665 et
331 3600 522 3668 colles
544 3604 755 3691 fluent
795 3601 984 3668 lacte.-
1033 3617 1090 3668 et
1128 3602 1606 3669 ffinuosomtm
1652 3603 1881 3669 sedebit
1927 3609 1990 3671 in
2028 3608 2364 3695 generatio-

244 3725 384 3767 nem
424 3718 484 3769 et
521 3708 1002 3794 generationem,
1074 3704 1213 3768 Joel
1257 3703 1369 3772 lv:
1425 3709 1503 3768 17
1537 3705 1612 3767 ad
1643 3708 1744 3768 21.
1834 3706 1919 3769 In
1961 3705 2062 3771 die
2101 3705 2217 3771 illo
2255 3708 2366 3768 erit

234 3825 482 3894 germen
508 3802 780 3869 Jehouae
805 3808 872 3868 in
898 3803 1082 3869 decus
1106 3818 1162 3869 et
1184 3803 1481 3893 gloriarm·
1523 3819 1580 3870 et
1587 3804 1717 3896 fiet
1732 3853 1748 3881 ,
1795 3805 2036 3871 relictus
2063 3810 2124 3870 in
2152 3807 2365 3879 Zione,

237 3917 300 3967 et
337 3904 623 3970 residuus
650 3908 714 3968 in
738 3902 1205 3994 Hierosolyma,
1256 3903 1519 3971 Sanctus
1547 3904 1807 3979 dicetur,
1861 3910 2060 3971 omnis
2106 3911 2365 3998 scriptus

238 4002 333 4069 ad
365 4008 565 4071 vitam
609 4009 671 4069 in
713 4005 1217 4082 Ilmaosonm‚
1271 4006 1430 4091 Esaj.
1474 4004 1558 4072 IV
1575 4030 1590 4067 ε
1633 4011 1693 4083 2,
1730 4008 1791 4068 3.
1869 4006 1952 4069 In
1990 4009 2368 4071 extremitate

237 4102 477 4170 disrum
517 4110 631 4171 erit
658 4106 853 4170 Mons
891 4104 1112 4171 domus
1150 4104 1425 4172 Jehooae
1462 4109 1823 4173 constitutus
1859 4109 1923 4168 in
1965 4105 2159 4196 Caput
2196 4127 2365 4168 mon·

238 4208 422 4284 tium,
476 4230 620 4274 nam
647 4229 682 4273 e
709 4207 903 4272 Zione
944 4205 1135 4273 exibit
1173 4206 1503 4283 Doctrina,
1553 4220 1610 4272 et
1654 4207 1729 4275 V
1722 4204 1931 4270 erbum
1967 4203 2241 4270 Jekovae
2278 4225 2363 4265 ex
