<?xml version="1.0" encoding="UTF-8"?>
<!DOCTYPE html PUBLIC "-//W3C//DTD XHTML 1.0 Transitional//EN"
    "http://www.w3.org/TR/xhtml1/DTD/xhtml1-transitional.dtd">
<html xmlns="http://www.w3.org/1999/xhtml" xml:lang="en" lang="en">
 <head>
  <title>
</title>
<meta http-equiv="Content-Type" content="text/html;charset=utf-8" />
  <meta name='ocr-system' content='tesseract 3.04.00' />
  <meta name='ocr-capabilities' content='ocr_page ocr_carea ocr_par ocr_line ocrx_word'/>
</head>
<body>
  <div class='ocr_page' id='page_1' title='image "./verachristianar00unkngoog_0305.png"; bbox 0 0 2750 4775; ppageno 0'>
   <div class='ocr_carea' id='block_1_1' title="bbox 509 376 2339 443">
    <p class='ocr_par' dir='ltr' id='par_1_1' title="bbox 509 376 2339 443">
     <span class='ocr_line' id='line_1_1' title="bbox 509 376 2339 443; baseline 0.007 -11"><span class='ocrx_word' id='word_1_1' title='bbox 509 377 660 432; x_wconf 77' lang='lat' dir='ltr'>xlv.</span> <span class='ocrx_word' id='word_1_2' title='bbox 742 376 1419 434; x_wconf 75' lang='lat' dir='ltr'>coNSUMMATm</span> <span class='ocrx_word' id='word_1_3' title='bbox 1462 377 1842 434; x_wconf 78' lang='lat' dir='ltr'>SAECULI</span> <span class='ocrx_word' id='word_1_4' title='bbox 1910 379 2076 438; x_wconf 79' lang='lat' dir='ltr'>E‘rc,</span> <span class='ocrx_word' id='word_1_5' title='bbox 2235 392 2339 443; x_wconf 71' lang='lat'>279</span> 
     </span>
    </p>
   </div>
   <div class='ocr_carea' id='block_1_2' title="bbox 215 525 2341 2649">
    <p class='ocr_par' dir='ltr' id='par_1_2' title="bbox 215 525 2341 2649">
     <span class='ocr_line' id='line_1_2' title="bbox 223 525 2341 624; baseline 0.003 -28"><span class='ocrx_word' id='word_1_6' title='bbox 223 532 384 596; x_wconf 81' lang='lat' dir='ltr'>fano</span> <span class='ocrx_word' id='word_1_7' title='bbox 428 531 594 597; x_wconf 86' lang='lat' dir='ltr'>Eben</span> <span class='ocrx_word' id='word_1_8' title='bbox 638 530 785 596; x_wconf 87' lang='lat' dir='ltr'>Eser</span> <span class='ocrx_word' id='word_1_9' title='bbox 823 525 1082 608; x_wconf 82' lang='lat' dir='ltr'>Asdodi,</span> <span class='ocrx_word' id='word_1_10' title='bbox 1131 541 1190 596; x_wconf 89' lang='lat' dir='ltr'>et</span> <span class='ocrx_word' id='word_1_11' title='bbox 1217 531 1368 596; x_wconf 89' lang='lat' dir='ltr'>sicut</span> <span class='ocrx_word' id='word_1_12' title='bbox 1396 530 1611 597; x_wconf 86' lang='lat' dir='ltr'>Graeci</span> <span class='ocrx_word' id='word_1_13' title='bbox 1654 532 1969 620; x_wconf 81' lang='lat' dir='ltr'>palladium</span> <span class='ocrx_word' id='word_1_14' title='bbox 2017 534 2077 598; x_wconf 81' lang='lat' dir='ltr'>in</span> <span class='ocrx_word' id='word_1_15' title='bbox 2120 536 2341 624; x_wconf 82' lang='lat' dir='ltr'>templo</span> 
     </span>
     <span class='ocr_line' id='line_1_3' title="bbox 225 631 2341 720; baseline 0.001 -21"><span class='ocrx_word' id='word_1_16' title='bbox 225 634 584 708; x_wconf 84' lang='lat' dir='ltr'>Minervae,</span> <span class='ocrx_word' id='word_1_17' title='bbox 655 651 788 697; x_wconf 87' lang='lat' dir='ltr'>uam</span> <span class='ocrx_word' id='word_1_18' title='bbox 843 631 988 696; x_wconf 87' lang='lat' dir='ltr'>illud</span> <span class='ocrx_word' id='word_1_19' title='bbox 1039 632 1367 698; x_wconf 85' lang='lat' dir='ltr'>Palladium</span> <span class='ocrx_word' id='word_1_20' title='bbox 1421 633 1717 720; x_wconf 80' lang='lat' dir='ltr'>religionis</span> <span class='ocrx_word' id='word_1_21' title='bbox 1771 646 2166 714; x_wconf 78' lang='lat' dir='ltr'>vocaverunt,</span> <span class='ocrx_word' id='word_1_22' title='bbox 2219 657 2341 706; x_wconf 80' lang='lat' dir='ltr'>non</span> 
     </span>
     <span class='ocr_line' id='line_1_4' title="bbox 222 733 2341 825; baseline 0.003 -27"><span class='ocrx_word' id='word_1_23' title='bbox 222 736 491 799; x_wconf 82' lang='lat' dir='ltr'>scientes</span> <span class='ocrx_word' id='word_1_24' title='bbox 533 733 689 820; x_wconf 87' lang='lat' dir='ltr'>quod</span> <span class='ocrx_word' id='word_1_25' title='bbox 729 734 896 802; x_wconf 87' lang='lat' dir='ltr'>stella</span> <span class='ocrx_word' id='word_1_26' title='bbox 941 733 1160 799; x_wconf 88' lang='lat' dir='ltr'>cadens</span> <span class='ocrx_word' id='word_1_27' title='bbox 1193 736 1268 800; x_wconf 84' lang='lat' dir='ltr'>sit</span> <span class='ocrx_word' id='word_1_28' title='bbox 1309 742 1615 798; x_wconf 86' lang='lat' dir='ltr'>meteorou</span> <span class='ocrx_word' id='word_1_29' title='bbox 1655 756 1725 798; x_wconf 82' lang='lat' dir='ltr'>ex</span> <span class='ocrx_word' id='word_1_30' title='bbox 1769 734 1898 800; x_wconf 86' lang='lat' dir='ltr'>luce</span> <span class='ocrx_word' id='word_1_31' title='bbox 1938 735 2133 813; x_wconf 83' lang='lat' dir='ltr'>fatua,</span> <span class='ocrx_word' id='word_1_32' title='bbox 2186 760 2341 825; x_wconf 78' lang='lat' dir='ltr'>quae</span> 
     </span>
     <span class='ocr_line' id='line_1_5' title="bbox 222 835 2338 926; baseline 0.002 -27"><span class='ocrx_word' id='word_1_33' title='bbox 222 836 374 900; x_wconf 78' lang='lat' dir='ltr'>dum</span> <span class='ocrx_word' id='word_1_34' title='bbox 405 836 606 899; x_wconf 76' lang='lat' dir='ltr'>incidit</span> <span class='ocrx_word' id='word_1_35' title='bbox 634 836 693 899; x_wconf 84' lang='lat' dir='ltr'>in</span> <span class='ocrx_word' id='word_1_36' title='bbox 720 837 1063 912; x_wconf 86' lang='lat' dir='ltr'>cerebrum,</span> <span class='ocrx_word' id='word_1_37' title='bbox 1104 835 1454 902; x_wconf 83' lang='lat' dir='ltr'>confirmare</span> <span class='ocrx_word' id='word_1_38' title='bbox 1472 846 1671 921; x_wconf 70' lang='lat' dir='ltr'>‚potest</span> <span class='ocrx_word' id='word_1_39' title='bbox 1700 857 1874 900; x_wconf 85' lang='lat' dir='ltr'>omne</span> <span class='ocrx_word' id='word_1_40' title='bbox 1900 835 2133 914; x_wconf 86' lang='lat' dir='ltr'>falsum,</span> <span class='ocrx_word' id='word_1_41' title='bbox 2181 840 2338 926; x_wconf 77' lang='lat' dir='ltr'>quod</span> 
     </span>
     <span class='ocr_line' id='line_1_6' title="bbox 225 936 2341 1023; baseline 0.002 -24"><span class='ocrx_word' id='word_1_42' title='bbox 225 936 298 1000; x_wconf 83' lang='lat' dir='ltr'>fit</span> <span class='ocrx_word' id='word_1_43' title='bbox 325 958 439 1023; x_wconf 84' lang='lat' dir='ltr'>per</span> <span class='ocrx_word' id='word_1_44' title='bbox 458 936 741 1013; x_wconf 76' lang='lat' dir='ltr'>fallacias,</span> <span class='ocrx_word' id='word_1_45' title='bbox 767 958 950 1022; x_wconf 87' lang='lat' dir='ltr'>usque</span> <span class='ocrx_word' id='word_1_46' title='bbox 970 946 1035 999; x_wconf 89' lang='lat' dir='ltr'>ut</span> <span class='ocrx_word' id='word_1_47' title='bbox 1057 938 1332 1004; x_wconf 85' lang='lat' dir='ltr'>credatur</span> <span class='ocrx_word' id='word_1_48' title='bbox 1350 937 1447 1001; x_wconf 87' lang='lat' dir='ltr'>lux</span> <span class='ocrx_word' id='word_1_49' title='bbox 1480 959 1640 1012; x_wconf 77' lang='lat' dir='ltr'>vera,</span> <span class='ocrx_word' id='word_1_50' title='bbox 1660 959 1732 1001; x_wconf 91' lang='lat' dir='ltr'>ac</span> <span class='ocrx_word' id='word_1_51' title='bbox 1757 937 2060 1004; x_wconf 83' lang='lat' dir='ltr'>decretum</span> <span class='ocrx_word' id='word_1_52' title='bbox 2092 947 2156 1002; x_wconf 86' lang='lat' dir='ltr'>ut</span> <span class='ocrx_word' id='word_1_53' title='bbox 2172 940 2341 1004; x_wconf 82' lang='lat' dir='ltr'>stella</span> 
     </span>
     <span class='ocr_line' id='line_1_7' title="bbox 221 1036 2336 1129; baseline 0.003 -27"><span class='ocrx_word' id='word_1_54' title='bbox 221 1036 370 1113; x_wconf 78' lang='lat' dir='ltr'>fixa,</span> <span class='ocrx_word' id='word_1_55' title='bbox 410 1049 469 1101; x_wconf 91' lang='lat' dir='ltr'>et</span> <span class='ocrx_word' id='word_1_56' title='bbox 496 1038 734 1102; x_wconf 85' lang='lat' dir='ltr'>tandem</span> <span class='ocrx_word' id='word_1_57' title='bbox 767 1046 830 1104; x_wconf 87' lang='lat' dir='ltr'>ut</span> <span class='ocrx_word' id='word_1_58' title='bbox 856 1039 1088 1123; x_wconf 81' lang='lat' dir='ltr'>juretur</span> <span class='ocrx_word' id='word_1_59' title='bbox 1115 1040 1272 1125; x_wconf 88' lang='lat' dir='ltr'>quod</span> <span class='ocrx_word' id='word_1_60' title='bbox 1301 1039 1373 1103; x_wconf 87' lang='lat' dir='ltr'>sit</span> <span class='ocrx_word' id='word_1_61' title='bbox 1401 1038 1557 1103; x_wconf 86' lang='lat' dir='ltr'>sidus</span> <span class='ocrx_word' id='word_1_62' title='bbox 1581 1039 1854 1104; x_wconf 81' lang='lat' dir='ltr'>siderum.</span> <span class='ocrx_word' id='word_1_63' title='bbox 1921 1039 2069 1120; x_wconf 86' lang='lat' dir='ltr'>Quis</span> <span class='ocrx_word' id='word_1_64' title='bbox 2096 1060 2336 1129; x_wconf 54' lang='lat' dir='ltr'>persua‘</span> 
     </span>
     <span class='ocr_line' id='line_1_8' title="bbox 217 1136 2339 1226; baseline 0 -20"><span class='ocrx_word' id='word_1_65' title='bbox 217 1143 362 1206; x_wconf 78' lang='lat' dir='ltr'>sius</span> <span class='ocrx_word' id='word_1_66' title='bbox 387 1139 650 1225; x_wconf 87' lang='lat' dir='ltr'>loquitur</span> <span class='ocrx_word' id='word_1_67' title='bbox 679 1141 748 1203; x_wconf 87' lang='lat' dir='ltr'>de</span> <span class='ocrx_word' id='word_1_68' title='bbox 778 1140 1126 1203; x_wconf 68' lang='lat' dir='ltr'>certitudine</span> <span class='ocrx_word' id='word_1_69' title='bbox 1165 1157 1305 1208; x_wconf 82' lang='lat' dir='ltr'>suae</span> <span class='ocrx_word' id='word_1_70' title='bbox 1336 1136 1710 1226; x_wconf 75' lang='lat' dir='ltr'>phantasiae,</span> <span class='ocrx_word' id='word_1_71' title='bbox 1766 1162 1940 1225; x_wconf 89' lang='lat' dir='ltr'>quam</span> <span class='ocrx_word' id='word_1_72' title='bbox 1973 1140 2339 1208; x_wconf 82' lang='lat' dir='ltr'>Naturalista</span> 
     </span>
     <span class='ocr_line' id='line_1_9' title="bbox 223 1240 2340 1331; baseline 0 -25"><span class='ocrx_word' id='word_1_73' title='bbox 223 1241 482 1314; x_wconf 74' lang='lat' dir='ltr'>atheuS,</span> <span class='ocrx_word' id='word_1_74' title='bbox 533 1261 754 1306; x_wconf 86' lang='lat' dir='ltr'>numne</span> <span class='ocrx_word' id='word_1_75' title='bbox 794 1240 868 1306; x_wconf 87' lang='lat' dir='ltr'>ad</span> <span class='ocrx_word' id='word_1_76' title='bbox 909 1240 1321 1315; x_wconf 58' lang='lat' dir='ltr'>Divina-Dei,</span> <span class='ocrx_word' id='word_1_77' title='bbox 1372 1240 1659 1306; x_wconf 84' lang='lat' dir='ltr'>Caelestia</span> <span class='ocrx_word' id='word_1_78' title='bbox 1702 1241 1897 1314; x_wconf 81' lang='lat' dir='ltr'>Caeli,</span> <span class='ocrx_word' id='word_1_79' title='bbox 1950 1251 2009 1304; x_wconf 90' lang='lat' dir='ltr'>et</span> <span class='ocrx_word' id='word_1_80' title='bbox 2048 1242 2123 1308; x_wconf 85' lang='lat' dir='ltr'>ad</span> <span class='ocrx_word' id='word_1_81' title='bbox 2158 1243 2340 1331; x_wconf 83' lang='lat' dir='ltr'>Spiri-</span> 
     </span>
     <span class='ocr_line' id='line_1_10' title="bbox 223 1341 2339 1429; baseline 0 -22"><span class='ocrx_word' id='word_1_82' title='bbox 223 1341 422 1407; x_wconf 84' lang='lat' dir='ltr'>tualia</span> <span class='ocrx_word' id='word_1_83' title='bbox 452 1341 752 1406; x_wconf 81' lang='lat' dir='ltr'>Ecclesiae</span> <span class='ocrx_word' id='word_1_84' title='bbox 778 1351 903 1405; x_wconf 89' lang='lat' dir='ltr'>toto</span> <span class='ocrx_word' id='word_1_85' title='bbox 943 1352 1177 1429; x_wconf 79' lang='lat' dir='ltr'>pectore</span> <span class='ocrx_word' id='word_1_86' title='bbox 1221 1343 1387 1408; x_wconf 86' lang='lat' dir='ltr'>ridet.</span> <span class='ocrx_word' id='word_1_87' title='bbox 1468 1341 1619 1420; x_wconf 79' lang='lat' dir='ltr'>Quis</span> <span class='ocrx_word' id='word_1_88' title='bbox 1648 1343 1968 1410; x_wconf 88' lang='lat' dir='ltr'>Lunaticus</span> <span class='ocrx_word' id='word_1_89' title='bbox 1996 1363 2114 1412; x_wconf 85' lang='lat' dir='ltr'>non</span> <span class='ocrx_word' id='word_1_90' title='bbox 2154 1346 2339 1410; x_wconf 84' lang='lat' dir='ltr'>credit</span> 
     </span>
     <span class='ocr_line' id='line_1_11' title="bbox 219 1443 2334 1530; baseline 0 -24"><span class='ocrx_word' id='word_1_91' title='bbox 219 1443 570 1509; x_wconf 83' lang='lat' dir='ltr'>fatuitatem</span> <span class='ocrx_word' id='word_1_92' title='bbox 595 1464 762 1508; x_wconf 85' lang='lat' dir='ltr'>suam</span> <span class='ocrx_word' id='word_1_93' title='bbox 793 1464 916 1508; x_wconf 84' lang='lat' dir='ltr'>esse</span> <span class='ocrx_word' id='word_1_94' title='bbox 944 1443 1287 1530; x_wconf 82' lang='lat' dir='ltr'>sapientiam</span> <span class='ocrx_word' id='word_1_95' title='bbox 1306 1493 1322 1518; x_wconf 88' lang='lat'>,</span> <span class='ocrx_word' id='word_1_96' title='bbox 1373 1452 1434 1508; x_wconf 85' lang='lat' dir='ltr'>et</span> <span class='ocrx_word' id='word_1_97' title='bbox 1460 1445 1803 1527; x_wconf 80' lang='lat' dir='ltr'>sapientiam</span> <span class='ocrx_word' id='word_1_98' title='bbox 1834 1465 1957 1509; x_wconf 86' lang='lat' dir='ltr'>esse</span> <span class='ocrx_word' id='word_1_99' title='bbox 1984 1445 2334 1516; x_wconf 80' lang='lat' dir='ltr'>fatuitatem.</span> 
     </span>
     <span class='ocr_line' id='line_1_12' title="bbox 223 1543 2338 1633; baseline 0 -25"><span class='ocrx_word' id='word_1_100' title='bbox 223 1544 389 1624; x_wconf 87' lang='lat' dir='ltr'>Quis</span> <span class='ocrx_word' id='word_1_101' title='bbox 413 1564 483 1607; x_wconf 81' lang='lat' dir='ltr'>ex</span> <span class='ocrx_word' id='word_1_102' title='bbox 515 1544 639 1610; x_wconf 85' lang='lat' dir='ltr'>visu</span> <span class='ocrx_word' id='word_1_103' title='bbox 671 1543 895 1608; x_wconf 90' lang='lat' dir='ltr'>oculari</span> <span class='ocrx_word' id='word_1_104' title='bbox 922 1543 1209 1629; x_wconf 82' lang='lat' dir='ltr'>dignoscit</span> <span class='ocrx_word' id='word_1_105' title='bbox 1238 1545 1463 1610; x_wconf 84' lang='lat' dir='ltr'>fatuam</span> <span class='ocrx_word' id='word_1_106' title='bbox 1495 1545 1684 1612; x_wconf 75' lang='lat' dir='ltr'>lucem</span> <span class='ocrx_word' id='word_1_107' title='bbox 1724 1546 1865 1631; x_wconf 78' lang='lat' dir='ltr'>ligni</span> <span class='ocrx_word' id='word_1_108' title='bbox 1910 1547 2094 1633; x_wconf 88' lang='lat' dir='ltr'>putris</span> <span class='ocrx_word' id='word_1_109' title='bbox 2131 1567 2165 1612; x_wconf 82' lang='lat' dir='ltr'>a</span> <span class='ocrx_word' id='word_1_110' title='bbox 2211 1548 2338 1610; x_wconf 86' lang='lat' dir='ltr'>luce</span> 
     </span>
     <span class='ocr_line' id='line_1_13' title="bbox 221 1643 2335 1732; baseline 0 -22"><span class='ocrx_word' id='word_1_111' title='bbox 221 1646 431 1712; x_wconf 77' lang='lat' dir='ltr'>lunae.</span> <span class='ocrx_word' id='word_1_112' title='bbox 514 1644 662 1725; x_wconf 85' lang='lat' dir='ltr'>Quis</span> <span class='ocrx_word' id='word_1_113' title='bbox 690 1646 790 1732; x_wconf 81' lang='lat' dir='ltr'>qui</span> <span class='ocrx_word' id='word_1_114' title='bbox 820 1643 1135 1710; x_wconf 78' lang='lat' dir='ltr'>balsaniica</span> <span class='ocrx_word' id='word_1_115' title='bbox 1163 1654 1492 1719; x_wconf 80' lang='lat' dir='ltr'>aversatur,</span> <span class='ocrx_word' id='word_1_116' title='bbox 1520 1658 1582 1710; x_wconf 87' lang='lat' dir='ltr'>ut</span> <span class='ocrx_word' id='word_1_117' title='bbox 1613 1647 1833 1714; x_wconf 84' lang='lat' dir='ltr'>faciunt</span> <span class='ocrx_word' id='word_1_118' title='bbox 1864 1648 2096 1712; x_wconf 83' lang='lat' dir='ltr'>uterino</span> <span class='ocrx_word' id='word_1_119' title='bbox 2124 1646 2335 1712; x_wconf 87' lang='lat' dir='ltr'>morbo</span> 
     </span>
     <span class='ocr_line' id='line_1_14' title="bbox 226 1745 2336 1837; baseline -0 -25"><span class='ocrx_word' id='word_1_120' title='bbox 226 1746 517 1822; x_wconf 83' lang='lat' dir='ltr'>affectae,</span> <span class='ocrx_word' id='word_1_121' title='bbox 571 1768 688 1810; x_wconf 85' lang='lat' dir='ltr'>non</span> <span class='ocrx_word' id='word_1_122' title='bbox 731 1746 828 1811; x_wconf 85' lang='lat' dir='ltr'>illa</span> <span class='ocrx_word' id='word_1_123' title='bbox 857 1745 1084 1831; x_wconf 87' lang='lat' dir='ltr'>repellit</span> <span class='ocrx_word' id='word_1_124' title='bbox 1114 1768 1146 1810; x_wconf 88' lang='lat' dir='ltr'>a</span> <span class='ocrx_word' id='word_1_125' title='bbox 1174 1749 1453 1820; x_wconf 78' lang='lat' dir='ltr'>naribuS,</span> <span class='ocrx_word' id='word_1_126' title='bbox 1504 1757 1563 1814; x_wconf 85' lang='lat' dir='ltr'>et</span> <span class='ocrx_word' id='word_1_127' title='bbox 1603 1748 1974 1814; x_wconf 86' lang='lat' dir='ltr'>maleolentia</span> <span class='ocrx_word' id='word_1_128' title='bbox 2018 1748 2128 1815; x_wconf 90' lang='lat' dir='ltr'>illis</span> <span class='ocrx_word' id='word_1_129' title='bbox 2168 1770 2336 1837; x_wconf 86' lang='lat' dir='ltr'>prae-</span> 
     </span>
     <span class='ocr_line' id='line_1_15' title="bbox 223 1848 2332 1935; baseline -0 -22"><span class='ocrx_word' id='word_1_130' title='bbox 223 1848 381 1913; x_wconf 81' lang='lat' dir='ltr'>fert:</span> <span class='ocrx_word' id='word_1_131' title='bbox 438 1857 498 1909; x_wconf 82' lang='lat' dir='ltr'>et</span> <span class='ocrx_word' id='word_1_132' title='bbox 523 1848 607 1912; x_wconf 90' lang='lat' dir='ltr'>sic</span> <span class='ocrx_word' id='word_1_133' title='bbox 633 1870 847 1935; x_wconf 86' lang='lat' dir='ltr'>porro;</span> <span class='ocrx_word' id='word_1_134' title='bbox 904 1851 1072 1914; x_wconf 83' lang='lat' dir='ltr'>Haec</span> <span class='ocrx_word' id='word_1_135' title='bbox 1100 1848 1561 1930; x_wconf 56' lang='lat' dir='ltr'>adducta-sunt,</span> <span class='ocrx_word' id='word_1_136' title='bbox 1593 1850 1995 1918; x_wconf 82' lang='lat' dir='ltr'>illustrationis</span> <span class='ocrx_word' id='word_1_137' title='bbox 2023 1869 2220 1925; x_wconf 86' lang='lat' dir='ltr'>causa,</span> <span class='ocrx_word' id='word_1_138' title='bbox 2259 1849 2332 1912; x_wconf 91' lang='lat' dir='ltr'>ad</span> 
     </span>
     <span class='ocr_line' id='line_1_16' title="bbox 221 1949 2334 2037; baseline 0 -24"><span class='ocrx_word' id='word_1_139' title='bbox 221 1951 535 2015; x_wconf 86' lang='lat' dir='ltr'>sciendum</span> <span class='ocrx_word' id='word_1_140' title='bbox 555 1999 570 2021; x_wconf 88' lang='lat'>,</span> <span class='ocrx_word' id='word_1_141' title='bbox 625 1950 786 2036; x_wconf 83' lang='lat' dir='ltr'>quod</span> <span class='ocrx_word' id='word_1_142' title='bbox 813 1971 845 2012; x_wconf 85' lang='lat' dir='ltr'>a</span> <span class='ocrx_word' id='word_1_143' title='bbox 873 1952 999 2015; x_wconf 86' lang='lat' dir='ltr'>solo</span> <span class='ocrx_word' id='word_1_144' title='bbox 1030 1949 1283 2014; x_wconf 83' lang='lat' dir='ltr'>naturali</span> <span class='ocrx_word' id='word_1_145' title='bbox 1312 1952 1528 2016; x_wconf 83' lang='lat' dir='ltr'>lumine</span> <span class='ocrx_word' id='word_1_146' title='bbox 1561 1973 1676 2016; x_wconf 84' lang='lat' dir='ltr'>non</span> <span class='ocrx_word' id='word_1_147' title='bbox 1704 1959 2134 2037; x_wconf 76' lang='lat' dir='ltr'>cognoscatur,</span> <span class='ocrx_word' id='word_1_148' title='bbox 2175 1951 2334 2037; x_wconf 81' lang='lat' dir='ltr'>quod</span> 
     </span>
     <span class='ocr_line' id='line_1_17' title="bbox 215 2048 2333 2139; baseline 0 -25"><span class='ocrx_word' id='word_1_149' title='bbox 215 2051 497 2115; x_wconf 75' lang='lat' dir='ltr'>›Ecclesia</span> <span class='ocrx_word' id='word_1_150' title='bbox 554 2063 957 2116; x_wconf 78' lang='lat' dir='ltr'>consummata</span> <span class='ocrx_word' id='word_1_151' title='bbox 1010 2053 1114 2126; x_wconf 91' lang='lat' dir='ltr'>sit,</span> <span class='ocrx_word' id='word_1_152' title='bbox 1166 2048 1280 2115; x_wconf 87' lang='lat' dir='ltr'>hoc</span> <span class='ocrx_word' id='word_1_153' title='bbox 1333 2066 1454 2128; x_wconf 89' lang='lat' dir='ltr'>est,</span> <span class='ocrx_word' id='word_1_154' title='bbox 1508 2053 1666 2139; x_wconf 78' lang='lat' dir='ltr'>qrrod</span> <span class='ocrx_word' id='word_1_155' title='bbox 1714 2054 1771 2115; x_wconf 89' lang='lat' dir='ltr'>in</span> <span class='ocrx_word' id='word_1_156' title='bbox 1824 2052 1997 2117; x_wconf 84' lang='lat' dir='ltr'>meris</span> <span class='ocrx_word' id='word_1_157' title='bbox 2037 2052 2196 2117; x_wconf 84' lang='lat' dir='ltr'>falsis</span> <span class='ocrx_word' id='word_1_158' title='bbox 2238 2050 2333 2128; x_wconf 82' lang='lat' dir='ltr'>sit,</span> 
     </span>
     <span class='ocr_line' id='line_1_18' title="bbox 225 2151 2330 2241; baseline 0.001 -25"><span class='ocrx_word' id='word_1_159' title='bbox 225 2152 574 2238; x_wconf 82' lang='lat' dir='ltr'>priusquam</span> <span class='ocrx_word' id='word_1_160' title='bbox 623 2151 840 2215; x_wconf 83' lang='lat' dir='ltr'>veritas</span> <span class='ocrx_word' id='word_1_161' title='bbox 885 2176 917 2217; x_wconf 89' lang='lat' dir='ltr'>e</span> <span class='ocrx_word' id='word_1_162' title='bbox 963 2152 1143 2218; x_wconf 86' lang='lat' dir='ltr'>Caelo</span> <span class='ocrx_word' id='word_1_163' title='bbox 1190 2152 1249 2216; x_wconf 88' lang='lat' dir='ltr'>in</span> <span class='ocrx_word' id='word_1_164' title='bbox 1291 2177 1396 2220; x_wconf 85' lang='lat' dir='ltr'>sua</span> <span class='ocrx_word' id='word_1_165' title='bbox 1441 2155 1570 2217; x_wconf 89' lang='lat' dir='ltr'>luce</span> <span class='ocrx_word' id='word_1_166' title='bbox 1613 2151 1882 2241; x_wconf 48' lang='lat' dir='ltr'>affulge&amp;</span> <span class='ocrx_word' id='word_1_167' title='bbox 1936 2154 2074 2240; x_wconf 79' lang='lat' dir='ltr'>quia</span> <span class='ocrx_word' id='word_1_168' title='bbox 2118 2151 2330 2218; x_wconf 82' lang='lat' dir='ltr'>falsum</span> 
     </span>
     <span class='ocr_line' id='line_1_19' title="bbox 228 2241 2331 2327; baseline 0.002 -12"><span class='ocrx_word' id='word_1_169' title='bbox 228 2275 355 2320; x_wconf 87' lang='lat' dir='ltr'>non</span> <span class='ocrx_word' id='word_1_170' title='bbox 388 2241 551 2320; x_wconf 75' lang='lat' dir='ltr'>videt¹</span> <span class='ocrx_word' id='word_1_171' title='bbox 575 2274 814 2327; x_wconf 87' lang='lat' dir='ltr'>verum,</span> <span class='ocrx_word' id='word_1_172' title='bbox 868 2254 967 2318; x_wconf 86' lang='lat' dir='ltr'>sed</span> <span class='ocrx_word' id='word_1_173' title='bbox 998 2275 1203 2320; x_wconf 86' lang='lat' dir='ltr'>verum</span> <span class='ocrx_word' id='word_1_174' title='bbox 1229 2255 1393 2322; x_wconf 74' lang='lat' dir='ltr'>,videt</span> <span class='ocrx_word' id='word_1_175' title='bbox 1420 2255 1665 2325; x_wconf 85' lang='lat' dir='ltr'>falsum;</span> <span class='ocrx_word' id='word_1_176' title='bbox 1718 2268 1771 2318; x_wconf 88' lang='lat' dir='ltr'>et</span> <span class='ocrx_word' id='word_1_177' title='bbox 1814 2257 2004 2324; x_wconf 78' lang='lat' dir='ltr'>omnis</span> <span class='ocrx_word' id='word_1_178' title='bbox 2033 2254 2212 2322; x_wconf 88' lang='lat' dir='ltr'>homo</span> <span class='ocrx_word' id='word_1_179' title='bbox 2242 2264 2331 2320; x_wconf 74' lang='lat' dir='ltr'>ta-</span> 
     </span>
     <span class='ocr_line' id='line_1_20' title="bbox 229 2354 2331 2448; baseline 0.001 -31"><span class='ocrx_word' id='word_1_180' title='bbox 229 2354 301 2418; x_wconf 89' lang='lat' dir='ltr'>lis</span> <span class='ocrx_word' id='word_1_181' title='bbox 330 2364 451 2430; x_wconf 84' lang='lat' dir='ltr'>est,</span> <span class='ocrx_word' id='word_1_182' title='bbox 501 2354 658 2440; x_wconf 86' lang='lat' dir='ltr'>quod</span> <span class='ocrx_word' id='word_1_183' title='bbox 700 2355 880 2442; x_wconf 82' lang='lat' dir='ltr'>possit</span> <span class='ocrx_word' id='word_1_184' title='bbox 913 2355 1112 2421; x_wconf 84' lang='lat' dir='ltr'>videre</span> <span class='ocrx_word' id='word_1_185' title='bbox 1158 2365 1216 2420; x_wconf 91' lang='lat' dir='ltr'>et</span> <span class='ocrx_word' id='word_1_186' title='bbox 1261 2356 1759 2448; x_wconf 80' lang='lat' dir='ltr'>comprehendere</span> <span class='ocrx_word' id='word_1_187' title='bbox 1802 2377 2039 2433; x_wconf 83' lang='lat' dir='ltr'>verum,</span> <span class='ocrx_word' id='word_1_188' title='bbox 2095 2356 2231 2422; x_wconf 90' lang='lat' dir='ltr'>dum</span> <span class='ocrx_word' id='word_1_189' title='bbox 2272 2356 2331 2421; x_wconf 89' lang='lat' dir='ltr'>id</span> 
     </span>
     <span class='ocr_line' id='line_1_21' title="bbox 229 2455 2335 2546; baseline 0.002 -28"><span class='ocrx_word' id='word_1_190' title='bbox 229 2455 438 2528; x_wconf 85' lang='lat' dir='ltr'>audit,</span> <span class='ocrx_word' id='word_1_191' title='bbox 488 2457 586 2519; x_wconf 84' lang='lat' dir='ltr'>sed</span> <span class='ocrx_word' id='word_1_192' title='bbox 618 2456 998 2522; x_wconf 75' lang='lat' dir='ltr'>confirmatus</span> <span class='ocrx_word' id='word_1_193' title='bbox 1026 2458 1082 2520; x_wconf 92' lang='lat' dir='ltr'>in</span> <span class='ocrx_word' id='word_1_194' title='bbox 1113 2455 1305 2536; x_wconf 87' lang='lat' dir='ltr'>falsis,</span> <span class='ocrx_word' id='word_1_195' title='bbox 1357 2482 1474 2523; x_wconf 91' lang='lat' dir='ltr'>non</span> <span class='ocrx_word' id='word_1_196' title='bbox 1507 2468 1695 2546; x_wconf 86' lang='lat' dir='ltr'>potest</span> <span class='ocrx_word' id='word_1_197' title='bbox 1723 2457 1939 2521; x_wconf 74' lang='lat' dir='ltr'>inferre</span> <span class='ocrx_word' id='word_1_198' title='bbox 1967 2459 2109 2525; x_wconf 87' lang='lat' dir='ltr'>illud</span> <span class='ocrx_word' id='word_1_199' title='bbox 2140 2459 2200 2522; x_wconf 89' lang='lat' dir='ltr'>in</span> <span class='ocrx_word' id='word_1_200' title='bbox 2242 2459 2335 2523; x_wconf 79' lang='lat' dir='ltr'>in-</span> 
     </span>
     <span class='ocr_line' id='line_1_22' title="bbox 231 2555 2331 2649; baseline 0.001 -28"><span class='ocrx_word' id='word_1_201' title='bbox 231 2555 536 2621; x_wconf 81' lang='lat' dir='ltr'>tellectum</span> <span class='ocrx_word' id='word_1_202' title='bbox 566 2567 629 2618; x_wconf 90' lang='lat' dir='ltr'>ut</span> <span class='ocrx_word' id='word_1_203' title='bbox 657 2567 919 2633; x_wconf 84' lang='lat' dir='ltr'>maneat,</span> <span class='ocrx_word' id='word_1_204' title='bbox 971 2560 1250 2645; x_wconf 89' lang='lat' dir='ltr'>quoniam</span> <span class='ocrx_word' id='word_1_205' title='bbox 1281 2583 1400 2624; x_wconf 88' lang='lat' dir='ltr'>non</span> <span class='ocrx_word' id='word_1_206' title='bbox 1430 2561 1685 2649; x_wconf 87' lang='lat' dir='ltr'>aliquem</span> <span class='ocrx_word' id='word_1_207' title='bbox 1730 2560 1921 2627; x_wconf 88' lang='lat' dir='ltr'>locum</span> <span class='ocrx_word' id='word_1_208' title='bbox 1961 2560 2218 2637; x_wconf 80' lang='lat' dir='ltr'>invenit,</span> <span class='ocrx_word' id='word_1_209' title='bbox 2271 2569 2331 2624; x_wconf 84' lang='lat' dir='ltr'>et</span> 
     </span>
    </p>
   </div>
   <div class='ocr_carea' id='block_1_3' title="bbox 223 2654 2330 2845">
    <p class='ocr_par' dir='ltr' id='par_1_3' title="bbox 223 2654 2330 2845">
     <span class='ocr_line' id='line_1_23' title="bbox 228 2654 2330 2749; baseline 0.002 -29"><span class='ocrx_word' id='word_1_210' title='bbox 228 2657 281 2720; x_wconf 91' lang='lat' dir='ltr'>si</span> <span class='ocrx_word' id='word_1_211' title='bbox 321 2654 478 2721; x_wconf 81' lang='lat' dir='ltr'>sorte</span> <span class='ocrx_word' id='word_1_212' title='bbox 519 2657 729 2732; x_wconf 80' lang='lat' dir='ltr'>intrat,</span> <span class='ocrx_word' id='word_1_213' title='bbox 784 2671 972 2724; x_wconf 86' lang='lat' dir='ltr'>turma</span> <span class='ocrx_word' id='word_1_214' title='bbox 1000 2659 1320 2725; x_wconf 79' lang='lat' dir='ltr'>falsitatum</span> <span class='ocrx_word' id='word_1_215' title='bbox 1353 2671 1713 2749; x_wconf 79' lang='lat' dir='ltr'>congregata</span> <span class='ocrx_word' id='word_1_216' title='bbox 1746 2660 1887 2725; x_wconf 86' lang='lat' dir='ltr'>illud</span> <span class='ocrx_word' id='word_1_217' title='bbox 1932 2672 1993 2725; x_wconf 89' lang='lat' dir='ltr'>ut</span> <span class='ocrx_word' id='word_1_218' title='bbox 2019 2661 2330 2748; x_wconf 82' lang='lat' dir='ltr'>heteroge-</span> 
     </span>
     <span class='ocr_line' id='line_1_24' title="bbox 223 2758 1385 2845; baseline 0.009 -25"><span class='ocrx_word' id='word_1_219' title='bbox 223 2780 411 2825; x_wconf 85' lang='lat' dir='ltr'>neum</span> <span class='ocrx_word' id='word_1_220' title='bbox 439 2758 610 2845; x_wconf 79' lang='lat' dir='ltr'>ejicit.</span> <span class='ocrx_word' id='word_1_221' title='bbox 1380 2784 1385 2793; x_wconf 79' lang='lat'><em>‘</em></span> 
     </span>
    </p>
   </div>
   <div class='ocr_carea' id='block_1_4' title="bbox 228 2985 2439 3079">
    <p class='ocr_par' dir='ltr' id='par_1_4' title="bbox 228 2985 2439 3079">
     <span class='ocr_line' id='line_1_25' title="bbox 228 2985 2439 3079; baseline -0.003 -30"><span class='ocrx_word' id='word_1_222' title='bbox 228 2985 420 3068; x_wconf 83' lang='lat' dir='ltr'>Quod</span> <span class='ocrx_word' id='word_1_223' title='bbox 467 2986 758 3051; x_wconf 79' lang='lat' dir='ltr'>Ultimum</span> <span class='ocrx_word' id='word_1_224' title='bbox 813 2987 925 3052; x_wconf 82' lang='lat' dir='ltr'>hoc</span> <span class='ocrx_word' id='word_1_225' title='bbox 981 3003 1210 3079; x_wconf 81' lang='lat' dir='ltr'>tempus</span> <span class='ocrx_word' id='word_1_226' title='bbox 1249 2990 1563 3055; x_wconf 81' lang='lat' dir='ltr'>Ecclesiae</span> <span class='ocrx_word' id='word_1_227' title='bbox 1618 2988 2024 3061; x_wconf 79' lang='lat' dir='ltr'>Christianae,</span> <span class='ocrx_word' id='word_1_228' title='bbox 2075 2989 2153 3049; x_wconf 79' lang='lat' dir='ltr'>sit</span> <span class='ocrx_word' id='word_1_229' title='bbox 2192 2988 2329 3076; x_wconf 79' lang='lat' dir='ltr'>ipsa</span> <span class='ocrx_word' id='word_1_230' title='bbox 2432 3030 2439 3041; x_wconf 85' lang='lat'>,</span> 
     </span>
    </p>
   </div>
   <div class='ocr_carea' id='block_1_5' title="bbox 519 3089 2025 3183">
    <p class='ocr_par' dir='ltr' id='par_1_5' title="bbox 519 3089 2025 3183">
     <span class='ocr_line' id='line_1_26' title="bbox 519 3089 2025 3183; baseline -0.003 -29"><span class='ocrx_word' id='word_1_231' title='bbox 519 3089 712 3165; x_wconf 76' lang='lat' dir='ltr'>Noae,</span> <span class='ocrx_word' id='word_1_232' title='bbox 767 3093 829 3153; x_wconf 85' lang='lat' dir='ltr'>in</span> <span class='ocrx_word' id='word_1_233' title='bbox 868 3114 1047 3181; x_wconf 81' lang='lat' dir='ltr'>quam</span> <span class='ocrx_word' id='word_1_234' title='bbox 1089 3090 1396 3156; x_wconf 77' lang='lat' dir='ltr'>desierunt</span> <span class='ocrx_word' id='word_1_235' title='bbox 1430 3090 1743 3157; x_wconf 79' lang='lat' dir='ltr'>Ecclesiae</span> <span class='ocrx_word' id='word_1_236' title='bbox 1775 3092 2025 3183; x_wconf 84' lang='lat' dir='ltr'>priores.</span> 
     </span>
    </p>
   </div>
   <div class='ocr_carea' id='block_1_6' title="bbox 207 3261 2334 4365">
    <p class='ocr_par' dir='ltr' id='par_1_6' title="bbox 207 3261 2334 4365">
     <span class='ocr_line' id='line_1_27' title="bbox 386 3261 2332 3353; baseline -0.001 -27"><span class='ocrx_word' id='word_1_237' title='bbox 386 3269 532 3353; x_wconf 73' lang='lat'>760.</span> <span class='ocrx_word' id='word_1_238' title='bbox 588 3265 761 3344; x_wconf 87' lang='lat' dir='ltr'>Quod</span> <span class='ocrx_word' id='word_1_239' title='bbox 804 3267 859 3329; x_wconf 90' lang='lat' dir='ltr'>in</span> <span class='ocrx_word' id='word_1_240' title='bbox 905 3265 1016 3330; x_wconf 88' lang='lat' dir='ltr'>hac</span> <span class='ocrx_word' id='word_1_241' title='bbox 1055 3267 1300 3339; x_wconf 65' lang='lat' dir='ltr'>Tellure</span> <span class='ocrx_word' id='word_1_242' title='bbox 1349 3277 1478 3351; x_wconf 84' lang='lat' dir='ltr'>post</span> <span class='ocrx_word' id='word_1_243' title='bbox 1526 3267 1899 3329; x_wconf 72' lang='lat' dir='ltr'>creationem</span> <span class='ocrx_word' id='word_1_244' title='bbox 1945 3263 2070 3348; x_wconf 86' lang='lat' dir='ltr'>ejus</span> <span class='ocrx_word' id='word_1_245' title='bbox 2111 3261 2332 3327; x_wconf 84' lang='lat' dir='ltr'>fuerint</span> 
     </span>
     <span class='ocr_line' id='line_1_28' title="bbox 217 3363 2334 3453; baseline -0.002 -24"><span class='ocrx_word' id='word_1_246' title='bbox 217 3375 489 3453; x_wconf 84' lang='lat' dir='ltr'>quatuor</span> <span class='ocrx_word' id='word_1_247' title='bbox 533 3365 832 3432; x_wconf 84' lang='lat' dir='ltr'>Ecclesiae</span> <span class='ocrx_word' id='word_1_248' title='bbox 870 3368 928 3430; x_wconf 90' lang='lat' dir='ltr'>in</span> <span class='ocrx_word' id='word_1_249' title='bbox 969 3366 1314 3442; x_wconf 85' lang='lat' dir='ltr'>Communi,</span> <span class='ocrx_word' id='word_1_250' title='bbox 1379 3388 1627 3452; x_wconf 87' lang='lat' dir='ltr'>quarum</span> <span class='ocrx_word' id='word_1_251' title='bbox 1671 3387 1786 3433; x_wconf 84' lang='lat' dir='ltr'>una</span> <span class='ocrx_word' id='word_1_252' title='bbox 1826 3364 2099 3435; x_wconf 81' lang='lat' dir='ltr'>successit</span> <span class='ocrx_word' id='word_1_253' title='bbox 2141 3363 2334 3438; x_wconf 82' lang='lat' dir='ltr'>alteri,</span> 
     </span>
     <span class='ocr_line' id='line_1_29' title="bbox 222 3464 2333 3555; baseline -0.002 -23"><span class='ocrx_word' id='word_1_254' title='bbox 222 3475 505 3532; x_wconf 85' lang='lat' dir='ltr'>constare</span> <span class='ocrx_word' id='word_1_255' title='bbox 533 3476 723 3554; x_wconf 85' lang='lat' dir='ltr'>potest</span> <span class='ocrx_word' id='word_1_256' title='bbox 763 3488 836 3531; x_wconf 90' lang='lat' dir='ltr'>ex</span> <span class='ocrx_word' id='word_1_257' title='bbox 868 3468 1068 3532; x_wconf 84' lang='lat' dir='ltr'>Verbo</span> <span class='ocrx_word' id='word_1_258' title='bbox 1098 3478 1215 3531; x_wconf 88' lang='lat' dir='ltr'>tam</span> <span class='ocrx_word' id='word_1_259' title='bbox 1249 3467 1547 3531; x_wconf 87' lang='lat' dir='ltr'>Historico</span> <span class='ocrx_word' id='word_1_260' title='bbox 1584 3491 1756 3553; x_wconf 77' lang='lat' dir='ltr'>quam</span> <span class='ocrx_word' id='word_1_261' title='bbox 1788 3465 2170 3555; x_wconf 79' lang='lat' dir='ltr'>prophetico,</span> <span class='ocrx_word' id='word_1_262' title='bbox 2225 3464 2333 3528; x_wconf 90' lang='lat' dir='ltr'>im·</span> 
     </span>
     <span class='ocr_line' id='line_1_30' title="bbox 221 3566 2333 3656; baseline -0 -24"><span class='ocrx_word' id='word_1_263' title='bbox 221 3568 434 3654; x_wconf 85' lang='lat' dir='ltr'>primis</span> <span class='ocrx_word' id='word_1_264' title='bbox 481 3568 633 3653; x_wconf 83' lang='lat' dir='ltr'>apud</span> <span class='ocrx_word' id='word_1_265' title='bbox 673 3568 1019 3642; x_wconf 83' lang='lat' dir='ltr'>Danielem,</span> <span class='ocrx_word' id='word_1_266' title='bbox 1072 3568 1226 3656; x_wconf 85' lang='lat' dir='ltr'>apud</span> <span class='ocrx_word' id='word_1_267' title='bbox 1257 3568 1416 3632; x_wconf 89' lang='lat' dir='ltr'>hunc</span> <span class='ocrx_word' id='word_1_268' title='bbox 1444 3580 1699 3656; x_wconf 84' lang='lat' dir='ltr'>quatuor</span> <span class='ocrx_word' id='word_1_269' title='bbox 1738 3569 1871 3632; x_wconf 88' lang='lat' dir='ltr'>illae</span> <span class='ocrx_word' id='word_1_270' title='bbox 1902 3566 2194 3635; x_wconf 81' lang='lat' dir='ltr'>Ecclesiae</span> <span class='ocrx_word' id='word_1_271' title='bbox 2231 3568 2333 3631; x_wconf 85' lang='lat' dir='ltr'>de·</span> 
     </span>
     <span class='ocr_line' id='line_1_31' title="bbox 214 3667 2326 3756; baseline -0.001 -22"><span class='ocrx_word' id='word_1_272' title='bbox 214 3669 567 3734; x_wconf 80' lang='lat' dir='ltr'>scribuntur</span> <span class='ocrx_word' id='word_1_273' title='bbox 593 3691 698 3756; x_wconf 88' lang='lat' dir='ltr'>per</span> <span class='ocrx_word' id='word_1_274' title='bbox 724 3668 992 3735; x_wconf 83' lang='lat' dir='ltr'>Statuam</span> <span class='ocrx_word' id='word_1_275' title='bbox 1022 3669 1553 3737; x_wconf 86' lang='lat' dir='ltr'>Nebuchaduezari</span> <span class='ocrx_word' id='word_1_276' title='bbox 1585 3671 1763 3735; x_wconf 82' lang='lat' dir='ltr'>visam</span> <span class='ocrx_word' id='word_1_277' title='bbox 1792 3672 1849 3732; x_wconf 92' lang='lat' dir='ltr'>in</span> <span class='ocrx_word' id='word_1_278' title='bbox 1882 3670 2132 3746; x_wconf 81' lang='lat' dir='ltr'>somnio,</span> <span class='ocrx_word' id='word_1_279' title='bbox 2184 3667 2326 3755; x_wconf 89' lang='lat' dir='ltr'>Cap.</span> 
     </span>
     <span class='ocr_line' id='line_1_32' title="bbox 220 3762 2327 3858; baseline -0.002 -23"><span class='ocrx_word' id='word_1_280' title='bbox 220 3769 320 3838; x_wconf 82' lang='lat'>11;</span> <span class='ocrx_word' id='word_1_281' title='bbox 362 3779 421 3830; x_wconf 90' lang='lat' dir='ltr'>et</span> <span class='ocrx_word' id='word_1_282' title='bbox 451 3778 651 3854; x_wconf 85' lang='lat' dir='ltr'>postea</span> <span class='ocrx_word' id='word_1_283' title='bbox 679 3792 786 3855; x_wconf 81' lang='lat' dir='ltr'>per</span> <span class='ocrx_word' id='word_1_284' title='bbox 815 3781 1073 3858; x_wconf 84' lang='lat' dir='ltr'>quatuor</span> <span class='ocrx_word' id='word_1_285' title='bbox 1099 3770 1329 3836; x_wconf 83' lang='lat' dir='ltr'>Bestias</span> <span class='ocrx_word' id='word_1_286' title='bbox 1357 3793 1389 3834; x_wconf 90' lang='lat' dir='ltr'>e</span> <span class='ocrx_word' id='word_1_287' title='bbox 1419 3773 1565 3836; x_wconf 84' lang='lat' dir='ltr'>mari</span> <span class='ocrx_word' id='word_1_288' title='bbox 1597 3773 1997 3847; x_wconf 85' lang='lat' dir='ltr'>ascendentes,</span> <span class='ocrx_word' id='word_1_289' title='bbox 2022 3762 2161 3856; x_wconf 84' lang='lat' dir='ltr'>Cap.</span> <span class='ocrx_word' id='word_1_290' title='bbox 2190 3769 2327 3835; x_wconf 89' lang='lat' dir='ltr'>Vll:</span> 
     </span>
     <span class='ocr_line' id='line_1_33' title="bbox 216 3870 2332 3958; baseline -0.001 -22"><span class='ocrx_word' id='word_1_291' title='bbox 216 3871 425 3936; x_wconf 84' lang='lat' dir='ltr'>Prima</span> <span class='ocrx_word' id='word_1_292' title='bbox 481 3870 771 3946; x_wconf 85' lang='lat' dir='ltr'>Ecclesia,</span> <span class='ocrx_word' id='word_1_293' title='bbox 824 3893 977 3958; x_wconf 86' lang='lat' dir='ltr'>quae</span> <span class='ocrx_word' id='word_1_294' title='bbox 1033 3873 1300 3939; x_wconf 85' lang='lat' dir='ltr'>vocanda</span> <span class='ocrx_word' id='word_1_295' title='bbox 1357 3883 1443 3937; x_wconf 87' lang='lat' dir='ltr'>est</span> <span class='ocrx_word' id='word_1_296' title='bbox 1484 3872 1932 3957; x_wconf 78' lang='lat' dir='ltr'>Antiquissima,</span> <span class='ocrx_word' id='word_1_297' title='bbox 1998 3882 2137 3935; x_wconf 89' lang='lat' dir='ltr'>ante</span> <span class='ocrx_word' id='word_1_298' title='bbox 2181 3870 2332 3933; x_wconf 88' lang='lat' dir='ltr'>dilu-</span> 
     </span>
     <span class='ocr_line' id='line_1_34' title="bbox 218 3971 2333 4058; baseline -0.001 -23"><span class='ocrx_word' id='word_1_299' title='bbox 218 3974 385 4036; x_wconf 83' lang='lat' dir='ltr'>vium</span> <span class='ocrx_word' id='word_1_300' title='bbox 433 3971 687 4047; x_wconf 83' lang='lat' dir='ltr'>exstitit,</span> <span class='ocrx_word' id='word_1_301' title='bbox 756 3972 926 4058; x_wconf 84' lang='lat' dir='ltr'>cujus</span> <span class='ocrx_word' id='word_1_302' title='bbox 967 3973 1411 4049; x_wconf 76' lang='lat' dir='ltr'>Consummatio</span> <span class='ocrx_word' id='word_1_303' title='bbox 1457 3996 1558 4039; x_wconf 86' lang='lat' dir='ltr'>seu</span> <span class='ocrx_word' id='word_1_304' title='bbox 1603 3974 1790 4037; x_wconf 83' lang='lat' dir='ltr'>exitus</span> <span class='ocrx_word' id='word_1_305' title='bbox 1832 3973 2181 4037; x_wconf 83' lang='lat' dir='ltr'>describitur</span> <span class='ocrx_word' id='word_1_306' title='bbox 2225 3992 2333 4056; x_wconf 87' lang='lat' dir='ltr'>per</span> 
     </span>
     <span class='ocr_line' id='line_1_35' title="bbox 211 4070 2329 4161; baseline -0.001 -22"><span class='ocrx_word' id='word_1_307' title='bbox 211 4071 560 4139; x_wconf 81' lang='lat' dir='ltr'>Diluvium.:</span> <span class='ocrx_word' id='word_1_308' title='bbox 614 4071 818 4139; x_wconf 81' lang='lat' dir='ltr'>Altera</span> <span class='ocrx_word' id='word_1_309' title='bbox 849 4074 1110 4140; x_wconf 84' lang='lat' dir='ltr'>Ecclesia</span> <span class='ocrx_word' id='word_1_310' title='bbox 1131 4123 1147 4150; x_wconf 91' lang='lat'>,</span> <span class='ocrx_word' id='word_1_311' title='bbox 1196 4097 1346 4161; x_wconf 91' lang='lat' dir='ltr'>quae</span> <span class='ocrx_word' id='word_1_312' title='bbox 1376 4076 1643 4140; x_wconf 84' lang='lat' dir='ltr'>vocanda</span> <span class='ocrx_word' id='word_1_313' title='bbox 1674 4082 1760 4137; x_wconf 85' lang='lat' dir='ltr'>est</span> <span class='ocrx_word' id='word_1_314' title='bbox 1787 4071 2078 4159; x_wconf 84' lang='lat' dir='ltr'>Antiqua,</span> <span class='ocrx_word' id='word_1_315' title='bbox 2132 4071 2242 4136; x_wconf 89' lang='lat' dir='ltr'>fuit</span> <span class='ocrx_word' id='word_1_316' title='bbox 2270 4070 2329 4137; x_wconf 84' lang='lat' dir='ltr'>in</span> 
     </span>
     <span class='ocr_line' id='line_1_36' title="bbox 207 4171 2330 4263; baseline -0.004 -22"><span class='ocrx_word' id='word_1_317' title='bbox 207 4171 395 4249; x_wconf 78' lang='lat' dir='ltr'>Asia,</span> <span class='ocrx_word' id='word_1_318' title='bbox 446 4184 505 4237; x_wconf 91' lang='lat' dir='ltr'>et</span> <span class='ocrx_word' id='word_1_319' title='bbox 550 4173 747 4258; x_wconf 82' lang='lat' dir='ltr'>quoad</span> <span class='ocrx_word' id='word_1_320' title='bbox 795 4185 1021 4263; x_wconf 82' lang='lat' dir='ltr'>partem</span> <span class='ocrx_word' id='word_1_321' title='bbox 1070 4175 1128 4238; x_wconf 91' lang='lat' dir='ltr'>in</span> <span class='ocrx_word' id='word_1_322' title='bbox 1175 4172 1413 4250; x_wconf 81' lang='lat' dir='ltr'>Africa,</span> <span class='ocrx_word' id='word_1_323' title='bbox 1475 4196 1627 4260; x_wconf 86' lang='lat' dir='ltr'>quae</span> <span class='ocrx_word' id='word_1_324' title='bbox 1675 4182 2079 4237; x_wconf 85' lang='lat' dir='ltr'>consummata</span> <span class='ocrx_word' id='word_1_325' title='bbox 2123 4181 2210 4239; x_wconf 88' lang='lat' dir='ltr'>est</span> <span class='ocrx_word' id='word_1_326' title='bbox 2270 4180 2330 4233; x_wconf 87' lang='lat' dir='ltr'>et</span> 
     </span>
     <span class='ocr_line' id='line_1_37' title="bbox 216 4271 2329 4365; baseline -0.004 -26"><span class='ocrx_word' id='word_1_327' title='bbox 216 4275 395 4365; x_wconf 86' lang='lat' dir='ltr'>periit</span> <span class='ocrx_word' id='word_1_328' title='bbox 425 4297 530 4364; x_wconf 88' lang='lat' dir='ltr'>per</span> <span class='ocrx_word' id='word_1_329' title='bbox 558 4274 951 4343; x_wconf 87' lang='lat' dir='ltr'>Idololatrias.</span> <span class='ocrx_word' id='word_1_330' title='bbox 1032 4275 1236 4341; x_wconf 85' lang='lat' dir='ltr'>Tertia</span> <span class='ocrx_word' id='word_1_331' title='bbox 1265 4275 1531 4340; x_wconf 82' lang='lat' dir='ltr'>Ecclesia</span> <span class='ocrx_word' id='word_1_332' title='bbox 1563 4282 1690 4341; x_wconf 86' lang='lat' dir='ltr'>erat</span> <span class='ocrx_word' id='word_1_333' title='bbox 1719 4271 2056 4346; x_wconf 68' lang='lat' dir='ltr'>Israelitica,</span> <span class='ocrx_word' id='word_1_334' title='bbox 2100 4272 2329 4358; x_wconf 82' lang='lat' dir='ltr'>incepta</span> 
     </span>
    </p>
   </div>
  </div>
 </body>
</html>
