2750 4775
472 387 543 440 aa
712 374 1169 429 UNIVERSA
1211 373 1742 428 TnEuLOGtA
1787 375 1854 430 N.
1897 373 1962 429 C.
2007 374 2117 427 ΕΤ
2157 374 2224 431 Ν.
2268 375 2335 425 Ε.

469 530 850 595 insinuantur
885 529 947 592 in
974 548 1170 615 opera
1210 527 1548 596 voluntaria
1577 527 1831 594 hominis
1857 548 1962 614 per
1987 527 2242 615 aliquem
2269 526 2560 604 influxum,

470 639 539 695 ut
567 652 671 720 per
698 630 954 717 aliquam
985 627 1374 706 affectionem,
1430 628 1880 716 aspirationem,
1932 628 2394 716 inspirationem,
2428 628 2563 694 inci·

471 732 758 797 tationem
801 740 861 795 et
902 730 1315 794 excitationem
1357 729 1707 808 voluntatis,
1758 731 1997 794 tacitam
2029 731 2463 819 perceptionem
2505 730 2563 794 in

474 832 866 919 cogitatione,
920 841 987 894 et
1019 831 1157 895 inde
1201 827 1708 906 exhortationem,
1761 831 2175 894 contritionem
2216 840 2277 897 et
2311 833 2397 898 sic
2434 852 2568 896 con-

472 934 805 1010 scientiam,
861 941 917 998 et
945 932 1080 996 inde
1107 931 1517 1008 adactionem,
1553 932 1949 998 obedientiam
1979 932 2265 1021 Decalogi
2292 943 2352 997 et
2378 930 2571 1008 Verbi,

472 1036 622 1100 sicut
659 1032 855 1099 infans
899 1042 1000 1099 aut
1041 1034 1192 1098 sicut
1223 1034 1489 1121 sapiens,
1540 1042 1642 1097 aut
1671 1053 1776 1122 per
1801 1030 1957 1097 aliud
1986 1033 2284 1120 quoddam
2314 1035 2570 1099 medians

474 1136 587 1201 illis
623 1135 844 1211 simile,
898 1134 1193 1222 quomodo
1235 1133 1497 1220 alioquin
1528 1141 1768 1222 possunt
1795 1134 1996 1199 vocari
2026 1132 2251 1200 fructus
2275 1134 2443 1209 fidei;
2497 1134 2567 1200 ad

472 1235 621 1301 haec
648 1236 950 1322 respoudit
973 1234 1296 1310 Sacerdos,
1351 1235 1514 1320 quod
1540 1241 1692 1309 non',
1744 1243 1801 1298 et
1827 1235 1875 1299 si
1903 1233 2106 1301 dicunt
2135 1237 2293 1320 quod
2325 1258 2431 1323 per
2451 1237 2565 1302 tale

473 1338 613 1424 quid
642 1335 775 1411 fiat,
832 1356 1018 1425 usque
1045 1334 1418 1400 consarciunt
1454 1335 1513 1398 id
1540 1335 1600 1398 in
1626 1336 1997 1400 sermonibus
2024 1357 2156 1400 cnm
2187 1338 2453 1415 vocibus,
2500 1356 2567 1402 ex

474 1438 687 1526 quibus
714 1439 990 1513 resultat,
1046 1436 1202 1524 quod
1232 1457 1352 1500 non
1380 1457 1453 1499 ex
1478 1435 1656 1507 Fide;
1708 1436 1946 1523 quidam
1985 1459 2172 1524 usque
2201 1439 2442 1505 tradunt
2479 1448 2564 1504 ta-

472 1540 583 1614 lia,
635 1539 735 1604 sed
779 1561 862 1603 υτ
896 1558 1086 1603 smus
1123 1556 1330 1613 rrum,
1380 1555 1510 1602 uon
1551 1553 1769 1602 Auri-:n
1808 1557 2203 1604 tir-uncum
2248 1560 2395 1605 mus
2432 1560 2563 1605 cim

473 1639 867 1714 Cunnum
918 1638 1115 1725 Aliqui
1175 1647 1376 1701 tamen
1424 1638 1908 1724 excogitaverunt
1948 1639 2425 1723 conjunctionem
2465 1662 2566 1730 per
2629 1645 2632 1648 ’

475 1743 768 1813 verbum
822 1749 881 1804 et
908 1749 1046 1803 tunc
1072 1739 1373 1814 dixerunt,
1429 1759 1630 1803 annon
1655 1739 1739 1804 sic
1766 1739 2105 1826 conjunctio
2126 1790 2143 1817 ,
2194 1742 2296 1806 sed
2326 1764 2565 1830 respon·

472 1843 591 1919 dit,
643 1863 763 1907 non
790 1840 903 1904 boc
929 1840 1221 1925 cogitant,
1271 1839 1374 1905 sed
1404 1840 1579 1903 modo
1608 1861 1715 1926 per
1739 1840 2003 1904 auditum
2033 1840 2248 1920 Verbi,
2293 1852 2566 1909 asserunt

473 1945 661 2020 enim,
720 1941 876 2028 quod
916 1960 1091 2006 omne
1129 1940 1452 2016 rationale,
1504 1951 1562 2004 et
1596 1962 1770 2005 omne
1801 1941 2197 2006 voluntarium
2225 1943 2483 2009 hominis
2507 1944 2563 2007 in

474 2046 654 2110 rebus
682 2042 814 2106 fidei
841 2042 916 2106 sit
943 2042 1233 2127 impurum
1263 2051 1324 2106 et
1350 2043 1749 2120 meritorium,
1800 2044 2079 2128 quoniam
2104 2043 2286 2108 homo
2315 2045 2379 2109 in
2405 2045 2566 2134 spiri·-

470 2145 736 2210 tualibus
761 2164 878 2206 non
907 2153 1098 2231 potest
1126 2142 1364 2230 aliquod
1393 2144 1755 2231 intelligere,
1811 2143 1995 2221 velle,
2039 2146 2305 2232 operari,
2362 2167 2566 2236 coope-

471 2248 627 2321 rari,
680 2247 810 2331 plus
835 2266 1011 2331 quam
1041 2245 1232 2330 stipes.
1299 2244 1421 2309 Sed
1445 2267 1596 2310 unus
1623 2266 1754 2309 cum
1794 2245 2052 2322 audivit,
2107 2247 2265 2333 quod
2294 2248 2566 2318 credatur

473 2346 653 2411 homo
696 2343 827 2413 talis
864 2347 923 2410 in
951 2346 1224 2411 omnibus
1262 2366 1417 2433 quae
1459 2345 1595 2411 fidei
1622 2356 1681 2412 et
1705 2348 1909 2413 salutis
1933 2356 2085 2423 sunt,
2139 2347 2311 2425 dixit,
2373 2348 2564 2417 audivi

471 2449 764 2536 quendam
808 2447 1128 2524 dicentem,
1182 2447 1446 2534 plantavi
1475 2448 1739 2525 vineam,
1795 2471 1949 2513 nunc
1990 2451 2436 2517 hibamvinum
2474 2454 2563 2517 us-
2625 2458 2630 2464 ’

471 2570 586 2634 que
626 2549 702 2614 ad
742 2548 1122 2625 ebrietatem,
1173 2548 1277 2612 sed
1318 2549 1610 2634 quaesivit
1648 2550 1825 2625 alter,
1879 2571 2018 2614 num
2050 2551 2343 2617 bibiturus
2383 2575 2445 2619 es
2483 2551 2564 2620 vi-

471 2665 611 2716 num
663 2671 734 2714 ex
775 2660 878 2714 tuo
919 2638 1142 2739 scypho
1171 2671 1276 2736 per
1302 2658 1462 2713 tuam
1492 2650 1790 2727 dextram,
1841 2661 1901 2715 et
1929 2650 2104 2728 dixit,
2157 2673 2308 2728 non,
2363 2655 2464 2719 sed
2493 2671 2558 2716 ex

467 2750 691 2840 scypho
739 2750 1121 2837 inconspicuo
1175 2772 1279 2835 per
1330 2770 1572 2814 manum
1625 2751 2096 2839 inconspicuam,
2162 2762 2222 2816 et
2260 2755 2559 2843 respondit

470 2853 641 2928 alter,
671 2861 828 2916 certe
857 2861 997 2915 tunc
1026 2871 1142 2914 non
1179 2850 1597 2925 inebriaberis;
1654 2873 1790 2917 mox
1815 2852 1973 2919 idem
2002 2851 2093 2919 vir
2120 2853 2293 2930 dixit,
2340 2858 2444 2921 sed
2473 2875 2562 2920 me

471 2953 672 3018 audite
713 2974 970 3040 quaeso,
1023 2972 1136 3038 ego
1174 2951 1307 3016 dico
1345 2952 1548 3030 vobis,
1600 2952 1783 3018 bibite
1809 2955 2025 3020 Vinum
2061 2976 2136 3018 ex
2164 2956 2368 3020 Verbo
2398 2955 2564 3021 intel·-

470 3053 657 3130 lccto,
710 3052 968 3119 nostisne
1011 3053 1167 3141 quod
1210 3053 1502 3118 Dominus
1541 3055 1615 3119 sit
1647 3054 1941 3133 Verbum,
1995 3064 2157 3120 estne
2189 3056 2454 3122 Verbum
2494 3077 2563 3122 ex

472 3153 765 3230 Domino,
816 3163 979 3221 estne
1006 3155 1088 3220 sic
1115 3155 1248 3243 Ipse
1275 3154 1333 3218 in
1362 3154 1482 3231 illo,
1534 3157 1582 3222 si
1608 3176 1751 3243 ergo
1780 3155 1969 3222 facitis
1997 3157 2214 3220 bonum
2245 3179 2328 3221 ex·
2342 3158 2560 3233 Verbo,

468 3254 736 3322 facitisne
777 3256 836 3320 id
874 3276 946 3325 ex
974 3256 1262 3333 Domino,
1305 3276 1376 3319 ex
1406 3254 1595 3342 Ipsius
1636 3279 1738 3321 ore
1777 3267 1837 3321 et
1879 3258 2212 3332 voluntate,
2263 3260 2397 3322 etsi
2426 3269 2564 3327 tunc

466 3360 741 3445 spectatis
767 3357 840 3421 ad
869 3358 1189 3431 Dominum
1206 3406 1223 3434 ,
1274 3356 1454 3420 etiam
1481 3356 1614 3445 Ipse
1643 3380 1748 3424 vos
1774 3359 1946 3423 ducet
1973 3368 2030 3422 et
2056 3356 2323 3438 docebit,
2371 3369 2430 3425 et
2457 3380 2561 3428 vos

466 3456 696 3531 facietis
731 3459 876 3523 illud
915 3481 987 3524 ex
1027 3460 1196 3523 vobis
1234 3479 1269 3521 a
1294 3454 1584 3533 Durnium
1641 3461 1771 3546 quis
1798 3468 1989 3547 potest
2015 3459 2241 3536 dicere,
2296 3460 2395 3548 qui
2423 3461 2562 3529 facit

467 3557 686 3647 aliquid
728 3581 762 3625 a
794 3560 992 3646 Rege,
1043 3559 1196 3624 illius
1237 3578 1341 3621 ore
1382 3566 1442 3621 et
1482 3560 1793 3637 mandato,
1843 3546 1958 3625 hoc
1998 3559 2153 3626 facio
2195 3582 2265 3624 ex
2293 3582 2427 3627 meo
2455 3582 2558 3626 ore

464 3680 569 3721 seu
613 3660 920 3733 mandato,
974 3668 1031 3724 et
1070 3679 1143 3723 ex
1182 3678 1310 3722 mea
1328 3658 1663 3747 „voluntate
1717 3662 1861 3728 Post
1887 3660 2036 3726 baec
2061 3663 2357 3731 convertit
2393 3685 2458 3730 se
2481 3659 2558 3728 ad

466 3758 737 3835 Uerum,
790 3769 848 3824 et
886 3760 1062 3836 dixit,
1113 3759 1367 3825 Ministri
1394 3760 1538 3841 Dei,
1588 3785 1661 3826 ne
1687 3763 1947 3829 seducite
1975 3761 2252 3848 Gregem.
2309 3763 2422 3830 His
2452 3785 2559 3828 au-

462 3859 627 3938 ditis,
680 3860 927 3926 maxima
971 3882 1105 3951 pars
1131 3860 1342 3947 Gregis
1380 3863 1598 3928 sinistri
1636 3865 1906 3940 recessit,
1959 3872 2018 3927 et
2046 3861 2230 3950 Gregi
2263 3864 2467 3935 dextro
2495 3882 2558 3930 se

466 3959 749 4029 adunivit.
802 3960 1001 4051 Aliqui
1026 3972 1166 4027 tunc
1195 3985 1268 4029 ex
1297 3958 1476 4028 Clero
1516 3964 1823 4041 dicebant,
1872 3962 2206 4033 audivimus
2242 3986 2397 4053 quae
2438 3984 2558 4030 non

467 4062 624 4148 prius
640 4111 657 4141 ,
698 4085 898 4131 sumus
923 4064 1232 4143 Pastores,
1284 4085 1409 4128 non
1434 4066 1835 4152 relinquemus
1861 4064 2055 4144 Oves,
2109 4073 2168 4129 et
2194 4073 2560 4132 recesserunt

467 4184 583 4229 una
625 4186 757 4229 cum
786 4165 926 4241 illis,
971 4177 1031 4231 et
1073 4167 1376 4242 dicebant,
1429 4164 1527 4228 hic
1559 4166 1667 4230 Vir
1694 4165 1974 4255 loquutus
2012 4175 2102 4231 est
2136 4167 2406 4237 Verbum
2461 4154 2562 4232 ve*-

466 4286 630 4343 rum,
680 4267 811 4354 quis
848 4268 1049 4337 dicere
1083 4277 1305 4358 potest,
1359 4265 1460 4352 qui
1498 4265 1641 4335 facit
1679 4286 1750 4331 ex
1779 4266 2032 4345 Verbo„
2064 4267 2146 4333 ita
2177 4289 2250 4333 ex
2281 4267 2557 4342 Domino,
