2750 4775
450 338 558 388 170
677 323 1134 380 UNIVAERSA
1180 322 1717 378 'russoboms
1761 324 1831 379 N.
1875 324 1941 379 C.
1984 324 2086 375 ΕΤ
2129 323 2200 378 Ν.
2244 323 2305 373 Ε.

444 479 525 544 sis
568 478 687 564 ipse
725 477 922 542 Deus:
975 476 1051 541 ad
1088 475 1239 542 haec
1288 476 1625 562 indignatus
1661 475 1885 563 juravit
1931 477 2086 563 quod
2133 476 2242 552 sit,
2295 484 2351 538 et
2392 473 2527 560 quod
2639 401 2649 534 l

447 579 709 644 Domino
733 579 957 641 non-sit
983 577 1179 664 aliqua
1211 587 1470 665 potestas
1496 577 1556 640 in
1584 576 1794 652 Caelo,
1850 578 1989 664 quia
2032 598 2273 644 omnem
2299 583 2530 639 transtu-

449 682 602 745 lerat
653 679 713 741 in
767 699 906 750 nos;
973 699 1094 742 non
1139 700 1289 763 opus
1330 677 1650 754 habemus,
1717 699 1899 764 quarn
1943 689 2008 742 ut
2052 678 2429 756 mandemus,
2474 695 2532 738 ac

449 779 693 846 Caelum
722 789 779 843 et
811 777 1118 857 lnferunm
1146 788 1495 843 reverenter
1523 779 1839 851 obediunt;
1892 781 1939 843 si
1980 779 2270 846 mittimus
2308 776 2533 862 aliquem

451 884 512 946 in
553 881 881 950 infernum,
939 878 1160 943 diaboli
1205 880 1402 944 statim
1447 879 1743 968 recipiunt
1791 881 1989 955 illurn,
2041 879 2319 944 similiter
2355 874 2538 961 Augeli

448 983 647 1055 illum,
698 1001 877 1066 quem
907 980 1190 1044 mittimus
1213 980 1274 1043 in
1302 977 1567 1043 Caelum.
1648 980 1929 1061 Quaesivi
1975 1002 2188 1066 porte,
2247 987 2393 1063 quot
2424 975 2538 1041 estis

448 1084 511 1147 in
551 1082 853 1147 Societate
895 1089 1122 1158 vestra,
1172 1080 1351 1154 dixit,
1405 1081 1690 1156 trecenti,
1741 1091 1799 1144 et
1841 1102 2045 1145 omnes
2087 1081 2172 1143 ibi
2219 1099 2419 1144 sumus
2459 1074 2540 1150 dii,

454 1204 568 1270 ego
596 1191 794 1245 autern
823 1178 967 1246 deus
994 1182 1259 1246 deorum.
1338 1181 1483 1247 Post
1521 1180 1674 1245 haec
1712 1181 1945 1267 aperuit
1983 1204 2045 1246 se
2074 1192 2243 1245 terra
2271 1179 2382 1243 snb
2407 1175 2541 1262 pedi·

454 1284 566 1348 dus
592 1282 916 1367 utriusque,
966 1291 1026 1346 et
1057 1281 1455 1346 subsederunt
1481 1280 1776 1369 profunde
1805 1282 1864 1344 in
1892 1303 2000 1346 sua
2042 1282 2317 1351 inser-nm
2368 1287 2423 1340 et
2457 1276 2542 1338 da·

452 1390 699 1448 tum‘est
724 1381 957 1455 videre,
1013 1382 1170 1469 quod
1197 1380 1306 1446 sub
1336 1379 1594 1446 Infernis
1620 1381 1853 1445 illorum
1891 1391 2086 1447 ¹essent
2117 1379 2448 1467 ergastula,
2493 1377 2541 1436 in

454 1502 610 1570 quae
638 1481 976 1547 deciderent
1006 1483 1119 1559 illi,
1173 1482 1274 1569 qni
1303 1483 1520 1546 damna
1553 1480 1683 1549 aliis
1709 1482 2014 1555 ·inferunt;
2071 1482 2265 1548 cuivis
2310 1479 2461 1544 enim
2494 1475 2539 1537 in

456 1582 701 1649 Inferno
727 1582 1082 1668 relinquitur
1107 1604 1212 1647 sua
1257 1582 1600 1671 phantasia,
1651 1594 1709 1645 et
1748 1604 1987 1669 quoque
2027 1582 2312 1670 gloriatio
2352 1581 2409 1641 in
2443 1575 2539 1650 illa,
2647 1595 2648 1624 ¹

449 1683 554 1749 sed
585 1705 707 1748 non
738 1684 873 1747 licet
902 1684 1121 1749 malurn
1151 1683 1349 1749 facere
1380 1683 1582 1746 alteri:
1636 1683 1798 1770 quod
1827 1683 1972 1748 tales
1998 1684 2115 1750 sint
2143 1683 2265 1758 ibi,
2316 1687 2402 1743 est
2426 1675 2537 1764 quia

454 1783 634 1849 homo
663 1794 805 1848 tunc
832 1792 920 1848 est
948 1784 1006 1847 in
1032 1806 1142 1848 sun
1178 1783 1420 1870 spiritu,
1474 1805 1548 1848 ac
1583 1785 1849 1869 spiritus,
1905 1792 2221 1872 postquam
2263 1787 2540 1869 separatus

452 1895 540 1950 est
585 1905 619 1949 a
666 1904 950 1970 corpore,
1003 1884 1167 1949 venit
1209 1885 1268 1946 in
1316 1882 1549 1972 plenam
1595 1883 1928 1947 libertatem
1983 1883 2198 1970 agendi
2243 1878 2536 1947 secundum

453 1986 581 2072 ejus
620 1983 961 2048 affectiones
999 1991 1057 2048 et
1094 1983 1230 2055 iude
1272 1984 1677 2070 cogitationes.
1757 1984 1973 2048 Postea
2015 1984 2219 2048 datum
2265 1991 2356 2046 est
2395 1974 2538 2062 inspi-

453 2106 591 2149 cere
616 2085 675 2147 in
717 2084 953 2148 illorum
995 2082 1259 2159 inferna,
1312 2105 1384 2148 ac
1427 2083 1766 2161 Internum,
1818 2084 2130 2148 obierant
2175 2085 2539 2171 imperatores

450 2186 876 2271 imperatorum
908 2202 977 2246 ac
1022 2204 1192 2269 reges
1231 2205 1469 2270 regum,
1520 2194 1656 2248 erat
1684 2185 1926 2271 plenum
1975 2184 2134 2247 omni
2176 2177 2539 2254 immunditie,

454 2306 526 2349 ac
553 2285 633 2348 illi
665 2284 769 2347 visi
798 2291 937 2347 sunt
963 2283 1115 2347 sicut
1143 2284 1345 2351 variae
1373 2284 1536 2348 ferae
1565 2283 1915 2356 truculentis
1944 2284 2156 2349 oculist
2207 2282 2475 2348 similiter
2495 2277 2539 2339 in

455 2384 647 2449 altero
678 2381 943 2460 inferno,
994 2383 1095 2448 ubi
1131 2393 1302 2450 erant
1329 2384 1408 2448 dii
1435 2394 1495 2449 et
1522 2384 1667 2455 dens
1693 2385 1971 2462 deorum,
2024 2396 2084 2450 et
2123 2386 2182 2449 in
2221 2384 2345 2448 hoc
2387 2398 2539 2468 appa·

458 2492 705 2550 ruerunt
732 2482 896 2547 dirae
933 2504 1076 2549 aves
1112 2486 1332 2560 noctis,
1389 2507 1542 2572 quae
1584 2496 1877 2550 vocantur
1915 2484 2110 2551 ochiin
2151 2495 2211 2551 et
2255 2487 2410 2572 ijim,
2459 2497 2539 2544 vo·

457 2584 647 2646 lantes
674 2582 893 2647 circum
925 2584 1086 2657 illos;
1142 2587 1432 2672 imagines
1460 2585 1803 2674 phantasiae
1834 2586 2068 2651 illorum
2112 2588 2190 2650 ita
2211 2620 2216 2625 ,
2236 2586 2380 2649 mihi
2404 2581 2537 2647 'visae

453 2692 606 2748 sunt.
638 2732 645 2739 .
688 2682 775 2747 Ex
803 2683 894 2748 his
921 2686 1137 2772 patuit,
1191 2687 1381 2773 qualis
1426 2696 1513 2750 est
1553 2684 1741 2751 Amor
1780 2688 1870 2751 sni
1908 2687 2221 2758 Politicus.
2280 2696 2340 2749 et
2381 2677 2539 2770 qualis

457 2792 543 2849 est
571 2781 758 2848 Amor
783 2786 872 2865 sui
903 2785 1376 2863 Ecclesiasticus,
1431 2786 1590 2873 quod
1616 2786 1712 2849 hic
1738 2788 1812 2851 sit
1842 2798 1905 2851 ut
1933 2788 2115 2850 velint
2142 2808 2272 2852 esse
2311 2788 2420 2861 dii,
2465 2778 2541 2843 ille

459 2893 657 2948 autern
684 2895 749 2949 ut
778 2886 961 2953 velint
988 2908 1113 2952 esse
1141 2888 1560 2975 imperatores3
1607 2896 1665 2951 et
1693 2888 1853 2973 quod
1881 2889 1962 2953 ita
1991 2889 2204 2963 velint,
2246 2899 2309 2952 et
2334 2897 2539 2974 quoque

457 2983 774 3064 affectent,
826 2996 1113 3074 quantum
1144 2987 1348 3055 fraena
1381 2987 1683 3053 amoribus
1711 2989 1834 3052 istis
1866 2990 2222 3054 relaxantur.

584 3086 936 3175 ,Postquam
979 3088 1129 3152 haec
1174 3091 1361 3154 tristia
1404 3096 1464 3152 et
1502 3088 1728 3152 atrocia
1770 3087 1910 3152 mihi
1946 3090 2069 3154 visa
2096 3097 2266 3163 sunt,
2320 3087 2538 3150 circum-

456 3187 654 3274 spexi,
705 3198 765 3252 et
802 3189 923 3253 vidi
964 3188 1113 3265 duos
1140 3187 1399 3276 Angelos
1437 3209 1556 3255 non
1601 3189 1807 3275 procul
1846 3211 1879 3252 a
1927 3211 2018 3253 me
2050 3198 2274 3254 stantes
2302 3197 2361 3252 et
2387 3179 2540 3246 collo*

370 3324 381 3331 ,
454 3297 731 3374 quentes,
804 3309 955 3354 unus
998 3290 1249 3354 amictus
1293 3297 1422 3354 erat
1468 3298 1607 3376 toga
1651 3289 1822 3352 lanea
1859 3289 2132 3378 ‚fulgente
2174 3312 2246 3354 ex
2292 3288 2539 3352 flammea

455 3410 749 3476 purpura,
801 3398 861 3453 et
902 3389 1101 3453 tunica
1145 3410 1217 3453 ex
1244 3389 1590 3475 splendente
1619 3389 1797 3481 bysso
1837 3391 1948 3455 sub
1993 3379 2540 3465 inafssauer‘siniili·

456 3488 564 3552 bus
598 3510 669 3552 ex
703 3490 943 3553 coccino
986 3511 1117 3552 cum
1166 3489 1383 3563 cidari,
1436 3490 1528 3551 cui
1578 3490 1758 3575 aliqui
1808 3492 2015 3582 pyropi
2058 3511 2098 3553 a-
2131 3491 2339 3555 dextro
2379 3487 2537 3553 latere

453 3587 657 3650 inserti
686 3597 889 3661 erant3
942 3588 1016 3652 ad
1044 3587 1154 3653 hos
1182 3589 1438 3664 accessi,
1492 3600 1652 3653 etex
1681 3612 1823 3677 pace
1862 3591 2144 3665 salutavi;
2201 3599 2258 3653 et
2288 3601 2539 3653 reveren·

454 3696 545 3748 ter
573 3687 870 3772 quaesivi,
925 3709 1034 3751 cur
1059 3711 1165 3752 vos
1192 3687 1288 3750 hic
1313 3688 1467 3753 infra
1498 3692 1664 3763 estis;
1719 3702 1777 3756 et
1804 3691 2275 3777 respondebant,
2331 3679 2535 3752 demisi·

452 3804 581 3849 mus
608 3804 717 3849 nos
741 3786 858 3849 huc
886 3809 918 3851 e
947 3787 1129 3851 Caelo
1159 3808 1229 3850 ex
1269 3790 1549 3853 mandato
1582 3792 1822 3855 Domini
1861 3793 1935 3855 ad
1978 3792 2337 3878 loquendum
2369 3797 2534 3852 tecum

451 3885 526 3949 de
555 3885 729 3949 beata
757 3896 921 3953 sorte
949 3887 1182 3952 illorum
1201 3938 1217 3964 ‚
1248 3890 1370 3976 ,qui
1402 3891 1612 3956 volunt
1651 3892 1944 3956 dominari
1967 3915 2062 3956 -ex
2088 3912 2292 3956 amore
2320 3903 2532 3961 usuum?

447 4007 560 4051 nos
611 4007 811 4051 sumus
863 3987 1120 4054 cultores
1167 3989 1449 4068 Domini,
1513 4011 1625 4078 ego
1677 3993 1963 4081 Princeps
2015 3992 2347 4067 societatis,
2410 3985 2536 4053 alter

446 4106 710 4152 summus
752 4086 1047 4155 Sacerdos
1090 4090 1204 4163 ibi;
1258 4099 1317 4154 et
1370 4091 1515 4156 dixit
1555 4093 1885 4182 Princeps,
1942 4092 2100 4180 quod
2155 4102 2310 4158 esset-
2357 4100 2532 4157 servus

448 4208 589 4253 suae
617 4189 942 4267 societatis,
996 4191 1132 4279 quia
1162 4193 1475 4259 inserviret
1504 4192 1584 4257 illi
1616 4191 1887 4260 faciendo
1912 4212 2104 4283 ususss.
2135 4204 2200 4265 et,
2224 4195 2376 4258 alter
2397 4183 2530 4255 dixit,
2642 4204 2649 4311 ἶ
