2750 4775
417 320 524 372 3126
641 307 1097 366 UMVERSA
1149 303 1689 360 THEOLOGIA
1728 302 1799 356 N.
1839 302 1908 360 C.
1947 300 2057 354 ΕΤ
2096 301 2166 358 Ν.
2208 301 2274 358 Ε.

413 482 606 551 „quae
633 460 988 527 Pnormms
1017 460 1078 522 iu
1105 460 1308 527 Veteri
1337 461 1759 530 Testameutm
1812 469 1879 525 ut
1922 460 2292 530 Ezzcmtm,
2349 451 2501 541 quod

411 563 663 641 „viderit
691 573 947 647 quatuor
972 557 1294 637 Animalia,
1346 583 1501 647 quae
1540 571 1709 626 etant
1742 559 2034 637 Cherubi,
2087 559 2228 645 Cap.
2278 554 2308 619 l
2335 564 2394 618 et
2422 554 2507 620 X:

411 663 610 751 „quod
655 663 895 728 Novum
926 662 1237 747 Templum
1269 673 1326 724 et
1353 663 1593 728 Novam
1619 663 1913 739 Terram,
1964 671 2025 725 et
2052 657 2347 745 Angelum
2390 676 2508 719 me-

412 768 693 843 „tientem
745 765 878 838 itta,
940 763 1081 849 Cap.
1113 764 1221 828 XL
1246 764 1320 827 ad
1349 762 1637 828 XLVIII:
1688 763 1849 851 quod
1896 763 2183 828 abductus
2225 759 2509 824 Hieroso·-

414 867 706 959 „lymam‚
759 874 817 930 et
868 864 1078 929 viderit
1135 865 1213 929 ibi
1268 865 1791 940 abominationes,
1835 874 1895 929 et
1938 885 2175 950 quoque
2221 862 2280 923 in
2336 856 2508 923 chat-

414 970 685 1046 „,daeam
738 966 877 1051 Cap.
914 965 1096 1031 vul:
1152 975 1212 1029 et
1256 965 1360 1031 xl
1440 967 1645 1034 simite
1691 964 1912 1032 factum
1960 976 2045 1029 est
2094 984 2225 1026 cum
2268 961 2509 1025 Saena-

415 1091 592 1148 „nun
645 1067 802 1154 quod
848 1067 1062 1130 viderit
1089 1067 1298 1132 Virum
1324 1068 1685 1152 equitantem
1715 1067 1868 1130 inter
1890 1075 2140 1155 myrtos,
2180 1062 2323 1148 Cap.
2373 1059 2432 1122 1.
2472 1063 2506 1122 8

414 1191 588 1257 „seq.
636 1168 794 1268 quod
823 1165 1035 1232 viderit
1064 1177 1320 1254 quatuor
1345 1167 1619 1237 Comum
1670 1176 1729 1232 et
1768 1169 1905 1240 dein
1935 1168 2143 1233 Virum
2185 1185 2322 1227 cum
2364 1160 2512 1226 funi-
2692 1138 2702 1238 1

416 1273 592 1350 „culo
643 1289 956 1338 mensurae
1006 1271 1064 1332 in
1119 1290 1330 1343 manu,
1384 1269 1523 1356 Cap
1573 1268 1697 1333 ΙΙΙ.
1752 1269 1908 1356 quod
1954 1268 2163 1336 viderit
2215 1265 2510 1329 volumen

415 1372 699 1451 „,volans
749 1379 807 1433 et
853 1368 1111 1456 Epham,
1164 1370 1303 1458 cap.
1335 1370 1416 1435 V.
1457 1374 1513 1434 1.
1545 1375 1600 1433 6.
1658 1372 1814 1457 quod
1845 1369 2057 1435 viderit
2082 1377 2307 1455 quatuo
2271 1364 2511 1429 o·tCur

419 1495 559 1551 „rus
611 1475 766 1537 inter
809 1471 957 1535 duos
1001 1481 1228 1536 montes
1274 1482 1332 1535 et
1380 1472 1610 1558 Equos,
1662 1471 1805 1558 Cap.
1849 1471 1968 1535 Vl:
2023 1474 2207 1555 lseq.
2277 1467 2511 1532 Pariter

417 1595 591 1650 „cum
637 1573 947 1647 Datum,
1001 1572 1160 1659 quod
1212 1572 1427 1638 viderit
1471 1582 1730 1658 quatuor
1772 1571 2000 1636 Bestias
2051 1568 2439 1636 ascendentes
2480 1586 2508 1629 e

416 1674 642 1753 „Mau-i,
708 1673 851 1759 Cap.
895 1672 1039 1737 Vll:
1101 1678 1125 1736 1
1171 1695 1310 1760 seq:
1385 1674 1548 1759 quod
1601 1673 1812 1738 viderit
1856 1673 2068 1737 Filium
2115 1668 2371 1760 hominis
2419 1688 2510 1733 ve·

415 1776 713 1855 „nientem
756 1775 812 1836 in
855 1774 1105 1839 nubibus
1132 1773 1324 1849 Caeli,
1375 1774 1558 1860 Cujus
1584 1774 1906 1840 dominium
1948 1795 2069 1837 non
2104 1769 2510 1844 transibit,-et

419 1878 740 1965 „Regnum
765 1896 885 1938 non
916 1876 1146 1963 peribit,
1185 1874 1324 1960 Cap.
1354 1873 1498 1941 VII:
1547 1877 1649 1939 13.
1686 1880 1798 1940 14:
1853 1875 2013 1963 quod
2044 1873 2256 1937 viderit
2288 1889 2509 1958 pugnas

417 1975 675 2058 „Arietis
729 1986 788 2040 et
840 1976 1025 2049 Hirci,
1065 1975 1206 2063 Cap.
1250 1975 1428 2040 vul:
1486 1981 1514 2041 1
1565 1997 1686 2064 seq.
1745 1977 1904 2063 quod
1956 1975 2169 2052 viderit
2202 1969 2508 2058 *Angelum

417 2078 832 2159 „Gabrielem,
888 2084 945 2140 et
984 2098 1114 2141 cum
1161 2076 1261 2140 isso
1305 2078 1585 2163 loquutus
1627 2080 1733 2153 sit,
1782 2078 1924 2165 Cap.
1956 2076 2057 2141 IX.
2138 2074 2318 2156 Quod
2359 2072 2510 2137 Puer

421 2180 677 2258 „Elisaei
717 2176 932 2241 viderit
970 2178 1191 2244 Currus
1235 2188 1294 2250 et
1339 2179 1542 2265 Equos
1578 2180 1782 2267 igneos
1820 2179 2040 2270 circum
2075 2176 2410 2249 Elisaeum,
2458 2180 2510 2236 et

422 2281 620 2368 „quod
663 2279 791 2346 ilios
837 2277 1072 2355 viderit,
1125 2300 1258 2343 cum
1297 2279 1452 2344 oculi
1497 2282 1622 2368 ejus
1659 2281 1850 2367 aperti
1884 2287 2053 2356 sunt,
2108 2277 2164 2341 ΙΙ
2204 2277 2356 2363 Reg.
2401 2273 2506 2339 vl:

425 2384 570 2459 „17.
663 2380 750 2444 Ex
792 2378 883 2445 bis
921 2390 979 2446 et
1022 2381 1287 2469 pluribus
1326 2380 1453 2446 aliis
1491 2384 1550 2447 in
1593 2382 1828 2458 Verbo,
1881 2390 2145 2455 constat,
2197 2378 2357 2467 quod
2400 2375 2509 2449 illa,

426 2481 705 2568 „quaein
733 2481 960 2549 Mundo
987 2482 1273 2569 spirituali
1300 2484 1587 2561 existunt,
1639 2482 2021 2570 apparuerint
2060 2482 2257 2546 multis
2300 2488 2439 2544 ante
2463 2485 2512 2540 et

423 2591 596 2672 „post
629 2583 868 2648 Domini
912 2584 1264 2649 adventum.
1319 2583 1459 2671 quid
1505 2586 1748 2661 mirum,
1802 2586 1960 2671 quod
2004 2584 2183 2648 etiam
2231 2602 2393 2645 nunc
2433 2578 2510 2641 in·
2654 2512 2681 2623 ι

425 2683 716 2863 ,,οὲιὲῗιιῐο
783 2684 1074 2764 Ecclesia,
1165 2706 1269 2749 seu
1340 2686 1733 2752 descendente
1781 2686 1958 2753 Nova
2012 2683 2432 2812 Hierosolytna
2480 2701 2510 2744 e

611 2798 685 2852 o‘
