2750 4775
401 419 468 467 to
635 406 1102 461 UNIVERSA
1144 406 1682 461 THEOLOGIA
1725 409 1791 461 N.
1837 408 1899 460 C.
1945 407 2051 461 ΕΤ
2093 409 2161 465 Ν.
2203 409 2267 461 Ε.

397 561 721 650 sapientia,
775 569 833 625 et
872 560 1053 624 Calor
1089 561 1438 648 spiritualis,
1502 562 1602 647 qui
1643 562 1701 623 in
1744 583 1851 626 sna
1890 562 2140 626 essentia
2182 572 2270 625 est
2314 582 2504 639 amor,

398 685 520 729 non
560 662 875 726 influerent
915 661 975 723 in
1013 659 1347 736 hominem,
1400 673 1456 726 et
1488 662 1894 747 reciperentur
1922 663 1997 725 ab
2024 662 2291 732 homine3
2341 672 2505 727 totus

398 765 580 830 homo
621 786 739 826 non
780 760 938 826 aliud
980 772 1097 836 est,
1151 782 1327 847 qnam
1367 760 1559 826 forma
1602 765 1945 849 organizata
1990 764 2063 826 ad
2106 764 2503 849 receptionem

399 866 653 930 duorum
680 865 912 928 illorum
932 912 947 937 ,
999 873 1119 926 tam
1150 884 1182 925 e
1212 862 1438 927 Mundo
1467 864 1759 937 naturali,
1812 885 1989 950 quam
2019 886 2052 927 e
2078 864 2304 927 Mundo
2330 864 2501 952 spiri·

400 968 578 1039 tuali,
633 964 1093 1050 correspondent
1139 964 1294 1025 enim
1335 963 1463 1028 sibi.
1537 964 1597 1027 si
1640 974 1965 1049 negaretur
2002 966 2160 1051 quod
2200 963 2381 1026 homo
2426 964 2501 1028 sit

399 1068 617 1132 Forma
656 1066 946 1150 recipiens
991 1064 1210 1129 amoris
1249 1073 1307 1127 et
1335 1064 1660 1148 sapientiae
1687 1087 1719 1127 a
1750 1066 1911 1140 Deo,
1968 1076 2286 1151 negaretur
2323 1065 2501 1129 etiam

395 1165 681 1241 intimem,
736 1176 794 1229 et
821 1165 902 1229 sic
932 1165 1090 1249 quod
1129 1185 1306 1227 omne
1336 1164 1553 1227 bonnm
1584 1165 1657 1228 sit
1686 1188 1719 1229 a
1751 1166 1912 1241 Deo,
1966 1176 2025 1229 et
2054 1188 2291 1253 quoque
2319 1187 2503 1251 nega-

395 1277 563 1333 retur
602 1266 938 1352 conjunctio
984 1287 1115 1329 cum
1148 1265 1312 1340 Deo,
1365 1275 1423 1327 et
1454 1265 1588 1328 inde
1642 1289 1759 1331 vox
1801 1268 1990 1330 inanis
2024 1267 2177 1331 foret
2208 1267 2367 1352 qnod
2393 1266 2502 1329 ho-

392 1391 494 1434 mo
523 1368 702 1458 possit
728 1364 853 1433 e'sse
885 1364 1287 1429 habitaculum
1322 1374 1381 1427 et
1409 1368 1689 1453 templum
1720 1367 1848 1430 Dei.

551 1471 698 1533 4¹13.
753 1468 870 1532 Sed
901 1466 1058 1553 quod
1087 1465 1268 1529 hoino
1295 1465 1411 1529 hoc
1439 1487 1557 1528 non
1584 1468 1729 1531 sciat
1757 1490 1828 1530 ex
1852 1469 2049 1553 aliqua
2080 1468 2206 1531 luce
2235 1468 2500 1543 rationis,

397 1580 486 1636 est
524 1570 660 1657 quia
707 1569 978 1633 fallaciae
1017 1586 1088 1627 ex
1128 1566 1366 1630 creditis
1405 1568 1763 1653 apparentiis
1795 1590 2073 1643 ,sensnum
2117 1577 2499 1634 externorum

396 1671 694 1759 corporiS‚
752 1668 1110 1732 adumbrant
1150 1667 1306 1729 illam
1341 1666 1551 1730 lucem.
1607 1668 1784 1746 Quod
1816 1668 1990 1731 bomo
2020 1691 2136 1732 non
2167 1669 2339 1731 aliter
2366 1691 2501 1732 sen-

397 1775 536 1847 tiat,
605 1790 785 1858 quam
833 1768 995 1852 quod
1043 1767 1205 1830 vivat
1244 1789 1316 1829 ex
1357 1789 1462 1830 sua
1513 1769 1666 1844 vita,
1736 1779 1822 1832 est
1866 1773 2001 1855 quia
2050 1770 2500 1834 instrumentale

393 1869 932 1959 sentitvprincipate
974 1878 1036 1930 ut
1076 1890 1280 1943 suum,
1337 1878 1396 1931 et
1436 1890 1555 1933 non
1599 1878 1786 1954 potest
1815 1870 1948 1933 ideo
1978 1870 2335 1956 distinguere
2381 1870 2500 1945 illa,

395 1994 532 2037 nam
580 1991 756 2034 causa
809 1968 1142 2056 principalis
1189 1979 1245 2031 et
1291 1990 1466 2034 causa
1513 1970 1976 2035 instrumentalis
2022 1993 2199 2033 unam
2257 1991 2495 2033 causam

391 2072 564 2138 simul
610 2079 832 2155 agunt,
901 2070 1222 2133 secundum
1280 2068 1585 2135 theorema
1648 2083 1853 2136 notum
1915 2073 1975 2134 in
2021 2072 2186 2136 Orbe
2232 2071 2496 2143 erudito;

393 2194 570 2237 causa
601 2169 935 2258 principalis
961 2180 1048 2234 est
1079 2170 1198 2235 vita
1218 2218 1234 2247 ,
1284 2182 1344 2235 et
1374 2193 1548 2236 causa
1580 2171 2043 2235 instrumentalis
2070 2181 2160 2236 est
2186 2192 2351 2235 mens
2388 2169 2497 2234 ho-

391 2272 580 2335 minis.
637 2269 899 2357 Apparet
927 2271 1076 2335 sicut
1106 2272 1328 2336 bestiae
1357 2273 1535 2336 etiam
1579 2274 1759 2337 vitam
1808 2274 1865 2335 in
1909 2294 1970 2336 se
2014 2282 2272 2335 creatam
2316 2272 2499 2358 possi·

393 2374 601 2449 deant,
656 2371 758 2437 sed
798 2382 885 2437 est
927 2371 1128 2437 similis
1172 2371 1441 2444 fallacia3
1507 2382 1643 2438 sunt
1685 2375 1840 2438 enim
1886 2375 2130 2460 Organa
2172 2381 2371 2437 creata
2420 2371 2503 2437 ad

392 2473 790 2562 recipiendum
836 2474 1027 2537 lucem
1074 2483 1133 2535 et
1181 2475 1439 2537 calorem
1486 2494 1519 2536 e
1562 2475 1787 2537 Mundo
1840 2473 2096 2537 naturali
2143 2483 2200 2536 et
2246 2472 2418 2538 simul
2462 2495 2497 2536 e

391 2575 621 2641 Mundo
667 2573 986 2662 spirituali,
1042 2594 1177 2636 nam
1225 2574 1593 2661 unaquaevis
1631 2577 1854 2659 species
1892 2584 1979 2638 est
2020 2574 2210 2638 forma
2252 2574 2500 2659 alicujus

393 2677 614 2740 amoris
658 2674 976 2747 naturalis,
1028 2682 1085 2737 et
1126 2674 1335 2760 recipit
1380 2675 1569 2737 lucem
1611 2685 1668 2738 et
1710 2675 1963 2737 calorem
2001 2696 2034 2737 e
2065 2675 2292 2740 Mundo
2330 2674 2498 2761 spiri-

391 2776 539 2840 tuali
577 2775 832 2839 mediate
874 2796 977 2861 per
1009 2774 1236 2836 caelum
1268 2783 1326 2837 et
1354 2775 1685 2848 infernum,
1744 2775 1963 2838 bestiae
2010 2777 2179 2839 mites
2220 2797 2322 2860 per
2363 2795 2498 2839 cae-

390 2877 545 2952 lum,
599 2895 669 2940 ac
708 2877 961 2940 immites
1007 2895 1112 2960 per
1152 2873 1469 2943 infernum.
1524 2874 1697 2940 Solus
1729 2876 1907 2940 homo
1948 2876 2156 2960 recipit
2198 2876 2387 2939 lucem
2435 2884 2497 2938 et

387 2977 644 3041 calorem
663 3023 679 3052 ,
730 2974 848 3040 hoc
872 2984 989 3049 est,
1040 2974 1391 3061 sapientiam
1420 2986 1480 3039 et
1509 2987 1805 3052 amorem',
1858 2977 2198 3041 immediate
2226 2998 2258 3041 a
2288 2975 2497 3041 Domi-

389 3099 500 3141 no:
554 3077 700 3141 haec
741 3075 1070 3139 differentia
1110 3084 1215 3140 est.

541 3181 687 3242 474.
745 3177 923 3256 Quod
952 3175 1242 3240 Dominus
1268 3177 1347 3239 sit
1373 3175 1508 3240 Vita
1550 3176 1606 3238 in
1635 3176 1855 3266 seipso.
1909 3178 1992 3241 ita
2022 3176 2147 3264 ipsa
2181 3177 2340 3247 Vita,
2386 3176 2497 3240 do-

388 3291 480 3339 [et
515 3279 641 3363 lpse
677 3279 825 3363 apud
855 3276 1193 3341 Johannem
1249 3322 1282 3351 ‚,
1296 3277 1369 3344 V
1367 3277 1570 3342 erbum
1596 3291 1729 3342 erat
1761 3276 1932 3370 apud
1956 3278 2183 3353 Deum,
2236 3292 2296 3341 et
2321 3276 2495 3342 Deus

388 3395 512 3443 emt
552 3379 841 3451 Pes-hum,
889 3381 950 3440 in
981 3377 1131 3467 Ipso
1165 3377 1321 3444 Vita
1347 3391 1495 3453 erat,
1524 3391 1580 3442 et
1615 3378 1771 3445 Vita
1799 3392 1928 3444 erat
1954 3379 2101 3443 Lux
2128 3377 2495 3452 hominum,“

388 3479 524 3540 Jnh-
560 3479 617 3539 1:
657 3485 713 3539 1,,
745 3483 797 3539 4.
853 3474 1024 3564 Apud
1057 3477 1322 3540 Eundem
1384 3475 1590 3554 „Sicut
1616 3478 1809 3544 Pater
1846 3478 2022 3544 habet
2054 3479 2269 3547 Vitam
2314 3481 2377 3543 in
2414 3474 2497 3544 Se

392 3584 572 3672 Ipso,
629 3584 717 3644 its:
745 3576 910 3644 dedit
935 3576 1102 3642 Filio
1131 3581 1324 3643 vitam
1351 3578 1571 3645 habere
1610 3583 1674 3645 in
1698 3577 1777 3646 Se
1802 3581 1952 3674 Ipso
1970 3590 2029 3656 ,“
2098 3580 2236 3667 Cap.
2268 3579 2353 3643 V':
2383 3582 2490 3642 ⁴26.

388 3680 560 3764 Apud
617 3680 881 3744 Eundem
950 3679 1128 3768 „Ego
1169 3703 1302 3745 sum
1359 3680 1878 3758 V1a‚Veritas‚
1944 3693 2000 3744 et
2055 3681 2263 3756 Ῑῖἱίιι,ς
2248 3689 2284 3718 “
2348 3679 2496 3768 Cap.

388 3780 564 3844 :tlt-2
617 3788 669 3844 Ει.
745 3778 914 3868 Apud
959 3779 1229 3844 Eundem
1297 3783 1471 3867 „Qui
1506 3781 1618 3848 Me
1667 3785 1937 3874 sequitur
1990 3778 2230 3846 habebit
2274 3781 2499 3845 Lucem

367 3879 660 3957 Vitaef‘
713 3880 850 3968 Cap
883 3879 1060 3949 V=111
1095 3885 1192 3945 12.
