2750 4775
400 331 471 388 58
626 320 1083 375 UNIVERSA
1128 320 1662 375 TquLOGlA
1709 323 1776 375 N.
1819 321 1885 375 C.
1926 323 2040 375 ET·
2079 323 2147 379 N.
2189 324 2256 376 Ε.

399 483 594 564 posset
633 494 988 561 regenerare
1028 483 1088 536 et
1125 474 1396 549 salvare,
1447 485 1507 539 et
1546 498 1784 563 quoque
1828 485 2147 541 conaretur
2184 478 2276 554 id,
2329 488 2392 541 et
2423 479 2507 544 sic

399 575 660 662 cogitata
702 585 761 639 et
803 571 960 638 sacta
1013 596 1121 639 sua
1166 577 1391 640 meritis
1431 586 1489 639 et
1528 577 1755 642 meritis
1793 577 2208 666 prophanaret.
2282 578 2504 643 Iterum

401 676 554 741 alius
581 676 841 739 excurrit
867 677 928 737 in
957 676 1248 751 medium,
1284 698 1368 740 rac
1398 677 1578 741 edidit
1603 677 1716 742 boc
1737 677 2013 755 effatum,
2065 680 2222 766 quod
2253 682 2356 765 qui
2382 682 2503 768 opi-

400 786 613 851 natur,
666 797 728 841 se
771 798 941 863 posse
981 777 1132 841 velle
1162 799 1232 842 ac
1257 778 1585 866 intelligere
1612 779 1834 866 aliquid
1861 781 1921 843 in
1948 779 2351 867 spiritualibus
2376 791 2509 871 post

400 876 627 965 lapsum
655 875 889 953 Adami,
940 879 1195 946 insaniat
1219 888 1279 942 et
1307 879 1408 943 liat
1441 883 1764 957 maniacus,
1816 882 2095 969 quoniam
2133 893 2276 945 tunc
2303 884 2509 947 crede-

400 988 492 1043 ret
528 1001 592 1045 se
630 978 928 1044 deastrum
957 989 1060 1043 aut
1086 1002 1304 1044 numen
1323 1032 1337 1055 ‚
1394 982 1785 1066 possidentem
1815 993 2041 1070 partem
2073 983 2372 1069 potentiae
2398 984 2508 1048 Di·

403 1082 581 1146 vinae
604 1079 664 1146 lu
691 1103 799 1145 suo
826 1080 972 1161 jure.
1045 1081 1189 1147 Post
1228 1080 1388 1145 hunc
1429 1080 1729 1150 anhelavit
1762 1084 1913 1148 alter
1943 1085 2002 1147 in
2031 1085 2318 1159 medium,
2369 1108 2503 1172 por·

399 1192 534 1258 tans
562 1182 672 1246 sub
701 1182 837 1246 ulna
865 1182 1133 1259 Librum,
1185 1183 1243 1245 in
1280 1183 1443 1265 cujus
1471 1184 1922 1259 orthodoxiam,
1970 1197 2030 1249 ut
2061 1185 2218 1250 illam
2251 1188 2510 1260 vocavit,

399 1281 746 1369 Evangelici
777 1283 952 1348 hodie
980 1289 1198 1371 jurant,
1253 1284 1572 1349 Founmm
1597 1285 2031 1361 commanus,
2084 1298 2395 1361 vocatum,
2445 1299 2506 1352 et

398 1384 628 1470 aperuit
654 1386 857 1460 illum,
907 1394 967 1448 et
993 1386 1129 1449 inde
1156 1384 1297 1470 legit
1323 1386 1665 1471 sequentia,
1722 1385 1906 1469 Quod
1940 1385 2119 1452 homo
2160 1387 2248 1453 ad
2282 1388 2504 1453 bonum

389 1507 652 1577 prorsus
690 1500 1007 1579 corruptus
1048 1501 1105 1551 et
1142 1500 1412 1550 mortuus
1454 1489 1563 1562 sit,
1630 1489 1717 1551 ita
1760 1500 1825 1551 ut
1868 1491 1932 1550 in
1976 1487 2236 1553 hominis
2278 1504 2501 1556 natum

388 1600 537 1679 post
565 1586 807 1680 lapsum
836 1601 977 1651 ante
1002 1591 1512 1678 regenerationem
1541 1611 1616 1656 ne
1638 1586 1908 1652 scintilla
1939 1589 2177 1681 quidem
2214 1594 2501 1683 spiritua—

397 1685 544 1751 lium
584 1693 809 1754 virium
852 1693 1142 1754 manserit
1177 1701 1284 1753 aut
1320 1702 1528 1765 restet,
1581 1689 1801 1780 quibus
1841 1688 1947 1756 ille
1988 1690 2075 1756 ad
2093 1697 2356 1781 gratiam
2384 1694 2507 1758 Dei

388 1794 788 1881 praeparari,
840 1803 946 1853 aut
986 1789 1254 1855 oblatam
1296 1788 1772 1883 apprehendere,
1823 1805 1932 1856 aut
1970 1795 2106 1880 ejus
2142 1797 2383 1883 gratiae
2416 1817 2503 1858 ex

396 1913 465 1955 se
488 1904 547 1955 et
564 1914 676 1987 per
701 1914 768 1955 se
795 1911 1000 1982 capax
1026 1915 1192 1966 esse,
1243 1906 1351 1957 aut
1380 1897 1444 1956 in
1468 1890 1915 1985 spiritualibus,
1969 1892 2327 1983 intelligere,
2378 1917 2513 1983 cre·⁴

395 1990 540 2058 dere
556 2041 572 2069 ,
627 1989 943 2087 amplecti,
966 2037 973 2046 -
996 1997 1259 2084 cogitare
1273 2042 1288 2068 ,
1334 1991 1499 2058 velle
1513 2043 1527 2070 ‚
1577 1991 1901 2069 inchoare,
1937 1994 2264 2086 perficere,
2301 2019 2500 2085 agere,

396 2097 662 2187 operari,
686 2096 1033 2187 cooperari,
1084 2109 1191 2160 aut
1215 2118 1282 2159 se
1305 2094 1394 2160 ad
1413 2098 1674 2184 gratiam
1703 2092 2013 2187 applicare
2038 2109 2144 2160 aut
2163 2096 2508 2162 'accommo-

394 2194 578 2270 dare,
629 2207 737 2259 ant
754 2194 1018 2287 ,aliquid
1055 2197 1142 2263 ad
1163 2203 1605 2261 conversionem
1622 2244 1639 2272 ,
1689 2194 1798 2260 vel
1817 2217 1902 2260 ex
1928 2194 2217 2272 dimidia,
2268 2195 2378 2262 vel
2415 2222 2501 2264 est:

393 2299 637 2360 minima
673 2310 851 2389 parte
890 2320 974 2361 ex
1012 2320 1082 2361 se
1113 2311 1329 2389 potest.
1406 2296 1702 2390 Quodque
1737 2295 1915 2364 houm
1955 2299 2017 2361 in
2059 2296 2498 2391 spiritualibus,

393 2420 552 2488 quae
608 2397 696 2464 ad
735 2403 975 2467 animae
1020 2397 1277 2463 salutem
1330 2410 1635 2492 spectant,
1702 2402 1784 2463 sit
1826 2402 2021 2465 instar
2058 2413 2297 2465 statuae
2339 2402 2498 2495 salis

394 2501 611 2565 uxoris
637 2500 812 2575 Lori,
865 2523 938 2563 ac
979 2497 1196 2571 similis
1235 2514 1445 2565 trunco
1485 2513 1592 2565 aut
1630 2497 1828 2591 lapidi
1855 2502 1988 2567 vita
2028 2505 2286 2577 carenti,
2333 2526 2497 2594 quae

392 2622 516 2663 non
571 2598 884 2679 oculorum
904 2649 921 2676 ,
1001 2604 1155 2677 oris,
1226 2615 1335 2667 aut
1365 2598 1649 2681 ‚ullorum
1699 2623 1981 2664 sensuum
2036 2625 2207 2665 usum
2254 2601 2493 2668 habent.

396 2699 580 2784 Quod
630 2723 819 2792 usque
879 2698 1013 2765 loco
1069 2705 1345 2766 motivam
1393 2703 1725 2793 potentiam
1769 2699 1987 2766 habeat
2001 2750 2016 2776 ‚
2085 2726 2192 2767 seu
2236 2719 2492 2769 externa

391 2801 653 2866 membra
681 2824 914 2892 regere,
960 2801 1049 2866 ad
1077 2802 1297 2867 Caetus
1316 2801 1598 2894 publicos
1636 2801 1948 2876 accedere,
2010 2824 2085 2867 ac
2128 2804 2401 2871 Verbum
2436 2822 2495 2870 et

388 2900 793 2994 Evangelium
846 2902 1059 2967 audire
1093 2906 1307 2995 possit.
1378 2903 1581 2986 (Haec
1619 2903 1682 2967 in
1723 2924 1855 2966 mea
1882 2902 2191 2982 Editione‚
2243 2929 2295 2991 p.
2337 2912 2489 2970 656.

395 3007 541 3066 658.
590 3006 735 3067 661.
780 3007 926 3067 662.
975 3007 1119 3067 663.
1169 3008 1319 3067 671.
1366 3008 1513 3067 672.
1566 3007 1714 3080 673,
1765 3003 2088 3090 leguntur).
2158 3005 2301 3070 Post
2343 3006 2494 3072 haec

390 3115 823 3169 concurrerunt
850 3126 1075 3183 omnes,
1114 3116 1171 3169 et
1199 3104 1372 3173 simul
1398 3105 1828 3181 exclamabant,
1867 3104 1982 3169 boc
2010 3118 2100 3171 est
2123 3128 2262 3170 vere
2288 3106 2496 3172 ortho-

390 3204 630 3270 doxum.
685 3205 815 3292 Ego
841 3206 1072 3282 adstiti,
1126 3216 1186 3270 et
1226 3206 1324 3271 illa
1356 3206 1555 3272 omnia
1590 3209 1816 3271 intense
1844 3206 2075 3297 audivi,
2129 3218 2188 3270 et
2212 3209 2350 3294 quia
2378 3210 2494 3295 spi-

388 3306 506 3371 ritu
538 3328 671 3371 meo
699 3308 1019 3381 excandui,
1071 3308 1190 3371 alta
1223 3329 1373 3373 voce
1411 3308 1702 3371 sciscitavi
1722 3354 1756 3381 ,.
1788 3304 1837 3370 si
1875 3309 1938 3370 in
1968 3308 2365 3394 spiritualibus
2389 3309 2491 3373 —fa-
2574 3367 2582 3373 .

388 3406 518 3472 citis
560 3407 860 3473 hominem
900 3418 1158 3475 statuam
1204 3407 1375 3483 salis,
1441 3408 1720 3484 bestiam,
1773 3429 2059 3484 caecum,·
2100 3420 2158 3473 et
2198 3411 2491 3487 insanum,

387 3509 528 3595 quid
556 3518 699 3573 tunc
723 3508 1089 3595 Theologica
1116 3518 1310 3572 vestra
1333 3554 1353 3584 ,
1403 3518 1615 3572 suntne
1644 3509 1844 3573 omnia
1874 3519 1933 3573 et
1970 3510 2202 3595 singula
2233 3511 2335 3579 illa
2374 3512 2491 3599 spi-

384 3607 654 3681 ritualim
709 3609 783 3672 ad
824 3607 939 3672 boc
979 3617 1109 3695 post
1134 3608 1373 3696 aliquod
1402 3608 1694 3674 silentium
1724 3610 2188 3697 respondebant;
2241 3613 2300 3676 in
2342 3612 2492 3676 Uni-

383 3729 559 3774 versa
608 3719 808 3773 nostra
850 3709 1179 3795 Theologia
1223 3706 1369 3774 nihil
1424 3711 1737 3797 quicquam
1794 3720 1881 3775 est
1925 3711 2255 3798 spirituale,
2330 3715 2488 3798 quod

382 3812 536 3874 ratio
578 3809 767 3896 capit;
837 3808 1012 3875 Fides
1054 3818 1253 3875 nostra
1299 3811 1382 3875 ibi
1422 3812 1592 3876 unice
1637 3820 1724 3875 est
1766 3811 2115 3897 spiritualis;
2187 3815 2289 3878 sed
2332 3812 2489 3879 hanc

383 3912 571 3997 probe
601 3909 981 3988 occlusimus,
1028 3933 1103 3977 ne
1130 3911 1259 3999 quis
1285 3911 1685 4001 introspiciat,
1738 3920 1797 3974 et
1825 3914 2240 3998 praecavimus
2263 3934 2339 3983 ne
2381 3912 2494 3978 ali-

374 4011 740 4098 ‘quis-radius
764 4010 1078 4100 spiritualis
1104 4013 1241 4077 inde
1267 4014 1493 4089 effluat,
1538 4021 1598 4076 et
1625 4032 1826 4076 coram
1854 4011 2152 4097 intellectu
2182 4025 2489 4104 appareat,

380 4123 439 4177 et
465 4112 704 4202 insuper
739 4111 917 4177 bomo
958 4114 1033 4179 ad
1075 4115 1235 4179 illam
1275 4135 1351 4178 ne
1396 4111 1744 4201 particulam
1774 4133 1846 4175 ex
1874 4114 2073 4203 aliquo
2102 4138 2209 4181 suo
2236 4117 2488 4181 arbitrio

380 4215 644 4282 confert-z
698 4213 1061 4282 Charitatem
1100 4216 1278 4281 etiam
1323 4214 1401 4278 ab
1446 4213 1607 4278 omni
1645 4211 1934 4302 spirituali
1974 4217 2365 4294 removimus,
2421 4228 2487 4283 et
