2750 4775
457 400 566 451 2611
695 386 1158 444 UNIVEBSA
1203 388 1741 443 TREOLOGIA
1786 390 1853 443 N.
1900 390 1962 443 C.
2007 391 2108 443 ET
2149 390 2218 446 N.
2260 389 2324 442 E,

452 541 607 607 liarii
635 559 668 606 a
697 540 916 616 latere,
971 546 1100 627 post
1130 536 1239 605 hos
1267 540 1601 608 Consiliarii
1634 564 1669 606 a
1701 545 1980 620 cameris,
2032 552 2089 606 et
2129 553 2256 629 post
2292 540 2398 606 bos
2419 541 2532 607 Pri-

456 643 628 706 marii
668 663 738 707 ex
784 639 952 705 aula:
1015 641 1076 703 in
1114 640 1329 706 horum
1375 643 1571 707 medio
1609 643 1721 708 suit
1766 643 2081 733 Princeps,
2131 654 2190 708 et
2227 652 2355 731 post
2394 642 2537 706 illum

455 743 632 809 aulici
667 743 869 807 variae
910 742 1330 818 distinctionis,
1383 753 1442 807 et
1484 744 1689 809 ultimo
1730 744 2043 817 satellites;
2098 765 2300 809 omnes
2340 763 2537 806 connu-

452 845 668 909 merati
698 844 771 908 ad
803 853 1040 907 centum
1068 850 1127 907 et
1159 843 1383 930 viginti.
1466 842 1726 932 Angelus
1764 854 1930 910 stans
1962 855 2097 909 aute
2137 845 2336 909 decem
2375 863 2539 907 novos

453 943 748 1018 advenas,
803 964 875 1006 ex
911 944 1124 1008 vestitu
1153 953 1297 1007 tunc
1327 955 1683 1031 apparentes
1710 955 1775 1009 nt
1807 945 2107 1031 inquilini;
2162 944 2398 1009 accessit
2423 964 2536 1007 cum

449 1045 563 1110 illis
591 1046 665 1108 ad
694 1043 1065 1133 Principem,
1119 1055 1177 1108 et
1215 1056 1562 1110 reverenter
1604 1046 1846 1109 adduxit
1882 1045 2044 1117 illos;
2098 1055 2158 1108 et
2184 1045 2456 1131 Princeps
2489 1043 2538 1103 in

452 1144 834 1234 procedendo
865 1166 983 1207 non
1013 1155 1307 1221 moratus,
1360 1146 1507 1209 dixit
1543 1146 1687 1221 illis,
1742 1146 1940 1211 venite
1969 1166 2201 1210 mecum
2230 1146 2309 1208 ad
2337 1163 2539 1230 panem,

455 1253 519 1309 et
543 1244 775 1331 sequuti
815 1255 953 1310 sunt
991 1244 1049 1307 in
1087 1245 1474 1321 Triennium,
1526 1256 1584 1310 et
1626 1246 1903 1310 viderunt
1942 1248 2214 1312 Mensam
2261 1242 2542 1331 magnifice

456 1355 842 1433 apparatam,
892 1347 952 1409 in
987 1346 1183 1410 medio
1223 1346 1349 1430 ejus
1388 1346 1677 1410 excelsam
1707 1347 2090 1435 Pyramidem
2133 1367 2208 1410 ex
2245 1368 2391 1410 auro
2431 1363 2542 1406 cum

2659 455 2664 546 ἵ

457 1453 699 1509 centum
727 1446 986 1510 scutellis
1011 1447 1071 1509 iu
1099 1447 1310 1533 triplici
1338 1447 1549 1512 ordine
1576 1467 1754 1533 super
1782 1447 1990 1514 formis
2023 1447 2174 1522 suis,
2228 1468 2401 1534 super
2439 1441 2545 1529 qui·
2662 1457 2663 1480 ³

452 1546 568 1611 bus
593 1557 763 1611 erant
791 1567 970 1634 panes
989 1546 1341 1622 sacebarini,
1360 1558 1421 1611 et
1442 1558 1631 1611 musta
1656 1547 1932 1611 vinorum
1954 1557 2260 1622 concreta,
2288 1567 2415 1609 cum
2440 1544 2545 1608 aliis
2662 1569 2663 1624 j

458 1643 704 1712 lautitiis
729 1668 801 1710 ex
830 1670 980 1734 pane
1019 1657 1079 1712 et
1107 1649 1247 1712 vino
1277 1646 1591 1721 confectis;
1646 1668 1717 1711 ac
1760 1668 1863 1735 per
1902 1645 2541 1737 mediam-Pyramides!

452 1747 764 1814 scaturivit
793 1750 942 1812 sicut
975 1747 1108 1813 fons
1134 1747 1349 1813 saliens
1375 1770 1508 1811 cum
1557 1749 1696 1811 vino
1738 1753 2053 1825 nectareo,
2082 1749 2272 1833 ‘cujus
2310 1766 2454 1812 vena
2487 1764 2544 1805 ex

454 1849 793 1912 summitate
808 1848 1146 1937 Pyr-amidis
1174 1848 1445 1934 dispersit
1471 1865 1551 1923 se,
1581 1858 1638 1912 et
1659 1846 1913 1939 cyathos
1937 1849 2224 1936 implevit.
2268 1845 2359 1913 Ad
2386 1846 2545 1909 latera

455 1946 629 2033 hujus
661 1948 923 2012 excelsae
953 1947 1289 2037 pyramidis
1306 1958 1477 2013 erant
1507 1949 1706 2013 variae
1737 1948 1965 2012 formae
1995 1948 2282 2014 caelestes
2308 1970 2376 2012 ex
2404 1965 2545 2018 auro,

453 2069 635 2134 super
658 2048 872 2134 quibus
898 2057 1068 2111 erant
1098 2047 1332 2134 patinae
1359 2058 1420 2113 et
1446 2048 1699 2137 patellae
1732 2050 1874 2113 cibis
1907 2050 2099 2113 omnis
2126 2049 2362 2136 generis
2388 2045 2544 2111 refer·

454 2156 584 2214 tae:
639 2148 868 2213 formae
898 2150 1212 2225 caelestes,
1260 2172 1440 2236 super
1467 2150 1682 2236 quibus
1709 2149 1946 2237 patinae
1972 2160 2032 2214 et
2060 2151 2349 2236 patellae,
2399 2154 2544 2241 erant

458 2248 691 2313 formae
717 2250 861 2312 artis
887 2270 957 2311 ex
982 2248 1268 2335 sapientia
1292 2297 1307 2325 ,
1359 2271 1511 2335 quae
1539 2250 1595 2312 in
1623 2250 1852 2314 Mundo
1892 2273 2014 2315 non
2047 2250 2249 2336 aliqua
2279 2260 2405 2314 arte
2431 2266 2545 2309 exa-

453 2349 609 2424 rari,
665 2369 773 2411 nec
816 2368 959 2412 voce
989 2349 1241 2414 describi
1286 2360 1561 2438 possunt:
1617 2350 1853 2437 patinae
1894 2361 1955 2415 et
1995 2351 2456 2438 patellae-erant
2491 2365 2548 2410 ex

458 2458 711 2533 argento
732 2495 749 2522 ,
804 2446 1293 2515 circumcaelatae
1320 2450 1608 2516 similibus
1639 2450 1844 2516 formis
1871 2453 1930 2514 in
1960 2452 2135 2540 plano
2173 2474 2310 2515 cum
2349 2458 2548 2516 susten-

454 2547 665 2611 taculis
704 2549 853 2621 suis;
910 2550 1112 2640 cyathi
1152 2560 1319 2615 erant
1361 2574 1430 2616 ex
1471 2553 1719 2638 gemmis
1757 2552 2218 2638 pellucentibus:
2279 2552 2412 2619 talis
2442 2553 2549 2612 erat

456 2657 778 2735 apparatus
818 2651 1077 2715 Mensae.

616 2751 761 2813 743.
818 2749 1083 2816 Amictus
1125 2761 1322 2816 autem
1367 2752 1659 2840 Principis
1701 2763 1760 2817 et
1806 2754 1931 2839 ejus
1975 2753 2388 2817 ministrorum
2441 2755 2547 2811 erat

450 2848 581 2913 liict
632 2848 919 2940 Princeps
954 2854 1196 2917 indutus
1236 2864 1365 2918 erat
1404 2853 1611 2917 Talari
1653 2854 1869 2917 coloris
1917 2854 2225 2940 purpurei,
2292 2850 2546 2937 insignito

451 2950 637 3016 stellis
663 2954 943 3039 acupictis
973 2954 1185 3019 coloris
1227 2953 1492 3040 argentei
1511 2982 1529 3025 ;¹
1576 2955 1689 3017 sub
1731 2953 1903 3018 talari
1945 2953 2169 3017 cinctus
2208 2962 2346 3017 erat
2373 2950 2545 3017 tunica

453 3071 525 3114 ex
568 3052 757 3117 serico
803 3051 1038 3118 lucente
1083 3054 1297 3117 coloris
1337 3053 1742 3144 hyacinthini;
1796 3053 1947 3117 haec
1989 3064 2120 3117 erat
2165 3055 2548 3139 circa-pectus

451 3162 680 3238 aperta,
720 3154 822 3216 ubi
847 3155 1113 3217 anterior
1141 3175 1275 3240 pars
1304 3155 1608 3239 cujusdam
1639 3175 1824 3219 zonae
1854 3175 1986 3217 cum
2016 3153 2238 3241 Insigni
2281 3174 2421 3218 suae
2458 3150 2548 3213 So·

458 3252 687 3317 cietatis
716 3253 839 3318 visa
869 3263 989 3325 est,·
1040 3253 1276 3339 Insigne
1307 3265 1438 3318 erat
1466 3253 1678 3340 Aquila
1710 3275 1889 3341 super
1934 3253 2106 3339 pullis
2131 3255 2189 3317 in
2222 3254 2443 3317 vertice
2471 3269 2549 3312 ar-

2656 2562 2664 2695 Ι

452 3351 617 3418 boris
645 3352 906 3425 cubaus;
958 3353 1074 3417 hoc
1101 3363 1231 3418 erat
1257 3374 1327 3417 ex
1357 3352 1621 3440 fulgente
1653 3375 1802 3420 auro
1836 3353 2257 3418 circumcincta
2286 3355 2546 3419 adaman·
2662 3382 2663 3401 ÷

453 3452 627 3518 tibus.
721 3454 1054 3529 Consiliarii
1093 3477 1127 3519 a
1177 3455 1360 3518 latere
1408 3466 1578 3518 erant
1618 3476 1740 3520 nou
1782 3454 2137 3519 dissimiliter
2180 3454 2414 3530 amicti,
2460 3447 2546 3516 sed
2662 3460 2663 3523 ξ

452 3552 676 3640 absque
720 3552 832 3614 ino·
855 3554 1109 3639 Insigni,
1162 3554 1294 3618 loco
1335 3557 1462 3641 ejus
1501 3564 1671 3619 erant
1712 3554 1924 3642 sculpti
1963 3554 2221 3643 sapphiri
2249 3577 2282 3618 e
2313 3555 2461 3618 collo
2487 3569 2545 3612 ex

450 3671 635 3714 aureo
690 3661 901 3737 torque
957 3655 1291 3738 pendentes.
1375 3655 1568 3718 Aulici
1617 3664 1788 3719 erant
1826 3655 1885 3717 in
1934 3656 2085 3740 togis
2130 3655 2345 3719 coloris
2385 3649 2541 3723 badii,

450 3749 664 3836 quibus
691 3750 990 3813 intertexti
1028 3764 1197 3817 erant
1237 3752 1417 3819 flores
1457 3756 1675 3819 circum
1720 3754 2012 3842 aquilinos
2054 3754 2542 3839 punem-tunicae

446 3850 558 3913 sub
586 3848 698 3914 illis
731 3869 801 3912 ex
828 3850 1019 3913 serico
1048 3853 1261 3916 coloris
1293 3855 1543 3943 opalini;
1595 3855 1866 3921 similiter
1891 3855 2201 3919 femoralia
2233 3864 2289 3922 et
2318 3850 2537 3919 tibialia,

448 3949 613 4013 Talis
643 3959 773 4013 erat
799 3949 1062 4016 Vestitus
1090 3951 1342 4016 illorum.

603 4052 751 4114 744.
808 4048 1284 4117 circumstabant
1317 4075 1580 4118 mensam
1623 4054 1954 4119 Consiliarii
1984 4077 2017 4119 a
2045 4056 2231 4120 latere
2250 4082 2281 4130 ,⁶
2318 4063 2377 4118 et
2402 4051 2540 4117 con·

448 4148 652 4213 siliarii
682 4172 715 4215 a
745 4151 1024 4228 cameris,
1076 4163 1136 4217 e't
1177 4153 1628 4230 Moderatores,
1682 4164 1741 4218 et
1782 4177 1855 4220 ex
1893 4157 2054 4241 jussu
2084 4154 2373 4242 Principis
2400 4168 2540 4214 com·

448 4246 751 4337 plicabant
806 4268 1043 4326 manus,
1105 4262 1165 4317 et
1216 4252 1388 4341 simul
1443 4254 1837 4327 susurrabant-
1879 4255 2115 4321 laudem
2164 4256 2422 4323 votivam
2473 4243 2535 4311 ad

2660 4338 2664 4383 t
