2750 4775
431 340 538 389 ΗΞ
657 326 1126 383 UNlVERSA
1172 326 1707 381 THEOLOGIA
1760 328 1828 382 N.
1871 327 1933 379 C.
1976 326 2087 381 ET
2128 330 2198 381 N.
2243 330 2309 381 E.

529 482 859 559 adulteros,
905 504 975 545 n:
1029 484 1175 546 847.
1270 480 1375 546 lx.
1432 480 1587 569 quod
1630 482 1708 546 ab
1754 479 1993 568 Angelis
2044 504 2152 571 per
2196 483 2543 569 autopsiam

531 593 897 672 compertum
925 584 1029 658 sit,
1080 583 1239 670 quod
1271 584 1505 648 tametsi
1544 582 1781 648 Arcana
1822 584 1922 648 itta
1951 583 2374 649 excellentiora
2402 594 2547 649 sunt

529 683 777 751 Arcanis
802 684 1086 749 hactenus
1105 684 1367 756 detectis,
1399 704 1583 770 usque
1606 704 1640 747 a
1670 683 1867 749 multis
1893 684 2071 760 bodie
2094 683 2547 773 floccipendan-

534 796 664 862 tur,
710 807 780 849 n:
829 789 974 851 848.
1060 778 1189 876 [Χ]
1217 784 1395 866 Quod
1430 785 1693 849 auditum
1720 786 1795 849 sit
1822 807 2090 850 murmur
2116 807 2149 849 a
2180 787 2540 873 quibusdam

533 887 594 951 in
622 886 818 951 Insera
849 898 1024 959 terra,
1082 886 1238 972 quod
1270 884 1385 950 illis
1410 885 1585 950 fidem
1615 908 1734 950 non
1764 886 2119 973 adjungant,
2174 887 2284 950 nisi
2330 889 2545 953 Mina-

535 1007 694 1054 eum
727 987 897 1061 fiant,
951 987 1052 1052 sed
1092 986 1249 1076 quod
1282 987 1525 1051 tulerint
1565 1000 1945 1073 responsum,
1999 990 2158 1073 quod
2206 1010 2314 1075 per
2356 989 2546 1053 Mira·

532 1089 662 1153 cula
692 1109 811 1152 non
840 1088 969 1178 plus
995 1088 1273 1154 credituri
1299 1100 1493 1152 essent
1519 1109 1698 1175 quam
1727 1086 1967 1153 Pharao
1995 1099 2052 1155 et
2077 1086 2385 1179 Aegyptii,
2430 1111 2545 1154 nec

532 1191 661 1279 plus
689 1210 865 1277 quam
906 1189 1122 1278 posteri
1153 1188 1369 1253 Jacobi
1415 1189 1553 1252 dum
1599 1187 1965 1254 saltaverunt
2005 1191 2227 1255 circum
2268 1191 2541 1255 Vitulurn

531 1291 793 1356 Aureum
823 1292 884 1354 in
912 1291 1176 1362 deserto;
1222 1310 1330 1352 nec
1360 1289 1491 1374 plus
1515 1310 1689 1376 quam
1718 1291 1825 1376 ipsi
1844 1290 2062 1355 Judaei
2090 1292 2229 1355 dum
2260 1292 2543 1358 viderunt

537 1392 828 1459 Miracula
857 1393 1088 1480 abipso
1114 1391 1373 1455 Domino
1402 1390 1588 1466 sacta,
1632 1412 1701 1453 n:
1744 1395 1892 1455 849.
1974 1392 2081 1455 XI.
2129 1393 2389 1458 Demum
2419 1392 2543 1458 Cur

533 1494 824 1561 Dominus
851 1494 1086 1558 Arcana
1115 1492 1212 1556 illa
1244 1492 1531 1556 revelavit
1558 1489 1732 1567 mihi,
1784 1502 1845 1555 et
1875 1514 1993 1557 non
2037 1497 2232 1581 potius
2260 1494 2440 1557 alicui
2470 1516 2541 1557 ex

534 1593 763 1662 Ordine
789 1594 1217 1669 Ecclesiastico,
1261 1614 1329 1655 n:
1387 1597 1532 1657 850.

440 1739 538 1754 ....
590 1695 767 1777 Quod
795 1695 924 1771 illa,
973 1715 1124 1780 qnae
1150 1694 1210 1757 in
1238 1694 1771 1759 Mmonsnunnus
1800 1715 1951 1780 quae
1980 1704 2113 1782 post
2140 1695 2355 1781 Capita
2382 1706 2539 1773 sunt,

538 1819 679 1863 vera
704 1797 820 1861 sint
836 1844 853 1872 ,
903 1807 964 1861 et
989 1795 1148 1883 qnod
1171 1793 1383 1858 similia
1410 1793 1724 1882 Prophetis
1749 1804 1888 1858 ante
1914 1796 2243 1859 adventum
2273 1795 2537 1873 Domini,

536 1910 596 1964 et
621 1897 830 1963 similia
858 1896 1153 1985 Apostolis
1180 1903 1307 1982 post
1336 1894 1656 1961 adventum
1695 1895 1908 1984 Ipsius,
1960 1906 2024 1959 ut
2055 1897 2272 1972 Petro,
2326 1892 2536 1974 Paulo,

535 2009 596 2065 et
621 2000 905 2084 imprimis
927 1995 1193 2063 Johanni
1223 1995 1283 2058 in
1313 1992 1698 2087 Apocalypsi,
1755 1998 1876 2063 visa
1905 2006 1963 2063 et
1990 1997 2190 2061 audita
2220 1997 2361 2074 sint,
2388 2020 2537 2087 quae

535 2109 949 2175 recensentur,
994 2120 1063 2162 n:
1112 2100 1258 2161 851.

435 2325 906 2395 THEOREMA
970 2326 1511 2395 PROPOSITUM
1563 2324 1615 2392 Α
1668 2325 2027 2408 QUODAM
2079 2324 2304 2392 DUCE
2359 2325 2538 2392 ELE—

435 2428 714 2494 CTORE
755 2426 844 2492 IN
897 2427 1370 2502 GERMANIA,
1428 2428 1565 2494 CUI
1621 2425 1878 2494 ΕἸῚΑΜ
1930 2427 2225 2494 SUMMA
2272 2427 2536 2495 DIGNI-

927 2530 1081 2596 TAS
1133 2528 1749 2596 ECCLESIASTICA
1801 2529 2011 2595 FUIT.

436 2705 760 2788 Quondam
793 2708 854 2771 in
882 2706 1108 2773 Mundo
1146 2707 1431 2793 spirituali
1475 2706 1592 2771 vidi
1623 2706 1915 2795 quendam
1946 2704 2171 2770 Ducem
2204 2705 2534 2770 Electorem

536 2807 597 2873 in
642 2807 995 2881 Germania,
1066 2809 1156 2872 cui
1201 2807 1378 2871 etiam
1420 2829 1649 2872 summa
1697 2807 1967 2893 Dignitas
2004 2807 2073 2888 jn
2115 2806 2534 2872 Ecclesiasticis

538 2908 763 2986 suerat,
814 2920 874 2974 et
900 2910 1061 2994 juxta
1101 2909 1262 2973 illum
1301 2909 1450 2972 duos
1476 2908 1826 2995 Episcopus,
1881 2917 1941 2969 et
1979 2908 2125 2971 duos
2153 2909 2331 2970 etiam
2364 2908 2535 2974 Mini-

540 3021 727 3085 stros,
780 3022 839 3076 et
878 3012 952 3075 ad
994 3009 1328 3075 distantiam
1376 3008 1577 3072 audivi
1621 3010 1760 3096 quid
1803 3011 1959 3072 inter.
1998 3029 2061 3073 se
2108 3007 2531 3095 loquebantur:

538 3113 928 3200 interrogavit
974 3112 1106 3175 Dux
1159 3110 1399 3176 Elector
1434 3120 1689 3196 quatuor
1738 3110 2069 3185 adstantes,
2126 3130 2268 3171 num
2322 3112 2533 3173 scirent

541 3213 679 3300 quid
716 3213 856 3278 facit
893 3212 1085 3301 Caput
1115 3211 1442 3297 Religionis
1479 3212 1534 3273 in
1577 3210 2050 3281 christianismo,
2106 3211 2533 3295 responderunt

539 3313 846 3401 Episcopi,
901 3322 1078 3399 caput
1106 3313 1432 3398 Religionis
1458 3312 1516 3373 in
1547 3311 2009 3387 Christianismo,
2054 3320 2141 3374 est
2170 3311 2362 3374 Fun-:s
2386 3332 2534 3375 som

537 3433 929 3479 wsrrrrcsus
974 3435 1049 3478 m
1094 3433 1401 3484 samm&
1456 3413 1846 3498 interrogavit
1891 3413 2136 3486 iterum,
2194 3434 2333 3474 num
2383 3412 2534 3477 scitis

541 3514 679 3600 quid
710 3518 863 3578 intus
894 3516 950 3577 in
978 3514 1073 3578 illa
1106 3514 1250 3578 Fide
1279 3513 1648 3578 reconditum
1680 3513 1850 3586 latet,
1904 3511 2187 3576 recludite
2214 3512 2400 3586 illam,
2445 3513 2531 3575 in-

537 3615 865 3703 trospicite,
918 3614 1207 3684 et·dicite;
1262 3616 1725 3701 responderunt,
1778 3613 1936 3700 quod
1976 3611 2131 3676 intus
2175 3614 2233 3677 in
2280 3613 2378 3678 illa
2420 3634 2533 3676 non

537 3714 694 3779 aliud
737 3713 1101 3777 reconditum
1142 3713 1355 3790 lateat,
1414 3736 1590 3802 quam
1633 3715 1941 3780 ΜΕιιιτυΜ
1978 3734 2055 3776 Εἰ·
2091 3714 2384 3780 ,ἶυετιτιΑ
2413 3715 2535 3779 Do-

538 3815 1129 3886 mursam-om&
1185 3815 1258 3879 ad
1303 3815 1454 3881 haec
1495 3816 1638 3880 dixit
1682 3816 1800 3879 dux
1829 3814 2097 3890 Elector,
2150 3813 2376 3880 latetne
2403 3825 2535 3878 tunc

541 3916 612 3979 in·
637 3916 736 3979 illa
775 3914 1064 3980 Dominus
1090 3915 1372 3982 Salvator
1409 3916 1468 3979 in
1516 3918 1797 3982 Humano
1835 3933 1973 3989 suo,
2023 3916 2083 3977 in
2128 3938 2246 4002 quo
2291 3925 2534 3980 vocatur

540 4016 729 4083 Jnsus
770 4016 1109 4095 Cunlsrns,
1165 4018 1300 4106 quia
1340 4015 1472 4104 lpse
1513 4019 1572 4081 in
1616 4003 1898 4082 Humano
1937 4038 2043 4081 suo
2081 4015 2258 4081 Solus
2300 4016 2533 4081 Justitia

540 4116 685 4192 fnit3
740 4117 815 4181 ad
842 4116 990 4182 haec
1017 4119 1323 4193 dicebant,
1376 4117 1491 4182 hoc
1521 4126 1681 4182 certe
1723 4127 1784 4180 et
1826 4117 2072 4181 indivise
2091 4117 2405 4203 sequitur:
2451 4117 2534 4180 in-

539 4217 734 4283 stabat
762 4218 897 4283 Dux
928 4217 1194 4293 Elector,
1251 4217 1480 4291 dicens,
1534 4207 1758 4302 aperite
1787 4218 1991 4282 Fidem
2027 4217 2217 4291 illam,
2272 4219 2533 4283 etintro-
