2750 4775
450 351 559 404 52⁶
679 339 880 392 UNI&
915 339 1142 392 ERSA
1192 339 1737 393 THEOLOGIA
1782 340 1852 396 R.
1896 339 1958 396 C.
2001 339 2107 392 ΕΤ
2146 338 2211 392 N.
2250 338 2309 392 E.

444 494 546 558 det
586 492 787 557 animo
830 492 958 577 ejus
998 492 1185 555 instat
1212 487 1607 556 Auctoritatis
1633 489 1920 566 Divinae,
1969 513 2044 554 ex
2084 513 2155 554 eo
2194 490 2339 576 quod
2370 509 2499 552 arro·

449 593 683 681 gaverit
735 592 846 657 sibi
893 600 1244 679 potestatem
1303 589 1549 654 Domini
1606 591 1662 653 in
1718 592 1976 657 Mundo:
2052 613 2163 655 nec
2204 590 2510 678 permittitur

446 693 625 762 alicui
669 692 971 757 cardinali
1017 693 1076 756 in
1121 691 1481 784 synedrium
1523 690 1667 755 illud
1709 693 1971 768 intrare,
2039 701 2101 754 et
2153 690 2268 753 hoc
2315 698 2514 777 propter

448 793 1043 882 supereminentiam;
1094 791 1159 856 hi
1188 801 1389 856 tamen
1417 792 1477 857 in
1504 793 1704 881 amplo
1728 793 2017 860 Conclavi
2042 792 2157 856 suh
2194 790 2302 855 illis
2332 813 2388 853 se
2420 788 2515 851 col·

447 895 674 982 figunt,
724 904 786 959 at
813 892 1198 981 post-aliquot
1234 892 1463 956 dierum
1492 894 2022 957 commorationem
2052 892 2405 965 auferuntur,
2435 888 2516 953 sed

445 1018 575 1076 non
607 996 810 1060 datum
842 1002 930 1057 est
957 993 1134 1067 scire,
1188 1013 1325 1078 quo.
1408 992 1577 1058 Alius
1600 994 1783 1058 etiam
1812 993 2159 1058 Conventus
2183 1002 2267 1056 est
2290 992 2343 1054 in
2369 989 2519 1074 Plaga

450 1094 824 1160 meridionali
868 1115 1078 1160 versus
1119 1094 1546 1165 Occidentem3
1628 1094 1929 1186 negotium
1983 1095 2067 1158 ibi
2122 1104 2209 1156 est
2260 1089 2517 1155 credulum

452 1197 668 1282 vulgus
694 1195 1090 1259 intromittere
1122 1195 1180 1256 in
1208 1193 1483 1266 Caelum;
1539 1195 1857 1281 disponunt
1884 1196 1965 1257 ibi
2004 1197 2232 1259 circum
2270 1214 2329 1257 se
2363 1191 2521 1278 plures

450 1296 812 1372 Societates,
864 1316 1017 1383 quae
1050 1296 1110 1357 in
1153 1294 1333 1358 variis
1370 1295 1667 1359 Jucuudis
1705 1298 1961 1360 externis
2003 1305 2180 1368 sunt,
2230 1294 2286 1356 in
2327 1291 2520 1378 quibusf

450 1396 589 1462 dam
616 1406 755 1464 sunt
784 1394 1084 1469 Choreae,
1137 1393 1197 1457 in
1227 1395 1579 1480 quibusdam
1611 1396 1979 1462 Harmoniae
2009 1398 2299 1469 musicae,
2346 1393 2396 1453 in
2422 1387 2522 1473 qui-

450 1497 700 1563 busdam
746 1496 1196 1571 Processiones,
1247 1496 1307 1557 in
1346 1496 1699 1581 quibusdam
1746 1496 2011 1562 Theatra
2064 1507 2124 1561 et
2172 1495 2289 1558 ludi
2329 1488 2520 1560 scenici,

449 1598 511 1662 in
542 1597 893 1686 quibusdam
931 1607 1067 1662 sunt
1106 1597 1205 1681 qui
1253 1618 1357 1683 per
1399 1595 1739 1684 phantasias
1778 1597 2073 1662 inducunt
2115 1598 2307 1666 varias
2342 1590 2521 1677 species

452 1697 962 1784 magnificentiae,
1018 1699 1075 1760 in
1134 1697 1485 1782 quibusdam
1524 1698 1704 1762 modo
1753 1694 2129 1764 hariolantur
2166 1705 2229 1760 et
2268 1695 2520 1778 incautum

450 1800 513 1863 in
556 1799 905 1885 quibusdam
949 1800 1273 1884 loquuntur
1314 1799 1471 1861 inter
1511 1821 1575 1863 se
1611 1798 1838 1872 amice,
1892 1799 2112 1863 alicubi
2159 1799 2232 1861 de
2269 1790 2521 1877 religiosis,

453 1900 670 1966 alicubi
712 1901 786 1964 de
829 1898 1130 1972 civilibus,
1184 1899 1360 1962 etiam
1400 1899 1621 1963 alicubi
1668 1900 1742 1962 de
1783 1900 2070 1970 lasciviis:
2127 1908 2189 1963 et
2231 1898 2312 1961 sic
2352 1910 2518 1980 portet

451 2001 512 2063 in
560 2001 818 2087 aliquam
860 2021 931 2062 ex
977 1999 1068 2063 bis
1109 2000 1492 2063 societatibus
1530 2000 1853 2064 secundum
1901 1999 2165 2086 cujusvis
2208 1997 2520 2078 voluptatem

451 2101 779 2164 immittunt
805 2098 1113 2173 credulos,
1167 2109 1447 2164 vocantes
1476 2100 1533 2162 id
1564 2100 1838 2173 Caelum;
1888 2101 1994 2165 sed
2023 2122 2236 2167 omnes
2260 2104 2377 2184 post
2400 2092 2521 2155 diem

449 2222 637 2265 unum
668 2210 770 2265 aut
797 2200 1071 2275 alterum,
1125 2221 1255 2263 cum
1286 2200 1367 2264 ibi
1406 2199 1667 2276 fuerunt,
1719 2201 1917 2265 taedio
1956 2202 2297 2266 afficiuntur
2332 2203 2385 2259 et
2419 2191 2522 2254 abs·

455 2301 704 2375 cedunt,
760 2301 895 2386 quia
941 2300 1219 2363 Jucunda
1279 2300 1376 2364 illa
1436 2310 1576 2364 sunt
1618 2310 1862 2365 externa
1907 2312 1967 2365 et
2010 2303 2418 2366 non-interum
2461 2291 2521 2351 5¹³

453 2422 694 2487 quoque
726 2402 923 2487 plures
948 2401 1326 2465 abducuntur
1353 2424 1388 2465 a
1418 2402 1648 2467 frivolis
1674 2402 1810 2467 fidei
1839 2403 1910 2466 de
1953 2413 2249 2489 potestate
2279 2394 2524 2462 intromit-

451 2500 618 2564 tendi
653 2499 712 2564 in
741 2499 1006 2567 Caelum.
1087 2504 1261 2583 Quod
1304 2502 1542 2566 Cultum
1590 2524 1798 2566 eorum
1845 2504 1904 2566 in
1946 2505 2140 2591 specie
2188 2501 2414 2569 attinet,
2457 2498 2523 2553 esi

453 2601 552 2666 ille
596 2621 785 2687 paene
811 2602 1016 2667 similis
1042 2602 1239 2667 Cultui
1266 2602 1501 2667 illorum
1531 2604 1593 2664 in
1620 2604 1877 2680 Mundo,
1931 2605 2198 2668 consistit
2238 2601 2330 2664 ille
2363 2591 2523 2660 simili-

452 2712 549 2767 ter
592 2703 651 2765 in
686 2702 911 2779 Missis,
965 2726 1116 2791 quae
1159 2703 1307 2766 liunt
1343 2704 1404 2765 in
1452 2704 1681 2788 Lingua
1728 2725 1847 2767 non
1896 2707 2197 2769 communi
2238 2700 2521 2786 spirituum,

453 2804 560 2870 sed
604 2803 859 2868 conflata
899 2825 971 2867 ex
1013 2806 1259 2869 vocibus
1288 2804 1408 2867 alte
1430 2807 1816 2880 sonantibus,
1869 2828 2022 2891 quae
2055 2805 2337 2868 Sanctum
2374 2804 2525 2860 exter·

453 2926 596 2972 num
626 2916 683 2968 et
711 2904 1063 2968 Tremorem
1094 2904 1421 2977 incutiunt,
1474 2925 1629 2989 quae
1660 2926 1901 2992 prorsus
1926 2927 2046 2969 non
2077 2903 2416 2988 intelligunt.

610 3009 757 3071 820.
813 3007 1038 3071 Omnes
1065 3006 1167 3089 qui
1195 3007 1251 3066 in
1283 3004 1574 3069 Mundum
1614 3005 1980 3092 spiritualem
2010 3027 2042 3067 e
2071 3006 2279 3068 Terris
2307 2997 2523 3066 veniunt,

454 3106 518 3168 in
545 3105 932 3170 Confessione
969 3106 1137 3179 fidei,
1193 3114 1262 3167 et·
1284 3106 1340 3168 in
1371 3106 1686 3189 Religione
1728 3106 1969 3171 Patriae
1997 3127 2138 3169 suae
2182 3107 2243 3167 in
2283 3091 2523 3188 principio

456 3214 764 3279 tenentum
816 3207 898 3271 ita
929 3226 1166 3293 quoque
1194 3203 1520 3279 Pontificii;
1564 3227 1750 3290 quare
1780 3227 2015 3291 semper
2040 3206 2298 3293 aliquem
2331 3211 2523 3285 reprae‘

453 3309 813 3371 sentativum
852 3306 1201 3373 Pontificem
1246 3306 1356 3370 sibi
1404 3307 1801 3394 praepositum
1847 3306 2102 3383 habent,
2174 3326 2345 3393 quem
2384 3297 2523 3362 etiam

447 3407 631 3470 simili
659 3409 777 3470 ritu
805 3408 1090 3482 adorant,
1127 3430 1251 3494 quo
1280 3409 1339 3469 in
1368 3406 1614 3471 Mundo.
1682 3406 1851 3470 Raro
1880 3407 2092 3492 aliquis
2119 3406 2283 3492 Papa
2310 3408 2366 3467 in
2389 3396 2526 3462 Mun-

457 3506 566 3580 do,
619 3517 750 3589 post
777 3528 1077 3574 excessum
1112 3508 1278 3582 inde,
1334 3507 1449 3571 illis
1486 3507 1900 3596 praeponitur;
1953 3510 2058 3572 sed
2096 3528 2282 3593 usque
2324 3502 2418 3567 Ille
2449 3489 2524 3578 qui

458 3613 596 3669 ante
629 3609 710 3668 30
740 3617 800 3668 et
831 3610 913 3671 40
943 3629 1131 3673 annos
1155 3607 1489 3674 Pontificali
1519 3610 1774 3674 Munere
1800 3608 2038 3673 functus
2078 3617 2196 3683 est,
2228 3606 2359 3670 jllis
2391 3612 2524 3687 pra&

456 3706 645 3770 fectus
672 3715 791 3780 est,
843 3709 921 3769 oh
963 3728 1235 3783 causam,
1290 3710 1429 3793 quia
1476 3707 1580 3772 llle
1625 3709 1804 3771 corde
1843 3731 1950 3775 suo
1992 3709 2168 3780 fovit,
2226 3704 2374 3794 quod
2410 3697 2522 3762 Ver·

456 3808 600 3871 hum
626 3805 887 3871 sanctius
907 3816 1093 3882 esset,
1147 3831 1324 3893 quam
1356 3810 1647 3886 creditur,
1703 3818 1758 3871 et
1788 3810 1945 3894 quod
1973 3809 2261 3875 Dominus
2290 3796 2522 3870 “colendus

455 3914 625 3972 esset.
706 3906 931 3972 Datum
978 3916 1064 3972 est
1093 3908 1271 3994 ‘ioqui
1319 3930 1452 3972 cum
1510 3909 1648 3984 illo,
1700 3919 1760 3972 et
1804 3909 1981 3984 dixit»,
2032 3909 2192 3996 quod
2246 3902 2521 3972 Dominum

455 4008 645 4072 solum
689 4006 929 4084 adoret,
984 4009 1124 4097 quia
1166 4008 1297 4096 lpse
1336 4020 1426 4073 est
1472 4009 1670 4085 Deus,
1722 4010 1816 4073 cui
1856 4011 2048 4075 omnis
2084 4019 2344 4097 potestas
2381 4008 2453 4068 est
2475 3994 2519 4056 51¹

457 4107 637 4173 Caelo
682 4117 740 4171 et
779 4110 839 4171 in
875 4111 1097 4187 Terra,
1152 4109 1478 4174 secundum
1520 4109 1709 4197 Ipsius
1751 4111 1972 4188 verba,
2026 4110 2240 4175 matth.
2272 4092 2518 4174 XXV111²

467 4212 576 4280 18;
632 4217 691 4272 et
717 4209 876 4295 quod
913 4209 1324 4276 invocationes
1347 4208 1706 4275 Sanctorum
1745 4212 1862 4275 sint
1906 4211 2192 4279 ludibria:
2249 4220 2366 4275 tum
2400 4192 2521 4289 qflvd
