<?xml version="1.0" encoding="UTF-8"?>
<!DOCTYPE html PUBLIC "-//W3C//DTD XHTML 1.0 Transitional//EN"
    "http://www.w3.org/TR/xhtml1/DTD/xhtml1-transitional.dtd">
<html xmlns="http://www.w3.org/1999/xhtml" xml:lang="en" lang="en">
 <head>
  <title>
</title>
<meta http-equiv="Content-Type" content="text/html;charset=utf-8" />
  <meta name='ocr-system' content='tesseract 3.04.00' />
  <meta name='ocr-capabilities' content='ocr_page ocr_carea ocr_par ocr_line ocrx_word'/>
</head>
<body>
  <div class='ocr_page' id='page_1' title='image "./verachristianar00unkngoog_0035.png"; bbox 0 0 2750 4775; ppageno 0'>
   <div class='ocr_carea' id='block_1_1' title="bbox 658 360 2342 425">
    <p class='ocr_par' dir='ltr' id='par_1_1' title="bbox 658 360 2342 425">
     <span class='ocr_line' id='line_1_1' title="bbox 658 360 2342 425; baseline 0 -12"><span class='ocrx_word' id='word_1_1' title='bbox 658 360 816 413; x_wconf 82' lang='lat' dir='ltr'><strong>vlu.</strong></span> <span class='ocrx_word' id='word_1_2' title='bbox 897 360 1305 415; x_wconf 83' lang='lat' dir='ltr'><strong>LIBERUM</strong></span> <span class='ocrx_word' id='word_1_3' title='bbox 1356 361 1897 416; x_wconf 76' lang='lat' dir='ltr'>ARBITRIUM.</span> <span class='ocrx_word' id='word_1_4' title='bbox 2274 375 2342 425; x_wconf 82' lang='lat'><strong>27</strong></span> 
     </span>
    </p>
   </div>
   <div class='ocr_carea' id='block_1_2' title="bbox 216 511 2346 1587">
    <p class='ocr_par' dir='ltr' id='par_1_2' title="bbox 216 511 2346 1587">
     <span class='ocr_line' id='line_1_2' title="bbox 388 511 2346 603; baseline 0.003 -26"><span class='ocrx_word' id='word_1_5' title='bbox 388 515 536 577; x_wconf 74' lang='lat'><strong>492.</strong></span> <span class='ocrx_word' id='word_1_6' title='bbox 597 513 708 578; x_wconf 89' lang='lat' dir='ltr'><strong>His</strong></span> <span class='ocrx_word' id='word_1_7' title='bbox 752 511 1027 600; x_wconf 81' lang='lat' dir='ltr'><strong>adjiciam</strong></span> <span class='ocrx_word' id='word_1_8' title='bbox 1076 512 1191 579; x_wconf 89' lang='lat' dir='ltr'><strong>hoc</strong></span> <span class='ocrx_word' id='word_1_9' title='bbox 1236 515 1665 592; x_wconf 79' lang='lat' dir='ltr'><strong>Memorabile,</strong></span> <span class='ocrx_word' id='word_1_10' title='bbox 1716 515 2028 603; x_wconf 75' lang='lat' dir='ltr'><strong>aliquoties</strong></span> <span class='ocrx_word' id='word_1_11' title='bbox 2070 518 2272 584; x_wconf 87' lang='lat' dir='ltr'><strong>audivi</strong></span> <span class='ocrx_word' id='word_1_12' title='bbox 2311 540 2346 583; x_wconf 90' lang='lat' dir='ltr'><strong>e</strong></span> 
     </span>
     <span class='ocr_line' id='line_1_3' title="bbox 231 614 2346 703; baseline 0.002 -24"><span class='ocrx_word' id='word_1_13' title='bbox 231 614 416 679; x_wconf 88' lang='lat' dir='ltr'><strong>Caelo</strong></span> <span class='ocrx_word' id='word_1_14' title='bbox 461 614 745 679; x_wconf 83' lang='lat' dir='ltr'><strong>demissas</strong></span> <span class='ocrx_word' id='word_1_15' title='bbox 787 637 965 680; x_wconf 89' lang='lat' dir='ltr'><strong>voces</strong></span> <span class='ocrx_word' id='word_1_16' title='bbox 1013 614 1085 679; x_wconf 89' lang='lat' dir='ltr'><strong>de</strong></span> <span class='ocrx_word' id='word_1_17' title='bbox 1129 614 1287 679; x_wconf 90' lang='lat' dir='ltr'><strong>bono</strong></span> <span class='ocrx_word' id='word_1_18' title='bbox 1315 615 1654 690; x_wconf 86' lang='lat' dir='ltr'><strong>charitatis,</strong></span> <span class='ocrx_word' id='word_1_19' title='bbox 1709 637 1862 702; x_wconf 81' lang='lat' dir='ltr'><strong>quae</strong></span> <span class='ocrx_word' id='word_1_20' title='bbox 1906 618 2346 703; x_wconf 70' lang='lat' dir='ltr'><strong>pertransibant</strong></span> 
     </span>
     <span class='ocr_line' id='line_1_4' title="bbox 228 715 2343 808; baseline 0.001 -26"><span class='ocrx_word' id='word_1_21' title='bbox 228 715 522 782; x_wconf 87' lang='lat' dir='ltr'><strong>Mundum</strong></span> <span class='ocrx_word' id='word_1_22' title='bbox 551 715 899 802; x_wconf 71' lang='lat' dir='ltr'><strong>spirituum,</strong></span> <span class='ocrx_word' id='word_1_23' title='bbox 952 724 1013 779; x_wconf 90' lang='lat' dir='ltr'><strong>et</strong></span> <span class='ocrx_word' id='word_1_24' title='bbox 1043 715 1438 802; x_wconf 70' lang='lat' dir='ltr'><strong>penetrabant</strong></span> <span class='ocrx_word' id='word_1_25' title='bbox 1474 718 1535 779; x_wconf 91' lang='lat' dir='ltr'><strong>in</strong></span> <span class='ocrx_word' id='word_1_26' title='bbox 1561 715 1860 781; x_wconf 84' lang='lat' dir='ltr'><strong>infernum</strong></span> <span class='ocrx_word' id='word_1_27' title='bbox 1891 739 2074 804; x_wconf 89' lang='lat' dir='ltr'><strong>usque</strong></span> <span class='ocrx_word' id='word_1_28' title='bbox 2100 720 2174 783; x_wconf 89' lang='lat' dir='ltr'><strong>ad</strong></span> <span class='ocrx_word' id='word_1_29' title='bbox 2204 742 2343 808; x_wconf 90' lang='lat' dir='ltr'><strong>pro-</strong></span> 
     </span>
     <span class='ocr_line' id='line_1_5' title="bbox 226 815 2344 905; baseline 0.003 -25"><span class='ocrx_word' id='word_1_30' title='bbox 226 815 479 882; x_wconf 82' lang='lat' dir='ltr'><strong>fundum</strong></span> <span class='ocrx_word' id='word_1_31' title='bbox 522 817 681 903; x_wconf 72' lang='lat' dir='ltr'><strong>ejus»,</strong></span> <span class='ocrx_word' id='word_1_32' title='bbox 730 827 793 880; x_wconf 80' lang='lat' dir='ltr'><strong>et</strong></span> <span class='ocrx_word' id='word_1_33' title='bbox 823 817 981 905; x_wconf 90' lang='lat' dir='ltr'><strong>quod</strong></span> <span class='ocrx_word' id='word_1_34' title='bbox 1026 816 1161 880; x_wconf 89' lang='lat' dir='ltr'><strong>illae</strong></span> <span class='ocrx_word' id='word_1_35' title='bbox 1192 839 1370 882; x_wconf 84' lang='lat' dir='ltr'><strong>voces</strong></span> <span class='ocrx_word' id='word_1_36' title='bbox 1410 817 1469 880; x_wconf 86' lang='lat' dir='ltr'><strong>in</strong></span> <span class='ocrx_word' id='word_1_37' title='bbox 1511 818 1921 904; x_wconf 80' lang='lat' dir='ltr'><strong>progressione</strong></span> <span class='ocrx_word' id='word_1_38' title='bbox 1969 827 2344 886; x_wconf 86' lang='lat' dir='ltr'><strong>verterentur</strong></span> 
     </span>
     <span class='ocr_line' id='line_1_6' title="bbox 226 915 2341 1005; baseline 0.002 -24"><span class='ocrx_word' id='word_1_39' title='bbox 226 918 284 981; x_wconf 91' lang='lat' dir='ltr'><strong>in</strong></span> <span class='ocrx_word' id='word_1_40' title='bbox 315 917 482 993; x_wconf 88' lang='lat' dir='ltr'><strong>talia,</strong></span> <span class='ocrx_word' id='word_1_41' title='bbox 533 938 688 1005; x_wconf 89' lang='lat' dir='ltr'><strong>quae</strong></span> <span class='ocrx_word' id='word_1_42' title='bbox 719 917 889 1002; x_wconf 91' lang='lat' dir='ltr'><strong>plane</strong></span> <span class='ocrx_word' id='word_1_43' title='bbox 919 917 1188 1005; x_wconf 83' lang='lat' dir='ltr'><strong>opposita</strong></span> <span class='ocrx_word' id='word_1_44' title='bbox 1233 928 1407 983; x_wconf 88' lang='lat' dir='ltr'><strong>erant</strong></span> <span class='ocrx_word' id='word_1_45' title='bbox 1435 917 1593 982; x_wconf 88' lang='lat' dir='ltr'><strong>bono</strong></span> <span class='ocrx_word' id='word_1_46' title='bbox 1625 915 1963 994; x_wconf 88' lang='lat' dir='ltr'><strong>charitatis,</strong></span> <span class='ocrx_word' id='word_1_47' title='bbox 2015 927 2074 981; x_wconf 86' lang='lat' dir='ltr'><strong>et</strong></span> <span class='ocrx_word' id='word_1_48' title='bbox 2102 919 2341 986; x_wconf 87' lang='lat' dir='ltr'><strong>tandem</strong></span> 
     </span>
     <span class='ocr_line' id='line_1_7' title="bbox 223 1017 2343 1105; baseline 0.002 -24"><span class='ocrx_word' id='word_1_49' title='bbox 223 1019 281 1083; x_wconf 92' lang='lat' dir='ltr'><strong>in</strong></span> <span class='ocrx_word' id='word_1_50' title='bbox 314 1018 417 1082; x_wconf 84' lang='lat' dir='ltr'><strong>illa</strong></span> <span class='ocrx_word' id='word_1_51' title='bbox 449 1040 600 1104; x_wconf 83' lang='lat' dir='ltr'><strong>quae</strong></span> <span class='ocrx_word' id='word_1_52' title='bbox 631 1017 751 1082; x_wconf 90' lang='lat' dir='ltr'><strong>odii</strong></span> <span class='ocrx_word' id='word_1_53' title='bbox 779 1028 987 1083; x_wconf 87' lang='lat' dir='ltr'><strong>contra</strong></span> <span class='ocrx_word' id='word_1_54' title='bbox 1018 1017 1347 1105; x_wconf 83' lang='lat' dir='ltr'><strong>proximum</strong></span> <span class='ocrx_word' id='word_1_55' title='bbox 1380 1028 1581 1091; x_wconf 86' lang='lat' dir='ltr'><strong>erant;</strong></span> <span class='ocrx_word' id='word_1_56' title='bbox 1635 1018 1937 1095; x_wconf 86' lang='lat' dir='ltr'><strong>indicium,</strong></span> <span class='ocrx_word' id='word_1_57' title='bbox 1979 1021 2139 1105; x_wconf 91' lang='lat' dir='ltr'><strong>qnod</strong></span> <span class='ocrx_word' id='word_1_58' title='bbox 2168 1042 2343 1087; x_wconf 87' lang='lat' dir='ltr'><strong>omne</strong></span> 
     </span>
     <span class='ocr_line' id='line_1_8' title="bbox 223 1116 2345 1208; baseline 0 -24"><span class='ocrx_word' id='word_1_59' title='bbox 223 1119 392 1206; x_wconf 88' lang='lat' dir='ltr'><strong>quod</strong></span> <span class='ocrx_word' id='word_1_60' title='bbox 422 1141 455 1183; x_wconf 92' lang='lat' dir='ltr'><strong>a</strong></span> <span class='ocrx_word' id='word_1_61' title='bbox 485 1118 746 1183; x_wconf 89' lang='lat' dir='ltr'><strong>Domino</strong></span> <span class='ocrx_word' id='word_1_62' title='bbox 776 1116 1043 1208; x_wconf 84' lang='lat' dir='ltr'><strong>procedit</strong></span> <span class='ocrx_word' id='word_1_63' title='bbox 1068 1119 1141 1183; x_wconf 88' lang='lat' dir='ltr'><strong>sit</strong></span> <span class='ocrx_word' id='word_1_64' title='bbox 1171 1120 1394 1183; x_wconf 81' lang='lat' dir='ltr'><strong>bonum</strong></span> <span class='ocrx_word' id='word_1_65' title='bbox 1414 1168 1430 1195; x_wconf 89' lang='lat'><strong>,</strong></span> <span class='ocrx_word' id='word_1_66' title='bbox 1483 1129 1541 1183; x_wconf 88' lang='lat' dir='ltr'><strong>et</strong></span> <span class='ocrx_word' id='word_1_67' title='bbox 1570 1120 1732 1205; x_wconf 91' lang='lat' dir='ltr'><strong>quod</strong></span> <span class='ocrx_word' id='word_1_68' title='bbox 1761 1140 1794 1183; x_wconf 93' lang='lat' dir='ltr'><strong>a</strong></span> <span class='ocrx_word' id='word_1_69' title='bbox 1826 1119 2128 1208; x_wconf 90' lang='lat' dir='ltr'><strong>spiritibus</strong></span> <span class='ocrx_word' id='word_1_70' title='bbox 2167 1122 2225 1184; x_wconf 91' lang='lat' dir='ltr'><strong>in</strong></span> <span class='ocrx_word' id='word_1_71' title='bbox 2254 1121 2345 1185; x_wconf 89' lang='lat' dir='ltr'><strong>in-</strong></span> 
     </span>
     <span class='ocr_line' id='line_1_9' title="bbox 220 1218 2342 1306; baseline 0.001 -22"><span class='ocrx_word' id='word_1_72' title='bbox 220 1219 401 1285; x_wconf 80' lang='lat' dir='ltr'><strong>ferno</strong></span> <span class='ocrx_word' id='word_1_73' title='bbox 432 1230 704 1284; x_wconf 86' lang='lat' dir='ltr'><strong>vertatur</strong></span> <span class='ocrx_word' id='word_1_74' title='bbox 733 1221 792 1283; x_wconf 90' lang='lat' dir='ltr'><strong>in</strong></span> <span class='ocrx_word' id='word_1_75' title='bbox 822 1218 1072 1284; x_wconf 86' lang='lat' dir='ltr'><strong>malurn.</strong></span> <span class='ocrx_word' id='word_1_76' title='bbox 1128 1220 1328 1284; x_wconf 84' lang='lat' dir='ltr'><strong>Simile</strong></span> <span class='ocrx_word' id='word_1_77' title='bbox 1356 1219 1580 1284; x_wconf 84' lang='lat' dir='ltr'><strong>factum</strong></span> <span class='ocrx_word' id='word_1_78' title='bbox 1621 1229 1708 1285; x_wconf 90' lang='lat' dir='ltr'><strong>est</strong></span> <span class='ocrx_word' id='word_1_79' title='bbox 1738 1243 1869 1285; x_wconf 89' lang='lat' dir='ltr'><strong>cum</strong></span> <span class='ocrx_word' id='word_1_80' title='bbox 1900 1220 2197 1306; x_wconf 86' lang='lat' dir='ltr'><strong>aliquibus</strong></span> <span class='ocrx_word' id='word_1_81' title='bbox 2237 1243 2342 1289; x_wconf 84' lang='lat' dir='ltr'><strong>ve-</strong></span> 
     </span>
     <span class='ocr_line' id='line_1_10' title="bbox 221 1320 2338 1411; baseline 0 -25"><span class='ocrx_word' id='word_1_82' title='bbox 221 1321 303 1387; x_wconf 89' lang='lat' dir='ltr'><strong>ris</strong></span> <span class='ocrx_word' id='word_1_83' title='bbox 332 1320 502 1396; x_wconf 88' lang='lat' dir='ltr'><strong>fidei,</strong></span> <span class='ocrx_word' id='word_1_84' title='bbox 557 1339 711 1407; x_wconf 85' lang='lat' dir='ltr'><strong>quae</strong></span> <span class='ocrx_word' id='word_1_85' title='bbox 749 1322 809 1384; x_wconf 93' lang='lat' dir='ltr'><strong>in</strong></span> <span class='ocrx_word' id='word_1_86' title='bbox 852 1320 1229 1406; x_wconf 88' lang='lat' dir='ltr'><strong>procedendo</strong></span> <span class='ocrx_word' id='word_1_87' title='bbox 1256 1322 1649 1387; x_wconf 75' lang='lat' dir='ltr'><strong>vertebantur</strong></span> <span class='ocrx_word' id='word_1_88' title='bbox 1683 1322 1743 1385; x_wconf 90' lang='lat' dir='ltr'><strong>in</strong></span> <span class='ocrx_word' id='word_1_89' title='bbox 1777 1321 1924 1385; x_wconf 85' lang='lat' dir='ltr'><strong>salsa</strong></span> <span class='ocrx_word' id='word_1_90' title='bbox 1955 1321 2111 1387; x_wconf 85' lang='lat' dir='ltr'><strong>veris</strong></span> <span class='ocrx_word' id='word_1_91' title='bbox 2150 1345 2338 1411; x_wconf 90' lang='lat' dir='ltr'><strong>oppo-</strong></span> 
     </span>
     <span class='ocr_line' id='line_1_11' title="bbox 219 1421 2338 1511; baseline 0.001 -24"><span class='ocrx_word' id='word_1_92' title='bbox 219 1421 372 1487; x_wconf 87' lang='lat' dir='ltr'><strong>sita:</strong></span> <span class='ocrx_word' id='word_1_93' title='bbox 426 1423 549 1507; x_wconf 90' lang='lat' dir='ltr'><strong>ipsa</strong></span> <span class='ocrx_word' id='word_1_94' title='bbox 577 1422 734 1485; x_wconf 88' lang='lat' dir='ltr'><strong>enim</strong></span> <span class='ocrx_word' id='word_1_95' title='bbox 773 1421 968 1486; x_wconf 81' lang='lat' dir='ltr'><strong>forma</strong></span> <span class='ocrx_word' id='word_1_96' title='bbox 1008 1423 1300 1510; x_wconf 88' lang='lat' dir='ltr'><strong>recipiens</strong></span> <span class='ocrx_word' id='word_1_97' title='bbox 1339 1423 1521 1488; x_wconf 87' lang='lat' dir='ltr'><strong>vertit</strong></span> <span class='ocrx_word' id='word_1_98' title='bbox 1557 1422 1882 1488; x_wconf 85' lang='lat' dir='ltr'><strong>incidentia</strong></span> <span class='ocrx_word' id='word_1_99' title='bbox 1922 1421 1982 1484; x_wconf 91' lang='lat' dir='ltr'><strong>in</strong></span> <span class='ocrx_word' id='word_1_100' title='bbox 2021 1424 2139 1488; x_wconf 89' lang='lat' dir='ltr'><strong>tale</strong></span> <span class='ocrx_word' id='word_1_101' title='bbox 2178 1424 2338 1511; x_wconf 91' lang='lat' dir='ltr'><strong>quod</strong></span> 
     </span>
     <span class='ocr_line' id='line_1_12' title="bbox 216 1522 1097 1587; baseline -0.001 0"><span class='ocrx_word' id='word_1_102' title='bbox 216 1522 332 1587; x_wconf 86' lang='lat' dir='ltr'><strong>sibi</strong></span> <span class='ocrx_word' id='word_1_103' title='bbox 374 1522 714 1587; x_wconf 87' lang='lat' dir='ltr'><strong>concordat.</strong></span> <span class='ocrx_word' id='word_1_104' title='bbox 1091 1541 1097 1546; x_wconf 83' lang='grc'><strong>’</strong></span> 
     </span>
    </p>
   </div>
   <div class='ocr_carea' id='block_1_3' title="bbox 228 1745 2343 1946">
    <p class='ocr_par' dir='ltr' id='par_1_3' title="bbox 228 1745 2343 1946">
     <span class='ocr_line' id='line_1_13' title="bbox 228 1745 2343 1843; baseline 0 -29"><span class='ocrx_word' id='word_1_105' title='bbox 228 1750 420 1834; x_wconf 81' lang='lat' dir='ltr'><strong>Quod</strong></span> <span class='ocrx_word' id='word_1_106' title='bbox 469 1774 642 1815; x_wconf 82' lang='lat' dir='ltr'><strong>omne</strong></span> <span class='ocrx_word' id='word_1_107' title='bbox 695 1745 1013 1843; x_wconf 76' lang='lat' dir='ltr'><strong>spirituale</strong></span> <span class='ocrx_word' id='word_1_108' title='bbox 1065 1749 1385 1816; x_wconf 76' lang='lat' dir='ltr'><strong>Ecclesiae</strong></span> <span class='ocrx_word' id='word_1_109' title='bbox 1437 1750 1607 1843; x_wconf 88' lang='lat' dir='ltr'><strong>quod</strong></span> <span class='ocrx_word' id='word_1_110' title='bbox 1658 1754 1721 1815; x_wconf 85' lang='lat' dir='ltr'><strong>in</strong></span> <span class='ocrx_word' id='word_1_111' title='bbox 1773 1748 1963 1816; x_wconf 86' lang='lat' dir='ltr'><strong>libero</strong></span> <span class='ocrx_word' id='word_1_112' title='bbox 2018 1752 2234 1826; x_wconf 81' lang='lat' dir='ltr'><strong>intrat,</strong></span> <span class='ocrx_word' id='word_1_113' title='bbox 2284 1762 2343 1814; x_wconf 84' lang='lat' dir='ltr'><strong>et</strong></span> 
     </span>
     <span class='ocr_line' id='line_1_14' title="bbox 309 1848 2252 1946; baseline -0.001 -31"><span class='ocrx_word' id='word_1_114' title='bbox 309 1874 394 1916; x_wconf 83' lang='lat' dir='ltr'><strong>ex</strong></span> <span class='ocrx_word' id='word_1_115' title='bbox 438 1848 626 1916; x_wconf 86' lang='lat' dir='ltr'><strong>libero</strong></span> <span class='ocrx_word' id='word_1_116' title='bbox 671 1856 979 1945; x_wconf 83' lang='lat' dir='ltr'><strong>recipitur,</strong></span> <span class='ocrx_word' id='word_1_117' title='bbox 1034 1866 1307 1928; x_wconf 85' lang='lat' dir='ltr'><strong>maneat,·</strong></span> <span class='ocrx_word' id='word_1_118' title='bbox 1359 1875 1485 1946; x_wconf 69' lang='lat' dir='ltr'><strong>noa</strong></span> <span class='ocrx_word' id='word_1_119' title='bbox 1522 1866 1721 1917; x_wconf 80' lang='lat' dir='ltr'><strong>autem</strong></span> <span class='ocrx_word' id='word_1_120' title='bbox 1759 1849 1929 1944; x_wconf 88' lang='lat' dir='ltr'><strong>quod</strong></span> <span class='ocrx_word' id='word_1_121' title='bbox 1961 1854 2252 1915; x_wconf 82' lang='lat' dir='ltr'><strong>vicissim.</strong></span> 
     </span>
    </p>
   </div>
   <div class='ocr_carea' id='block_1_4' title="bbox 210 2026 2339 4332">
    <p class='ocr_par' dir='ltr' id='par_1_4' title="bbox 210 2026 2339 4332">
     <span class='ocr_line' id='line_1_15' title="bbox 252 2026 2337 2115; baseline 0 -25"><span class='ocrx_word' id='word_1_122' title='bbox 252 2055 265 2066; x_wconf 93' lang='lat'>·</span> <span class='ocrx_word' id='word_1_123' title='bbox 378 2028 528 2091; x_wconf 78' lang='lat'><strong>493.</strong></span> <span class='ocrx_word' id='word_1_124' title='bbox 584 2027 760 2107; x_wconf 85' lang='lat' dir='ltr'><strong>Quod</strong></span> <span class='ocrx_word' id='word_1_125' title='bbox 792 2029 950 2115; x_wconf 89' lang='lat' dir='ltr'><strong>apud</strong></span> <span class='ocrx_word' id='word_1_126' title='bbox 994 2026 1293 2091; x_wconf 89' lang='lat' dir='ltr'><strong>hominem</strong></span> <span class='ocrx_word' id='word_1_127' title='bbox 1336 2026 1876 2114; x_wconf 85' lang='lat' dir='ltr'><strong>maneat.id.quod</strong></span> <span class='ocrx_word' id='word_1_128' title='bbox 1915 2049 1988 2092; x_wconf 84' lang='lat' dir='ltr'><strong>ex</strong></span> <span class='ocrx_word' id='word_1_129' title='bbox 2028 2028 2218 2092; x_wconf 88' lang='lat' dir='ltr'><strong>libero</strong></span> <span class='ocrx_word' id='word_1_130' title='bbox 2260 2027 2337 2091; x_wconf 89' lang='lat' dir='ltr'><strong>ab</strong></span> 
     </span>
     <span class='ocr_line' id='line_1_16' title="bbox 217 2127 2337 2216; baseline 0 -26"><span class='ocrx_word' id='word_1_131' title='bbox 217 2127 326 2190; x_wconf 91' lang='lat' dir='ltr'><strong>illo</strong></span> <span class='ocrx_word' id='word_1_132' title='bbox 354 2129 655 2214; x_wconf 85' lang='lat' dir='ltr'><strong>recipitur,</strong></span> <span class='ocrx_word' id='word_1_133' title='bbox 708 2140 798 2193; x_wconf 88' lang='lat' dir='ltr'><strong>est</strong></span> <span class='ocrx_word' id='word_1_134' title='bbox 826 2128 964 2216; x_wconf 88' lang='lat' dir='ltr'><strong>quia</strong></span> <span class='ocrx_word' id='word_1_135' title='bbox 995 2128 1276 2191; x_wconf 90' lang='lat' dir='ltr'><strong>Liberum</strong></span> <span class='ocrx_word' id='word_1_136' title='bbox 1304 2138 1393 2192; x_wconf 89' lang='lat' dir='ltr'><strong>est</strong></span> <span class='ocrx_word' id='word_1_137' title='bbox 1419 2128 1760 2194; x_wconf 86' lang='lat' dir='ltr'><strong>Voluntatis</strong></span> <span class='ocrx_word' id='word_1_138' title='bbox 1788 2128 1911 2214; x_wconf 86' lang='lat' dir='ltr'><strong>ejus</strong></span> <span class='ocrx_word' id='word_1_139' title='bbox 1929 2175 1946 2203; x_wconf 94' lang='lat'><strong>,</strong></span> <span class='ocrx_word' id='word_1_140' title='bbox 1992 2137 2051 2192; x_wconf 91' lang='lat' dir='ltr'><strong>et</strong></span> <span class='ocrx_word' id='word_1_141' title='bbox 2080 2129 2218 2215; x_wconf 88' lang='lat' dir='ltr'><strong>quia</strong></span> <span class='ocrx_word' id='word_1_142' title='bbox 2248 2137 2337 2193; x_wconf 90' lang='lat' dir='ltr'><strong>est</strong></span> 
     </span>
     <span class='ocr_line' id='line_1_17' title="bbox 218 2226 2337 2314; baseline -0 -20"><span class='ocrx_word' id='word_1_143' title='bbox 218 2226 619 2303; x_wconf 55' lang='lat' dir='ltr'><strong>Voluntatis,</strong></span> <span class='ocrx_word' id='word_1_144' title='bbox 652 2229 830 2292; x_wconf 87' lang='lat' dir='ltr'><strong>etiam</strong></span> <span class='ocrx_word' id='word_1_145' title='bbox 861 2238 948 2292; x_wconf 90' lang='lat' dir='ltr'><strong>est</strong></span> <span class='ocrx_word' id='word_1_146' title='bbox 975 2229 1196 2294; x_wconf 88' lang='lat' dir='ltr'><strong>amoris</strong></span> <span class='ocrx_word' id='word_1_147' title='bbox 1223 2228 1386 2314; x_wconf 87' lang='lat' dir='ltr'><strong>ejus,</strong></span> <span class='ocrx_word' id='word_1_148' title='bbox 1437 2249 1575 2292; x_wconf 89' lang='lat' dir='ltr'><strong>nam</strong></span> <span class='ocrx_word' id='word_1_149' title='bbox 1608 2230 1768 2314; x_wconf 88' lang='lat' dir='ltr'><strong>quod</strong></span> <span class='ocrx_word' id='word_1_150' title='bbox 1812 2229 2088 2293; x_wconf 87' lang='lat' dir='ltr'><strong>voluntas</strong></span> <span class='ocrx_word' id='word_1_151' title='bbox 2128 2230 2201 2294; x_wconf 87' lang='lat' dir='ltr'><strong>sit</strong></span> <span class='ocrx_word' id='word_1_152' title='bbox 2244 2250 2337 2293; x_wconf 89' lang='lat' dir='ltr'><strong>re·</strong></span> 
     </span>
     <span class='ocr_line' id='line_1_18' title="bbox 225 2328 2336 2415; baseline 0.001 -23"><span class='ocrx_word' id='word_1_153' title='bbox 225 2329 599 2414; x_wconf 87' lang='lat' dir='ltr'><strong>ceptaculum</strong></span> <span class='ocrx_word' id='word_1_154' title='bbox 628 2329 878 2405; x_wconf 84' lang='lat' dir='ltr'><strong>amoris,</strong></span> <span class='ocrx_word' id='word_1_155' title='bbox 932 2328 1070 2393; x_wconf 90' lang='lat' dir='ltr'><strong>alibi</strong></span> <span class='ocrx_word' id='word_1_156' title='bbox 1102 2336 1399 2396; x_wconf 86' lang='lat' dir='ltr'><strong>ostensum</strong></span> <span class='ocrx_word' id='word_1_157' title='bbox 1430 2339 1547 2402; x_wconf 86' lang='lat' dir='ltr'><strong>est;</strong></span> <span class='ocrx_word' id='word_1_158' title='bbox 1604 2329 1763 2415; x_wconf 89' lang='lat' dir='ltr'><strong>quod</strong></span> <span class='ocrx_word' id='word_1_159' title='bbox 1793 2349 1968 2394; x_wconf 87' lang='lat' dir='ltr'><strong>omne</strong></span> <span class='ocrx_word' id='word_1_160' title='bbox 1996 2329 2055 2394; x_wconf 90' lang='lat' dir='ltr'><strong>id</strong></span> <span class='ocrx_word' id='word_1_161' title='bbox 2085 2330 2336 2395; x_wconf 87' lang='lat' dir='ltr'><strong>liberum</strong></span> 
     </span>
     <span class='ocr_line' id='line_1_19' title="bbox 223 2427 2336 2519; baseline 0.001 -27"><span class='ocrx_word' id='word_1_162' title='bbox 223 2427 300 2492; x_wconf 88' lang='lat' dir='ltr'><strong>sit</strong></span> <span class='ocrx_word' id='word_1_163' title='bbox 331 2428 493 2514; x_wconf 88' lang='lat' dir='ltr'><strong>quod</strong></span> <span class='ocrx_word' id='word_1_164' title='bbox 519 2440 606 2493; x_wconf 89' lang='lat' dir='ltr'><strong>est</strong></span> <span class='ocrx_word' id='word_1_165' title='bbox 636 2431 885 2506; x_wconf 86' lang='lat' dir='ltr'><strong>amoris,</strong></span> <span class='ocrx_word' id='word_1_166' title='bbox 940 2439 997 2492; x_wconf 87' lang='lat' dir='ltr'><strong>et</strong></span> <span class='ocrx_word' id='word_1_167' title='bbox 1029 2429 1183 2518; x_wconf 85' lang='lat' dir='ltr'><strong>quod</strong></span> <span class='ocrx_word' id='word_1_168' title='bbox 1213 2428 1327 2495; x_wconf 82' lang='lat' dir='ltr'><strong>hoo</strong></span> <span class='ocrx_word' id='word_1_169' title='bbox 1353 2432 1530 2497; x_wconf 86' lang='lat' dir='ltr'><strong>etiam</strong></span> <span class='ocrx_word' id='word_1_170' title='bbox 1558 2431 1631 2494; x_wconf 90' lang='lat' dir='ltr'><strong>sit</strong></span> <span class='ocrx_word' id='word_1_171' title='bbox 1661 2431 2036 2507; x_wconf 87' lang='lat' dir='ltr'><strong>Voluntatis,</strong></span> <span class='ocrx_word' id='word_1_172' title='bbox 2088 2432 2336 2519; x_wconf 84' lang='lat' dir='ltr'><strong>quisque</strong></span> 
     </span>
     <span class='ocr_line' id='line_1_20' title="bbox 219 2528 2337 2621; baseline 0.004 -31"><span class='ocrx_word' id='word_1_173' title='bbox 219 2528 531 2615; x_wconf 83' lang='lat' dir='ltr'><strong>intelligit,</strong></span> <span class='ocrx_word' id='word_1_174' title='bbox 584 2552 717 2594; x_wconf 90' lang='lat' dir='ltr'><strong>cum</strong></span> <span class='ocrx_word' id='word_1_175' title='bbox 759 2532 1004 2606; x_wconf 87' lang='lat' dir='ltr'><strong>dicitur,</strong></span> <span class='ocrx_word' id='word_1_176' title='bbox 1062 2532 1199 2595; x_wconf 85' lang='lat' dir='ltr'><strong>Hoc</strong></span> <span class='ocrx_word' id='word_1_177' title='bbox 1225 2532 1739 2621; x_wconf 79' lang='lat' dir='ltr'><strong>volo-quiaamo,</strong></span> <span class='ocrx_word' id='word_1_178' title='bbox 1792 2541 1851 2594; x_wconf 90' lang='lat' dir='ltr'><strong>et</strong></span> <span class='ocrx_word' id='word_1_179' title='bbox 1878 2553 2120 2619; x_wconf 88' lang='lat' dir='ltr'><strong>quoque</strong></span> <span class='ocrx_word' id='word_1_180' title='bbox 2163 2534 2337 2600; x_wconf 79' lang='lat' dir='ltr'><strong>vicis-</strong></span> 
     </span>
     <span class='ocr_line' id='line_1_21' title="bbox 218 2628 2339 2719; baseline 0.002 -25"><span class='ocrx_word' id='word_1_181' title='bbox 218 2628 367 2704; x_wconf 86' lang='lat' dir='ltr'><strong>sim,</strong></span> <span class='ocrx_word' id='word_1_182' title='bbox 437 2629 551 2694; x_wconf 90' lang='lat' dir='ltr'><strong>hoc</strong></span> <span class='ocrx_word' id='word_1_183' title='bbox 606 2633 743 2719; x_wconf 90' lang='lat' dir='ltr'><strong>quia</strong></span> <span class='ocrx_word' id='word_1_184' title='bbox 790 2646 925 2696; x_wconf 87' lang='lat' dir='ltr'><strong>amo</strong></span> <span class='ocrx_word' id='word_1_185' title='bbox 970 2632 1151 2696; x_wconf 89' lang='lat' dir='ltr'><strong>etiam</strong></span> <span class='ocrx_word' id='word_1_186' title='bbox 1217 2634 1389 2697; x_wconf 84' lang='lat' dir='ltr'><strong>volo:</strong></span> <span class='ocrx_word' id='word_1_187' title='bbox 1472 2631 1573 2697; x_wconf 90' lang='lat' dir='ltr'><strong>sed</strong></span> <span class='ocrx_word' id='word_1_188' title='bbox 1603 2631 1877 2697; x_wconf 72' lang='lat' dir='ltr'><strong>bominis</strong></span> <span class='ocrx_word' id='word_1_189' title='bbox 1923 2633 2202 2698; x_wconf 87' lang='lat' dir='ltr'><strong>voluntas</strong></span> <span class='ocrx_word' id='word_1_190' title='bbox 2248 2642 2339 2698; x_wconf 83' lang='lat' dir='ltr'><strong>est</strong></span> 
     </span>
     <span class='ocr_line' id='line_1_22' title="bbox 218 2729 2336 2815; baseline 0.002 -22"><span class='ocrx_word' id='word_1_191' title='bbox 218 2729 467 2815; x_wconf 83' lang='lat' dir='ltr'><strong>duplex,</strong></span> <span class='ocrx_word' id='word_1_192' title='bbox 522 2731 775 2797; x_wconf 86' lang='lat' dir='ltr'><strong>interior</strong></span> <span class='ocrx_word' id='word_1_193' title='bbox 809 2743 868 2797; x_wconf 91' lang='lat' dir='ltr'><strong>et</strong></span> <span class='ocrx_word' id='word_1_194' title='bbox 912 2733 1206 2808; x_wconf 84' lang='lat' dir='ltr'><strong>exterior,</strong></span> <span class='ocrx_word' id='word_1_195' title='bbox 1261 2756 1365 2798; x_wconf 89' lang='lat' dir='ltr'><strong>seu</strong></span> <span class='ocrx_word' id='word_1_196' title='bbox 1409 2734 1635 2811; x_wconf 72' lang='lat' dir='ltr'><strong>Interni</strong></span> <span class='ocrx_word' id='word_1_197' title='bbox 1677 2743 1737 2798; x_wconf 90' lang='lat' dir='ltr'><strong>et</strong></span> <span class='ocrx_word' id='word_1_198' title='bbox 1778 2733 2019 2798; x_wconf 87' lang='lat' dir='ltr'><strong>Externi</strong></span> <span class='ocrx_word' id='word_1_199' title='bbox 2060 2732 2336 2810; x_wconf 83' lang='lat' dir='ltr'><strong>hominis,</strong></span> 
     </span>
     <span class='ocr_line' id='line_1_23' title="bbox 218 2830 2332 2924; baseline 0.002 -31"><span class='ocrx_word' id='word_1_200' title='bbox 218 2851 405 2918; x_wconf 82' lang='lat' dir='ltr'><strong>quare</strong></span> <span class='ocrx_word' id='word_1_201' title='bbox 460 2843 653 2918; x_wconf 86' lang='lat' dir='ltr'><strong>potest</strong></span> <span class='ocrx_word' id='word_1_202' title='bbox 709 2833 891 2897; x_wconf 84' lang='lat' dir='ltr'><strong>homo</strong></span> <span class='ocrx_word' id='word_1_203' title='bbox 938 2830 1310 2924; x_wconf 82' lang='lat' dir='ltr'><strong>sycophanta</strong></span> <span class='ocrx_word' id='word_1_204' title='bbox 1362 2836 1536 2899; x_wconf 87' lang='lat' dir='ltr'><strong>aliter</strong></span> <span class='ocrx_word' id='word_1_205' title='bbox 1582 2854 1764 2921; x_wconf 79' lang='lat' dir='ltr'><strong>agere</strong></span> <span class='ocrx_word' id='word_1_206' title='bbox 1813 2843 1872 2897; x_wconf 90' lang='lat' dir='ltr'><strong>et</strong></span> <span class='ocrx_word' id='word_1_207' title='bbox 1916 2835 2081 2922; x_wconf 87' lang='lat' dir='ltr'><strong>loqui</strong></span> <span class='ocrx_word' id='word_1_208' title='bbox 2129 2855 2332 2898; x_wconf 87' lang='lat' dir='ltr'><strong>coram</strong></span> 
     </span>
     <span class='ocr_line' id='line_1_24' title="bbox 218 2932 2338 3021; baseline 0 -25"><span class='ocrx_word' id='word_1_209' title='bbox 218 2932 478 3008; x_wconf 89' lang='lat' dir='ltr'><strong>Mundo,</strong></span> <span class='ocrx_word' id='word_1_210' title='bbox 532 2944 591 2997; x_wconf 92' lang='lat' dir='ltr'><strong>et</strong></span> <span class='ocrx_word' id='word_1_211' title='bbox 634 2935 804 2998; x_wconf 88' lang='lat' dir='ltr'><strong>aliter</strong></span> <span class='ocrx_word' id='word_1_212' title='bbox 852 2957 984 2998; x_wconf 87' lang='lat' dir='ltr'><strong>cum</strong></span> <span class='ocrx_word' id='word_1_213' title='bbox 1025 2934 1448 3007; x_wconf 84' lang='lat' dir='ltr'><strong>familiaribus;</strong></span> <span class='ocrx_word' id='word_1_214' title='bbox 1503 2956 1704 2999; x_wconf 83' lang='lat' dir='ltr'><strong>coram</strong></span> <span class='ocrx_word' id='word_1_215' title='bbox 1734 2934 1965 2999; x_wconf 90' lang='lat' dir='ltr'><strong>Mundo</strong></span> <span class='ocrx_word' id='word_1_216' title='bbox 2009 2935 2130 3021; x_wconf 78' lang='lat' dir='ltr'><strong>agit</strong></span> <span class='ocrx_word' id='word_1_217' title='bbox 2162 2944 2222 3011; x_wconf 79' lang='lat' dir='ltr'><strong>et</strong></span> <span class='ocrx_word' id='word_1_218' title='bbox 2250 2935 2338 2998; x_wconf 89' lang='lat' dir='ltr'><strong>lo·</strong></span> 
     </span>
     <span class='ocr_line' id='line_1_25' title="bbox 216 3030 2337 3119; baseline 0.001 -22"><span class='ocrx_word' id='word_1_219' title='bbox 216 3033 422 3119; x_wconf 88' lang='lat' dir='ltr'><strong>quitur</strong></span> <span class='ocrx_word' id='word_1_220' title='bbox 458 3055 530 3098; x_wconf 85' lang='lat' dir='ltr'><strong>ex</strong></span> <span class='ocrx_word' id='word_1_221' title='bbox 569 3035 880 3099; x_wconf 87' lang='lat' dir='ltr'><strong>voluntate</strong></span> <span class='ocrx_word' id='word_1_222' title='bbox 912 3036 1151 3100; x_wconf 83' lang='lat' dir='ltr'><strong>Externi</strong></span> <span class='ocrx_word' id='word_1_223' title='bbox 1196 3039 1285 3107; x_wconf 86' lang='lat' dir='ltr'><strong>sui</strong></span> <span class='ocrx_word' id='word_1_224' title='bbox 1332 3035 1619 3112; x_wconf 85' lang='lat' dir='ltr'><strong>bominis,</strong></span> <span class='ocrx_word' id='word_1_225' title='bbox 1672 3045 1731 3099; x_wconf 94' lang='lat' dir='ltr'><strong>et</strong></span> <span class='ocrx_word' id='word_1_226' title='bbox 1776 3056 1907 3098; x_wconf 88' lang='lat' dir='ltr'><strong>cum</strong></span> <span class='ocrx_word' id='word_1_227' title='bbox 1942 3030 2337 3100; x_wconf 85' lang='lat' dir='ltr'><strong>familiaribus</strong></span> 
     </span>
     <span class='ocr_line' id='line_1_26' title="bbox 214 3126 2333 3222; baseline 0.001 -27"><span class='ocrx_word' id='word_1_228' title='bbox 214 3153 286 3196; x_wconf 87' lang='lat' dir='ltr'><strong>ex</strong></span> <span class='ocrx_word' id='word_1_229' title='bbox 315 3126 641 3199; x_wconf 76' lang='lat' dir='ltr'><strong>voluntate</strong></span> <span class='ocrx_word' id='word_1_230' title='bbox 672 3134 932 3208; x_wconf 85' lang='lat' dir='ltr'><strong>Interni;</strong></span> <span class='ocrx_word' id='word_1_231' title='bbox 985 3137 1087 3200; x_wconf 92' lang='lat' dir='ltr'><strong>sed</strong></span> <span class='ocrx_word' id='word_1_232' title='bbox 1112 3135 1208 3201; x_wconf 90' lang='lat' dir='ltr'><strong>hic</strong></span> <span class='ocrx_word' id='word_1_233' title='bbox 1240 3135 1912 3222; x_wconf 79' lang='lat' dir='ltr'><strong>intelligitur-Voluntas</strong></span> <span class='ocrx_word' id='word_1_234' title='bbox 1955 3136 2182 3200; x_wconf 84' lang='lat' dir='ltr'><strong>luterni</strong></span> <span class='ocrx_word' id='word_1_235' title='bbox 2222 3133 2333 3198; x_wconf 81' lang='lat' dir='ltr'><strong>ho-</strong></span> 
     </span>
     <span class='ocr_line' id='line_1_27' title="bbox 213 3232 2329 3323; baseline 0.001 -27"><span class='ocrx_word' id='word_1_236' title='bbox 213 3232 407 3309; x_wconf 86' lang='lat' dir='ltr'><strong>minis,</strong></span> <span class='ocrx_word' id='word_1_237' title='bbox 460 3235 562 3299; x_wconf 88' lang='lat' dir='ltr'><strong>ubi</strong></span> <span class='ocrx_word' id='word_1_238' title='bbox 591 3245 678 3301; x_wconf 90' lang='lat' dir='ltr'><strong>est</strong></span> <span class='ocrx_word' id='word_1_239' title='bbox 705 3256 962 3323; x_wconf 80' lang='lat' dir='ltr'><strong>regnans</strong></span> <span class='ocrx_word' id='word_1_240' title='bbox 991 3238 1116 3322; x_wconf 86' lang='lat' dir='ltr'><strong>ejus</strong></span> <span class='ocrx_word' id='word_1_241' title='bbox 1142 3258 1331 3303; x_wconf 88' lang='lat' dir='ltr'><strong>amor.</strong></span> <span class='ocrx_word' id='word_1_242' title='bbox 1390 3237 1480 3302; x_wconf 86' lang='lat' dir='ltr'><strong>Ex</strong></span> <span class='ocrx_word' id='word_1_243' title='bbox 1508 3235 1600 3300; x_wconf 92' lang='lat' dir='ltr'><strong>his</strong></span> <span class='ocrx_word' id='word_1_244' title='bbox 1632 3237 1831 3323; x_wconf 86' lang='lat' dir='ltr'><strong>paucis</strong></span> <span class='ocrx_word' id='word_1_245' title='bbox 1856 3245 2125 3310; x_wconf 85' lang='lat' dir='ltr'><strong>constat,</strong></span> <span class='ocrx_word' id='word_1_246' title='bbox 2168 3235 2329 3322; x_wconf 91' lang='lat' dir='ltr'><strong>quod</strong></span> 
     </span>
     <span class='ocr_line' id='line_1_28' title="bbox 212 3335 2329 3424; baseline 0.001 -27"><span class='ocrx_word' id='word_1_247' title='bbox 212 3335 463 3400; x_wconf 89' lang='lat' dir='ltr'><strong>interior</strong></span> <span class='ocrx_word' id='word_1_248' title='bbox 490 3337 782 3402; x_wconf 87' lang='lat' dir='ltr'><strong>Voluntas</strong></span> <span class='ocrx_word' id='word_1_249' title='bbox 814 3337 892 3401; x_wconf 85' lang='lat' dir='ltr'><strong>sit</strong></span> <span class='ocrx_word' id='word_1_250' title='bbox 932 3339 1054 3424; x_wconf 87' lang='lat' dir='ltr'><strong>ipse</strong></span> <span class='ocrx_word' id='word_1_251' title='bbox 1095 3336 1309 3413; x_wconf 89' lang='lat' dir='ltr'><strong>bomo,</strong></span> <span class='ocrx_word' id='word_1_252' title='bbox 1360 3348 1450 3403; x_wconf 87' lang='lat' dir='ltr'><strong>est</strong></span> <span class='ocrx_word' id='word_1_253' title='bbox 1493 3337 1650 3401; x_wconf 90' lang='lat' dir='ltr'><strong>enim</strong></span> <span class='ocrx_word' id='word_1_254' title='bbox 1693 3336 1773 3398; x_wconf 92' lang='lat' dir='ltr'><strong>ibi</strong></span> <span class='ocrx_word' id='word_1_255' title='bbox 1813 3357 1941 3399; x_wconf 88' lang='lat' dir='ltr'><strong>esse</strong></span> <span class='ocrx_word' id='word_1_256' title='bbox 1981 3345 2040 3401; x_wconf 86' lang='lat' dir='ltr'><strong>et</strong></span> <span class='ocrx_word' id='word_1_257' title='bbox 2074 3335 2329 3400; x_wconf 81' lang='lat' dir='ltr'><strong>essentia</strong></span> 
     </span>
     <span class='ocr_line' id='line_1_29' title="bbox 214 3435 2331 3524; baseline 0.002 -26"><span class='ocrx_word' id='word_1_258' title='bbox 214 3435 374 3500; x_wconf 81' lang='lat' dir='ltr'><strong>vitae</strong></span> <span class='ocrx_word' id='word_1_259' title='bbox 428 3438 587 3523; x_wconf 86' lang='lat' dir='ltr'><strong>ejus,</strong></span> <span class='ocrx_word' id='word_1_260' title='bbox 657 3436 998 3504; x_wconf 80' lang='lat' dir='ltr'><strong>intellectus</strong></span> <span class='ocrx_word' id='word_1_261' title='bbox 1047 3446 1133 3503; x_wconf 90' lang='lat' dir='ltr'><strong>est</strong></span> <span class='ocrx_word' id='word_1_262' title='bbox 1177 3437 1372 3505; x_wconf 84' lang='lat' dir='ltr'><strong>forma</strong></span> <span class='ocrx_word' id='word_1_263' title='bbox 1420 3439 1582 3524; x_wconf 87' lang='lat' dir='ltr'><strong>ejus,</strong></span> <span class='ocrx_word' id='word_1_264' title='bbox 1655 3458 1762 3524; x_wconf 87' lang='lat' dir='ltr'><strong>per</strong></span> <span class='ocrx_word' id='word_1_265' title='bbox 1808 3457 1987 3523; x_wconf 87' lang='lat' dir='ltr'><strong>quam</strong></span> <span class='ocrx_word' id='word_1_266' title='bbox 2038 3435 2331 3502; x_wconf 84' lang='lat' dir='ltr'><strong>Voluntas</strong></span> 
     </span>
     <span class='ocr_line' id='line_1_30' title="bbox 212 3536 2334 3625; baseline 0.002 -27"><span class='ocrx_word' id='word_1_267' title='bbox 212 3557 383 3601; x_wconf 92' lang='lat' dir='ltr'><strong>suum</strong></span> <span class='ocrx_word' id='word_1_268' title='bbox 423 3552 690 3602; x_wconf 87' lang='lat' dir='ltr'><strong>amorem</strong></span> <span class='ocrx_word' id='word_1_269' title='bbox 733 3538 1025 3603; x_wconf 81' lang='lat' dir='ltr'><strong>visibilem</strong></span> <span class='ocrx_word' id='word_1_270' title='bbox 1067 3538 1242 3604; x_wconf 82' lang='lat' dir='ltr'><strong>sistit..</strong></span> <span class='ocrx_word' id='word_1_271' title='bbox 1290 3538 1487 3602; x_wconf 90' lang='lat' dir='ltr'><strong>Omne</strong></span> <span class='ocrx_word' id='word_1_272' title='bbox 1517 3536 1678 3625; x_wconf 92' lang='lat' dir='ltr'><strong>quod</strong></span> <span class='ocrx_word' id='word_1_273' title='bbox 1704 3536 1884 3603; x_wconf 90' lang='lat' dir='ltr'><strong>bomo</strong></span> <span class='ocrx_word' id='word_1_274' title='bbox 1914 3548 2106 3614; x_wconf 90' lang='lat' dir='ltr'><strong>amat,</strong></span> <span class='ocrx_word' id='word_1_275' title='bbox 2160 3547 2221 3601; x_wconf 90' lang='lat' dir='ltr'><strong>et</strong></span> <span class='ocrx_word' id='word_1_276' title='bbox 2261 3559 2334 3602; x_wconf 87' lang='lat' dir='ltr'><strong>ex</strong></span> 
     </span>
     <span class='ocr_line' id='line_1_31' title="bbox 212 3638 2335 3728; baseline 0.002 -28"><span class='ocrx_word' id='word_1_277' title='bbox 212 3657 419 3702; x_wconf 90' lang='lat' dir='ltr'><strong>amore</strong></span> <span class='ocrx_word' id='word_1_278' title='bbox 450 3638 606 3714; x_wconf 89' lang='lat' dir='ltr'><strong>vult,</strong></span> <span class='ocrx_word' id='word_1_279' title='bbox 661 3649 748 3703; x_wconf 88' lang='lat' dir='ltr'><strong>est</strong></span> <span class='ocrx_word' id='word_1_280' title='bbox 779 3640 1026 3704; x_wconf 89' lang='lat' dir='ltr'><strong>liberum</strong></span> <span class='ocrx_word' id='word_1_281' title='bbox 1045 3687 1062 3715; x_wconf 94' lang='lat'><strong>,</strong></span> <span class='ocrx_word' id='word_1_282' title='bbox 1115 3660 1254 3703; x_wconf 92' lang='lat' dir='ltr'><strong>nam</strong></span> <span class='ocrx_word' id='word_1_283' title='bbox 1285 3639 1566 3728; x_wconf 89' lang='lat' dir='ltr'><strong>quicquid</strong></span> <span class='ocrx_word' id='word_1_284' title='bbox 1600 3660 1672 3702; x_wconf 86' lang='lat' dir='ltr'><strong>ex</strong></span> <span class='ocrx_word' id='word_1_285' title='bbox 1700 3639 2040 3704; x_wconf 87' lang='lat' dir='ltr'><strong>Voluntatis</strong></span> <span class='ocrx_word' id='word_1_286' title='bbox 2066 3640 2335 3704; x_wconf 89' lang='lat' dir='ltr'><strong>internae</strong></span> 
     </span>
     <span class='ocr_line' id='line_1_32' title="bbox 212 3734 2334 3827; baseline 0 -25"><span class='ocrx_word' id='word_1_287' title='bbox 212 3757 420 3802; x_wconf 85' lang='lat' dir='ltr'><strong>amore</strong></span> <span class='ocrx_word' id='word_1_288' title='bbox 464 3739 766 3826; x_wconf 88' lang='lat' dir='ltr'><strong>procedit,</strong></span> <span class='ocrx_word' id='word_1_289' title='bbox 820 3750 908 3804; x_wconf 85' lang='lat' dir='ltr'><strong>est</strong></span> <span class='ocrx_word' id='word_1_290' title='bbox 951 3734 1272 3827; x_wconf 80' lang='lat' dir='ltr'><strong>jucundum</strong></span> <span class='ocrx_word' id='word_1_291' title='bbox 1332 3741 1489 3806; x_wconf 86' lang='lat' dir='ltr'><strong>vitae</strong></span> <span class='ocrx_word' id='word_1_292' title='bbox 1543 3741 1703 3827; x_wconf 84' lang='lat' dir='ltr'><strong>ejus;</strong></span> <span class='ocrx_word' id='word_1_293' title='bbox 1757 3749 1817 3804; x_wconf 90' lang='lat' dir='ltr'><strong>et</strong></span> <span class='ocrx_word' id='word_1_294' title='bbox 1863 3741 2001 3825; x_wconf 89' lang='lat' dir='ltr'><strong>quia</strong></span> <span class='ocrx_word' id='word_1_295' title='bbox 2046 3741 2201 3804; x_wconf 90' lang='lat' dir='ltr'><strong>idem</strong></span> <span class='ocrx_word' id='word_1_296' title='bbox 2244 3748 2334 3804; x_wconf 85' lang='lat' dir='ltr'><strong>est</strong></span> 
     </span>
     <span class='ocr_line' id='line_1_33' title="bbox 210 3838 2332 3930; baseline 0.001 -31"><span class='ocrx_word' id='word_1_297' title='bbox 210 3850 335 3902; x_wconf 76' lang='lat' dir='ltr'><strong>esse</strong></span> <span class='ocrx_word' id='word_1_298' title='bbox 386 3838 544 3904; x_wconf 80' lang='lat' dir='ltr'><strong>vitae</strong></span> <span class='ocrx_word' id='word_1_299' title='bbox 591 3841 747 3926; x_wconf 83' lang='lat' dir='ltr'><strong>ejus,</strong></span> <span class='ocrx_word' id='word_1_300' title='bbox 800 3850 888 3905; x_wconf 83' lang='lat' dir='ltr'><strong>est</strong></span> <span class='ocrx_word' id='word_1_301' title='bbox 933 3862 1172 3928; x_wconf 89' lang='lat' dir='ltr'><strong>quoque</strong></span> <span class='ocrx_word' id='word_1_302' title='bbox 1225 3841 1528 3930; x_wconf 89' lang='lat' dir='ltr'><strong>proprium</strong></span> <span class='ocrx_word' id='word_1_303' title='bbox 1571 3841 1734 3925; x_wconf 83' lang='lat' dir='ltr'><strong>ejus,</strong></span> <span class='ocrx_word' id='word_1_304' title='bbox 1797 3862 1950 3928; x_wconf 90' lang='lat' dir='ltr'><strong>quae</strong></span> <span class='ocrx_word' id='word_1_305' title='bbox 1997 3862 2176 3906; x_wconf 88' lang='lat' dir='ltr'><strong>causa</strong></span> <span class='ocrx_word' id='word_1_306' title='bbox 2224 3847 2332 3916; x_wconf 90' lang='lat' dir='ltr'><strong>est,</strong></span> 
     </span>
     <span class='ocr_line' id='line_1_34' title="bbox 211 3939 2330 4029; baseline 0 -28"><span class='ocrx_word' id='word_1_307' title='bbox 211 3939 370 4023; x_wconf 89' lang='lat' dir='ltr'><strong>quod</strong></span> <span class='ocrx_word' id='word_1_308' title='bbox 417 3940 477 4004; x_wconf 94' lang='lat' dir='ltr'><strong>id</strong></span> <span class='ocrx_word' id='word_1_309' title='bbox 521 3942 683 4026; x_wconf 90' lang='lat' dir='ltr'><strong>quod</strong></span> <span class='ocrx_word' id='word_1_310' title='bbox 731 3963 802 4006; x_wconf 81' lang='lat' dir='ltr'><strong>ex</strong></span> <span class='ocrx_word' id='word_1_311' title='bbox 853 3942 1043 4007; x_wconf 89' lang='lat' dir='ltr'><strong>libero</strong></span> <span class='ocrx_word' id='word_1_312' title='bbox 1091 3940 1265 4029; x_wconf 85' lang='lat' dir='ltr'><strong>hujus</strong></span> <span class='ocrx_word' id='word_1_313' title='bbox 1310 3941 1654 4010; x_wconf 86' lang='lat' dir='ltr'><strong>Voluntatis</strong></span> <span class='ocrx_word' id='word_1_314' title='bbox 1697 3941 2018 4029; x_wconf 90' lang='lat' dir='ltr'><strong>recipitur,</strong></span> <span class='ocrx_word' id='word_1_315' title='bbox 2070 3948 2330 4017; x_wconf 86' lang='lat' dir='ltr'><strong>maneat,</strong></span> 
     </span>
     <span class='ocr_line' id='line_1_35' title="bbox 215 4038 2328 4131; baseline 0 -30"><span class='ocrx_word' id='word_1_316' title='bbox 215 4038 376 4103; x_wconf 83' lang='lat' dir='ltr'><strong>addit</strong></span> <span class='ocrx_word' id='word_1_317' title='bbox 403 4042 560 4105; x_wconf 92' lang='lat' dir='ltr'><strong>enim</strong></span> <span class='ocrx_word' id='word_1_318' title='bbox 587 4063 651 4106; x_wconf 86' lang='lat' dir='ltr'><strong>se</strong></span> <span class='ocrx_word' id='word_1_319' title='bbox 677 4043 937 4131; x_wconf 88' lang='lat' dir='ltr'><strong>proprio.</strong></span> <span class='ocrx_word' id='word_1_320' title='bbox 994 4042 1376 4109; x_wconf 85' lang='lat' dir='ltr'><strong>Contrarium</strong></span> <span class='ocrx_word' id='word_1_321' title='bbox 1409 4052 1518 4119; x_wconf 90' lang='lat' dir='ltr'><strong>est,</strong></span> <span class='ocrx_word' id='word_1_322' title='bbox 1560 4042 1607 4107; x_wconf 88' lang='lat' dir='ltr'><strong>si</strong></span> <span class='ocrx_word' id='word_1_323' title='bbox 1636 4041 1856 4129; x_wconf 88' lang='lat' dir='ltr'><strong>aliquid</strong></span> <span class='ocrx_word' id='word_1_324' title='bbox 1886 4042 1947 4104; x_wconf 92' lang='lat' dir='ltr'><strong>in</strong></span> <span class='ocrx_word' id='word_1_325' title='bbox 1987 4063 2106 4105; x_wconf 89' lang='lat' dir='ltr'><strong>non</strong></span> <span class='ocrx_word' id='word_1_326' title='bbox 2137 4040 2328 4103; x_wconf 89' lang='lat' dir='ltr'><strong>libero</strong></span> 
     </span>
     <span class='ocr_line' id='line_1_36' title="bbox 214 4137 2213 4230; baseline 0.001 -30"><span class='ocrx_word' id='word_1_327' title='bbox 214 4137 494 4218; x_wconf 86' lang='lat' dir='ltr'><strong>infertur,</strong></span> <span class='ocrx_word' id='word_1_328' title='bbox 549 4140 668 4207; x_wconf 79' lang='lat' dir='ltr'><strong>boc</strong></span> <span class='ocrx_word' id='word_1_329' title='bbox 693 4164 815 4207; x_wconf 86' lang='lat' dir='ltr'><strong>non</strong></span> <span class='ocrx_word' id='word_1_330' title='bbox 859 4143 945 4208; x_wconf 83' lang='lat' dir='ltr'><strong>ita</strong></span> <span class='ocrx_word' id='word_1_331' title='bbox 966 4142 1284 4230; x_wconf 87' lang='lat' dir='ltr'><strong>recipitnr;</strong></span> <span class='ocrx_word' id='word_1_332' title='bbox 1338 4143 1445 4210; x_wconf 88' lang='lat' dir='ltr'><strong>sed</strong></span> <span class='ocrx_word' id='word_1_333' title='bbox 1475 4143 1548 4207; x_wconf 91' lang='lat' dir='ltr'><strong>de</strong></span> <span class='ocrx_word' id='word_1_334' title='bbox 1575 4141 1692 4208; x_wconf 84' lang='lat' dir='ltr'><strong>boc</strong></span> <span class='ocrx_word' id='word_1_335' title='bbox 1721 4143 1780 4206; x_wconf 92' lang='lat' dir='ltr'><strong>in</strong></span> <span class='ocrx_word' id='word_1_336' title='bbox 1805 4141 2213 4229; x_wconf 82' lang='lat' dir='ltr'><strong>sequentibus.</strong></span> 
     </span>
     <span class='ocr_line' id='line_1_37' title="bbox 360 4236 2327 4332; baseline -0.005 -27"><span class='ocrx_word' id='word_1_337' title='bbox 360 4243 506 4308; x_wconf 76' lang='lat'><strong>494.</strong></span> <span class='ocrx_word' id='word_1_338' title='bbox 560 4243 681 4308; x_wconf 89' lang='lat' dir='ltr'><strong>Sed</strong></span> <span class='ocrx_word' id='word_1_339' title='bbox 724 4243 910 4332; x_wconf 87' lang='lat' dir='ltr'><strong>probe</strong></span> <span class='ocrx_word' id='word_1_340' title='bbox 955 4244 1262 4315; x_wconf 83' lang='lat' dir='ltr'><strong>sciendum</strong></span> <span class='ocrx_word' id='word_1_341' title='bbox 1306 4253 1430 4320; x_wconf 91' lang='lat' dir='ltr'><strong>est,</strong></span> <span class='ocrx_word' id='word_1_342' title='bbox 1480 4242 1639 4331; x_wconf 84' lang='lat' dir='ltr'><strong>quod</strong></span> <span class='ocrx_word' id='word_1_343' title='bbox 1668 4240 2016 4332; x_wconf 76' lang='lat' dir='ltr'><strong>spiritualia</strong></span> <span class='ocrx_word' id='word_1_344' title='bbox 2045 4236 2228 4307; x_wconf 88' lang='lat' dir='ltr'><strong>Verbi</strong></span> <span class='ocrx_word' id='word_1_345' title='bbox 2269 4242 2327 4298; x_wconf 91' lang='lat' dir='ltr'><strong>et</strong></span> 
     </span>
    </p>
   </div>
  </div>
 </body>
</html>
