2750 4775
491 387 562 437 96
719 375 1176 430 UNIVERSA
1218 376 1749 429 THEOLoelA
1794 378 1859 429 N.
1903 374 1967 428 C.
2010 377 2114 428 ΕΤ
2156 375 2225 430 Ν.
2264 376 2330 429 Ε.

489 530 656 605 tales,
707 551 742 593 a
770 527 1176 595 serenitatibus
1202 530 1503 605 connatis,
1551 530 1802 593 irrueret
1830 550 1982 595 unus
2005 531 2067 593 in
2093 529 2379 604 alterum,
2431 538 2561 594 etse

488 641 696 695 mutuo
720 630 1115 706 trucidarent,
1169 640 1271 695 aut
1298 653 1483 717 usque
1516 631 1589 694 ad
1617 628 1925 695 femoralia
1956 630 2367 719 despoliarent.
2420 631 2565 711 Quot

487 753 562 796 ex
586 731 843 796 humano
875 751 1089 817 genere
1114 740 1271 808 sunt,
1322 733 1424 819 qui
1453 753 1572 795 non
1602 734 1723 796 nati
1747 742 1882 801 sunt
1907 735 2093 822 satyri
2120 743 2179 796 et
2207 731 2427 818 priapi,
2474 738 2565 795 aut

489 833 899 920 quadrupedes
939 832 1177 908 lacerti,
1231 843 1289 897 et
1316 834 1448 920 quis
1476 854 1593 895 non
1635 854 1706 903 ex
1733 831 1823 897 his
1848 843 1909 897 et
1932 833 2080 909 illis,
2135 834 2243 898 nisi
2271 852 2564 918 regenere-

488 944 639 1009 tur,·
670 933 735 998 fit
771 933 972 1007 simia;
1027 934 1328 998 moralitas
1368 945 1647 1009 externa,
1699 954 1851 1021 quae
1888 934 2207 998 addiscitur
2241 954 2417 998 causa
2442 953 2568 1018 ope·

483 1035 674 1099 riendi
696 1035 927 1100 interna
955 1055 1093 1109 sua,
1144 1032 1260 1099 hoc
1290 1035 1449 1100 facit.

637 1140 784 1200 575.
839 1133 1048 1214 Qualis
1083 1135 1262 1200 homo
1304 1158 1426 1200 non
1462 1145 1847 1221 regeneratus
1878 1145 2002 1212 est,
2055 1135 2304 1200 ulterius
2330 1133 2563 1198 describi

483 1246 673 1325 potest
717 1257 821 1323 per
859 1239 1328 1324 comparationes
1383 1246 1444 1300 et
1497 1235 1901 1301 similitudines
1941 1234 2078 1310 has,
2143 1236 2301 1325 apud
2342 1235 2561 1320 Esaiam

481 1338 912 1413 „Possidehunt
957 1337 1118 1404 illum
1159 1339 1351 1424 platea
1391 1347 1450 1402 et
1487 1338 1788 1412 anataria,
1841 1346 1901 1399 et
1929 1346 2176 1412 noctua,
2230 1358 2304 1401 ac
2349 1356 2562 1411 corvus,

481 1437 602 1517 „ihi
630 1439 1013 1511 habitabunt;
1067 1439 1342 1502 extendet
1365 1458 1542 1525 super
1568 1436 1730 1501 illum
1759 1437 1972 1502 lineam
2002 1438 2323 1516 inanitatis,
2357 1447 2417 1502 et
2444 1455 2562 1524 per·

481 1539 829 1629 „pendicula
858 1539 1177 1612 vastitatis3
1228 1539 1386 1603 unde
1427 1539 1743 1604 ascendent
1782 1539 1990 1604 altaria
2030 1539 2156 1626 ejus
2192 1541 2393 1626 spina,
2447 1557 2563 1601 car·

480 1640 669 1717 „duus
695 1650 752 1705 et
777 1640 957 1705 sentis
998 1640 1058 1702 iu
1100 1639 1524 1704 munitionibus
1548 1638 1707 1721 ejus,
1759 1648 1818 1703 et
1848 1638 1911 1705 fit
1939 1638 2343 1704 habitaculum
2371 1639 2562 1702 draco·

480 1763 690 1817 „num;
732 1741 944 1807 atrium
971 1739 1202 1805 filiabus
1227 1749 1509 1814 noctuae;
1547 1751 1975 1826 occurrentque
2001 1741 2155 1825 zijim
2183 1763 2323 1806 cum
2349 1739 2484 1825 ijim,
2509 1745 2562 1800 et

479 1852 754 1934 „satyrus
780 1841 941 1909 socio
973 1862 1080 1905 suo
1108 1841 1397 1916 obviabit,
1437 1841 1557 1905 imo
1583 1842 1841 1929 quiescet
1866 1841 1948 1905 ihi
1977 1842 2154 1915 lilitb;
2207 1843 2290 1906 ibi
2319 1837 2560 1907 nidifica-

479 1942 605 2019 „hit
633 1944 890 2018 merula,
944 1951 1004 2005 et
1038 1951 1246 2029 ponet,
1300 1951 1360 2005 et
1388 1942 1654 2029 colliget,
1705 1954 1763 2007 et
1790 1943 2060 2007 excludet
2089 1945 2148 2007 in
2178 1942 2390 2007 umbra
2429 1940 2557 2026 ejus,

478 2045 635 2120 „imo
673 2044 758 2107 ihi
804 2043 1327 2130 congregabuntur
1368 2043 1565 2120 milvi,
1633 2065 1783 2108 unus
1820 2065 1950 2108 cum
1984 2044 2147 2109 socio
2183 2053 2366 2118 suo;“
2427 2041 2552 2125 Cap.

476 2144 764 2210 XXXIV:
813 2148 909 2207 11.
959 2148 1056 2208 13.
1107 2148 1203 2208 14.
1256 2148 1350 2208 15.
2333 2168 2348 2179 ·

479 2368 663 2454 Quod
728 2394 882 2434 nova
950 2368 1274 2439 Generatio
1335 2398 1446 2438 seu
1511 2370 1750 2440 Cmatio
1800 2372 1937 2465 fiat
2000 2400 2041 2440 a
2094 2370 2243 2439 Solo
2309 2371 2551 2440 Domino

567 2493 681 2563 per
723 2469 1081 2538 Char-itatem
1133 2487 1190 2538 et
1237 2473 1443 2540 Fidem
1460 2525 1476 2553 ,
1531 2489 1595 2540 ut
1649 2475 1772 2541 duo
1817 2475 2065 2550 Media,
2113 2487 2468 2567 cooperante

1391 2575 1641 2641 homine.

627 2755 772 2815 57&
827 2752 1004 2833 Quod
1033 2752 1438 2837 Regeneratio
1464 2751 1566 2815 fiat
1601 2773 1634 2816 a
1665 2753 1924 2818 Domino
1968 2775 2072 2842 per
2098 2751 2462 2818 Charitatem
2497 2754 2550 2810 et

472 2850 710 2929 Fidem,
760 2854 1027 2940 sequitur
1066 2875 1137 2917 ex
1177 2852 1597 2919 demonstratis
1637 2855 1697 2917 iu
1729 2854 1909 2943 Capp.
1949 2855 2021 2916 de
2048 2852 2354 2920 Charitate
2393 2861 2450 2915 et
2483 2848 2547 2911 de

470 2952 635 3030 Fide,
689 2964 748 3018 et
774 2953 835 3017 in
861 2955 1052 3041 specie
1079 2954 1155 3017 ab
1186 2953 1301 3019 hoc
1326 2955 1440 3031 ibi,
1494 2954 1670 3034 Quod
1701 2955 2024 3031 Dominus,
2077 2953 2354 3020 Charitas
2382 2964 2438 3017 et
2462 2948 2548 3016 Fi-

469 3054 572 3118 des
612 3077 790 3119 unum
833 3054 1088 3131 iaciant,
1137 3055 1289 3119 sicut
1320 3057 1471 3132 vita,
1513 3057 1789 3121 voluntas
1816 3066 1874 3120 et
1906 3056 2262 3133 intellectus,
2319 3066 2376 3120 et
2404 3046 2546 3139 quod

467 3155 516 3218 si
555 3156 929 3229 dividuntur,
981 3158 1418 3244 unumquodvis
1456 3179 1528 3222 ex
1566 3157 1677 3221 illis
1705 3165 1938 3244 pereat,
1988 3158 2139 3221 sicut
2166 3157 2311 3220 uuio
2337 3156 2546 3239 dilapsa

466 3255 528 3322 in
558 3256 849 3343 pollinem.
899 3257 1068 3322 Haec
1094 3260 1232 3334 duo,
1262 3257 1537 3324 Charitas
1565 3268 1623 3321 et
1643 3258 1837 3335 Fides,
1864 3269 2154 3323 vocantur
2182 3258 2391 3333 media,
2419 3250 2545 3341 quia

467 3359 834 3445 conjungunt
852 3358 1151 3424 hominem
1179 3380 1312 3423 cum
1338 3358 1612 3436 Domino,
1642 3368 1702 3422 et
1725 3357 1967 3436 faciunt,
2010 3359 2166 3445 quod
2196 3358 2449 3424 charitas
2478 3350 2545 3417 sil

467 3454 741 3535 charitas,
782 3468 841 3522 et
871 3460 1029 3546 quod
1057 3459 1202 3523 fides
1227 3460 1301 3524 sit
1330 3458 1491 3534 fides,
1532 3468 1591 3523 et
1618 3458 1733 3523 hoc
1757 3459 1884 3525 fieri
1916 3480 2035 3524 non
2067 3470 2277 3545 potest,
2312 3459 2419 3524 nisi
2446 3454 2544 3520 he-

466 3580 564 3621 mo
589 3561 766 3625 etiam
796 3550 1022 3644 partem
1039 3558 1256 3622 habeat
1286 3560 1344 3621 in
1365 3558 1866 3644 Regenemtione,
1892 3583 2078 3647 quare
2102 3561 2317 3625 dicitur
2342 3572 2542 3643 coope-

465 3671 634 3724 rante
662 3658 920 3722 homine.
985 3658 1053 3720 ln
1081 3659 1641 3737 Transactionihus,
1693 3683 1844 3747 quae
1886 3662 2273 3750 praecedunt,
2328 3660 2542 3744 aliquo·

464 3761 573 3824 ties
617 3760 691 3822 de
745 3756 1162 3845 cooperatione
1214 3759 1466 3825 hominis
1510 3783 1642 3827 cum
1684 3763 1978 3838 Domino,
2045 3773 2242 3827 actum
2281 3771 2396 3833 est;
2445 3750 2540 3822 sed

462 3860 599 3945 quia
628 3859 800 3923 Mens
834 3857 1093 3926 humana
1133 3860 1265 3927 talis
1302 3872 1428 3939 est,
1480 3872 1545 3927 ut
1576 3885 1694 3928 non
1722 3863 1893 3928 aliter
1920 3864 2202 3952 percipiat
2227 3865 2318 3941 id,
2371 3872 2538 3948 quam

462 3959 621 4044 quod
647 3957 826 4023 homo
853 3980 925 4022 ex
953 3972 1179 4027 suamet
1209 3963 1469 4052 potentia
1502 3965 1560 4029 id
1591 3965 1831 4041 efficiat,
1885 3985 2068 4053 quare
2095 3963 2154 4028 id
2183 3966 2393 4031 iterum
2420 3958 2537 4023 illu·

459 4060 762 4124 strabitur.
816 4060 888 4125 In
913 4063 1073 4129 omni
1100 4075 1284 4143 motu,
1335 4076 1395 4131 et
1423 4065 1557 4130 inde
1584 4067 1647 4129 in
1682 4066 1841 4129 omni
1869 4066 2120 4142 actione,
2172 4075 2262 4131 est
2289 4062 2534 4131 activum

457 4169 518 4224 et
557 4160 883 4249 passivum,
934 4164 1050 4231 hoc
1089 4176 1204 4245 est,
1277 4168 1437 4254 quod
1479 4186 1664 4252 agens
1698 4175 1865 4252 agat,
1919 4188 1990 4231 ac
2032 4166 2259 4251 patiens
2299 4171 2434 4253 agat
2472 4174 2534 4221 εἰ

455 4273 698 4348 agente,
720 4325 725 4330 .
752 4265 887 4329 inde
913 4288 985 4331 ex
1012 4278 1263 4355 utroque
1289 4266 1355 4330 fit
1395 4287 1510 4329 una
1542 4267 1727 4341 actio;
1779 4268 2184 4355 comparative
2205 4268 2360 4333 sicut
2389 4256 2530 4328 mola
