2750 4775
397 363 513 413 556
643 347 1106 405 UMVERSA
1148 350 1683 403 THEOLOGIA
1732 349 1796 400 N.
1842 349 1905 404 C.
1948 350 2055 401 ΕΤ
2099 350 2169 403 Ν.
2214 349 2278 401 Ε.

960 553 1232 619 CAPUT
1283 553 1487 631 Vl²”'¹³,
1543 553 1650 618 DE
1703 551 1910 617 FIDE.

497 705 891 777 Pomm-103
947 701 1123 786 Quod
1159 704 1335 770 Fides
1360 704 1436 769 sit
1466 706 1719 791 primum
1752 715 2040 791 ternpore,
2078 712 2138 766 at
2169 705 2334 790 quod
2363 704 2521 770 Cha·

599 806 743 870 ritas
766 806 839 869 sit
871 806 1122 893 primum
1152 803 1300 881 fine,
1353 827 1423 868 n:
1480 808 1632 869 336.

451 930 505 990 1.
562 925 740 1010 Quod
786 924 961 989 Fides
1004 921 1266 988 salvifica
1310 925 1384 987 sit
1430 925 1489 987 in
1542 924 1859 987 Dominum
1905 921 2098 987 Deum
2135 921 2518 990 Salvatorem

597 1029 805 1091 Jesum
833 1024 1166 1097 Christum,
1221 1046 1293 1087 n:
1340 1026 1469 1088 337
1502 1025 1575 1087 ad
1607 1027 1755 1087 339.
2176 1045 2181 1052 ·

553 1164 649 1177 -
704 1127 1002 1208 Quoniam
1033 1135 1119 1189 est
1149 1125 1311 1188 Deus
1341 1125 1604 1202 visibilis,
1643 1126 1700 1187 in
1731 1146 1849 1210 quo
1879 1123 2205 1198 invisibilis,
2248 1146 2325 1187 n:
2372 1129 2519 1190 339.

450 1251 508 1309 2.
564 1245 738 1326 Quod
766 1245 941 1309 Fides
969 1245 1027 1306 in
1054 1264 1282 1308 summa
1312 1244 1417 1317 sit,
1466 1245 1627 1330 quod
1646 1244 1755 1330 ,qui
1793 1227 1944 1308 bene
1988 1245 2133 1307 vivit
2162 1253 2220 1307 et
2251 1245 2365 1308 rite
2395 1266 2523 1309 cre-

1006 1367 1018 1404 l
1546 1373 1560 1406 2
2015 1396 2026 1407 .

552 1345 1433 1528 :abiioffcig'rliiiii’nitaiiddiliri
1459 1344 2080 1531 Ῑὲευιῗιῗοείῗάᾼὲιὶῖίίο
2109 1445 2274 1531 quod
2301 1445 2518 1511 Funus

602 1548 719 1610 Dm
755 1546 861 1617 sit,
916 1568 987 1609 n:
1042 1549 1190 1608 342.

447 1671 508 1729 3.
566 1665 744 1743 Quod
787 1664 967 1729 bomo
1015 1664 1189 1727 fidem
1236 1662 1523 1748 accipiat,
1588 1684 1693 1749 per
1739 1663 1901 1749 quod
1955 1663 2130 1727 adeat
2172 1664 2515 1739 Dominum,

587 1768 899 1838 ‘Veritates
938 1788 1009 1828 ex
1046 1765 1242 1829 Verbo
1285 1765 1502 1837 discat,
1558 1774 1616 1826 et
1658 1763 1982 1827 seeundum
2029 1765 2159 1840 illas
2200 1766 2396 1840 vivat,
2448 1786 2512 1828 n:

607 1871 736 1932 343
767 1867 842 1931 ad
874 1870 1026 1930 348.
1774 1925 1781 1930 .

552 1999 646 2018 -—
705 1968 796 2030 De
825 1967 988 2030 Fidei
1025 1965 1180 2037 Esse;
1213 1965 1283 2029 de
1314 1965 1480 2029 Fidei
1511 1964 1801 2040 Essentia,
1830 1958 1929 2056 [de
1959 1964 2124 2028 Fidei
2147 1957 2517 2056 Existentia,]
2706 2031 2707 2034 ,

599 2067 673 2130 de
702 2066 867 2130 Fidei
897 2067 1107 2142 Statu,
1160 2076 1219 2128 et
1246 2067 1319 2129 de
1349 2065 1517 2129 Fidei
1542 2065 1797 2142 Forma,
1850 2087 1922 2127 n:
1981 2068 2109 2128 344
2158 2088 2283 2152 seq.
2698 2047 2707 2228 j

553 2202 648 2216 —
702 2167 794 2230 De
823 2166 968 2230 Fide
1010 2188 1169 2232 mere
1213 2167 1501 2242 naturali,
1552 2167 1713 2252 quod
1760 2166 1835 2231 sit
1874 2166 2177 2252 persuasio
2228 2167 2510 2230 mentiens

602 2267 810 2343 fidem,
861 2289 931 2329 n:
979 2270 1106 2329 345
1140 2268 1213 2330 ad
1247 2269 1398 2330 348.
2696 2235 2705 2326 l

451 2389 509 2450 4.
568 2386 743 2467 Quod
773 2386 958 2473 Copia
988 2386 1320 2454 veritatum
1348 2387 1502 2452 sicut
1540 2387 1600 2450 in
1638 2384 1797 2451 fasce
1827 2384 2508 2453 cohaerentium-exaltet

555 2556 564 2561 ‚
602 2496 659 2550 et
691 2487 1180 2575 perficiatdfidem,
1225 2509 1299 2549 n:
1348 2492 1472 2552 349
1502 2488 1577 2553 ad
1610 2489 1756 2552 354.

549 2631 648 2641 —
693 2588 875 2668 Quod
915 2589 1210 2656 veritates
1248 2586 1385 2653 fidei
1431 2588 1548 2653 sint
1587 2587 2060 2674 multiplicabiles
2099 2587 2161 2650 in
2201 2587 2507 2662 infinitum,

600 2711 669 2752 n:
717 2693 869 2753 350.

549 2833 648 2845 —-
701 2789 878 2871 Quod
908 2788 1210 2876 dispositio
1241 2787 1574 2854 veritatum
1610 2785 1743 2851 fidei
1782 2789 1857 2853 sit
1899 2788 1956 2850 in
1985 2786 2198 2864 series,
2252 2790 2337 2852 ita
2365 2789 2506 2854 sicut

598 2892 657 2954 in
688 2890 1028 2965 fasciculos,
1071 2911 1137 2951 n:
1184 2893 1333 2953 351.

549 3004 649 3043 -”
703 2992 879 3072 Quod
929 2989 1253 3061 secundum
1309 2978 1541 3076 copia'm
1586 2998 1648 3052 et
1691 2987 2135 3054 cohaerentiam
2179 2989 2505 3054 veritatum

600 3091 941 3179 perficiatur
979 3089 1155 3164 fides,
1212 3112 1282 3153 n:
1331 3092 1482 3153 35⁶2.
1513 3093 1661 3152 353.

549 3227 645 3243 —-
700 3193 876 3271 Quod
918 3191 1213 3257 veritates
1253 3190 1421 3266 fidei,
1500 3200 1798 3277 uteunque
1839 3210 2192 3257 numerosae
2230 3199 2399 3265 sunt,
2448 3197 2506 3252 et

599 3294 866 3356 diversae
896 3302 1213 3376 apparent,
1270 3311 1303 3354 a
1336 3291 1593 3354 Domino
1622 3312 1807 3354 unum
1833 3289 2083 3364 saciant,
2139 3312 2208 3351 n:
2256 3294 2405 3354 354.

546 3435 645 3447 --
700 3393 878 3474 Quod
911 3394 1198 3457 Dominus
1226 3392 1300 3455 sit
1332 3391 1629 3466 Verbum,
1675 3391 1752 3456 sit
1783 3392 1946 3455 Deus
1976 3390 2135 3455 Caeli
2168 3401 2226 3453 et
2254 3391 2501 3464 Terrae,

551 3572 557 3581 Ι
597 3493 762 3557 Deus
807 3493 997 3554 omnis
1036 3492 1259 3569 carnis,
1329 3492 1492 3556 Deus
1531 3493 1757 3558 Vineae
1800 3514 1904 3556 seu
1949 3491 2283 3566 Ecclesiae,
2349 3492 2508 3554 Deus

597 3590 765 3666 fidei,
817 3598 877 3653 et
917 3590 1038 3676 ipsa
1071 3592 1227 3666 Lux,
1280 3592 1545 3669 Veritas,
1599 3602 1657 3657 et
1702 3593 1834 3659 Vita
1874 3601 2152 3666 aeterna,
2206 3601 2502 3656 ostensum

601 3711 672 3754 ex
702 3689 934 3763 Verbo,
993 3712 1059 3752 nt
1109 3695 1259 3757 354.

450 3822 508 3881 5.
567 3816 744 3898 Quod
769 3815 947 3879 Fides
973 3817 1195 3904 absque
1224 3817 1529 3883 Charitate
1571 3840 1692 3883 non
1735 3818 1807 3882 sit
1848 3816 2022 3893 fides,
2076 3827 2134 3880 et
2171 3820 2328 3905 quod
2357 3817 2506 3882 Cha·

596 3918 740 3982 ritas
781 3917 1004 4003 absque
1036 3916 1180 3982 Fide
1210 3941 1328 3982 non
1356 3919 1431 3984 sit
1459 3918 1748 3992 charitas,
1800 3928 1858 3981 et
1901 3918 2058 4005 quod
2105 3927 2357 4006 utraque
2399 3916 2502 3982 nisi

595 4041 629 4085 a
658 4018 917 4083 Domino
945 4041 1064 4082 non
1096 4020 1287 4096 vivat,
1343 4043 1410 4082 n:
1459 4023 1586 4083 355
1617 4018 1691 4083 ad
1726 4023 1874 4083 3512
2178 4019 2184 4023 ’
2354 4034 2361 4041 ’

547 4152 642 4168 --
696 4118 873 4199 Quod
899 4118 1078 4184 homo
1104 4121 1215 4184 sibi
1245 4120 1425 4207 possit
1453 4140 1805 4206 comparare
1838 4118 2044 4194 iidem,
2091 4140 2161 4182 n:
2210 4124 2359 4184 356.

547 4253 641 4268 -
697 4216 875 4298 Quod
900 4218 1081 4284 bomo
1111 4219 1220 4283 sibi
1251 4219 1431 4307 possit
1459 4211 2222 4312 compararezCharitatein,
2254 4243 2322 4285 n:
2356 4220 2497 4300 357.
