2750 4775
685 396 848 453 vul.
931 397 1341 451 LIBERUM
1402 398 1939 454 ARBITRIUM.
2354 416 2383 462 5

277 551 468 614 Terra
512 558 649 613 ante
691 547 986 614 Adamum
1028 549 1206 615 suerit
1246 550 1593 616 inhabitata.
1650 551 1825 631 Quod
1868 562 2063 618 autem
2094 575 2201 641 per
2225 551 2385 621 Ada-

279 673 439 714 mum
479 659 537 713 et
578 651 704 735 ejus
736 650 997 715 Uxorem
1037 651 1403 736 intelligatur
1430 647 1848 740 Antiquissima
1881 654 2142 720 Ecclesia
2183 656 2244 720 in
2269 655 2384 721 hac

277 752 542 826 Tellure,
587 750 646 813 in
678 749 956 816 Ancaeus
983 751 1434 827 (ὶΑιειεεΤιΒυε,
1490 774 1520 816 a
1552 775 1645 817 me
1665 753 1915 817 Londini
1945 755 2147 832 editis,
2202 756 2379 841 pluri-

280 852 390 916 bus
418 852 884 917 demonstratum
914 860 1034 927 est,
1086 862 1142 914 et
1173 852 1251 914 ibi
1285 853 1497 928 etiam,
1552 853 1709 941 quod
1748 875 1853 939 per
1884 856 2142 918 Hortum
2171 855 2387 923 Edenis

276 951 642 1038 intelligatur
679 953 980 1040 Sapientia
1025 952 1329 1015 hominum
1374 953 1529 1018 illius
1568 953 1899 1029 Ecclesiae,
1955 964 2015 1017 et
2054 953 2386 1042 perArbo-

278 1073 403 1116 rem
450 1052 605 1115 vitae
646 1052 939 1120 Dominus
984 1052 1041 1113 in
1101 1053 1338 1117 homine
1395 1063 1452 1115 et
1498 1052 1677 1117 bomo
1717 1053 1775 1115 in
1824 1054 2117 1130 Domino,
2180 1064 2240 1120 et
2279 1079 2386 1143 per

276 1153 574 1217 Arborern
617 1153 896 1216 scientiae
944 1154 1082 1217 boni
1126 1164 1184 1215 et
1229 1153 1405 1228 mali,
1457 1151 1636 1218 homo
1669 1175 1785 1217 non
1818 1155 1884 1217 in
1907 1155 2168 1220 Domino
2193 1157 2294 1220 sed
2326 1158 2386 1220 in

276 1274 386 1316 suo
445 1253 719 1337 proprio,
790 1254 980 1340 qualis
1021 1263 1109 1317 est
1153 1255 1253 1340 qui
1303 1254 1489 1318 credit
1535 1256 1694 1340 quod
1751 1255 1945 1318 omnia
1994 1254 2175 1320 faciat
2221 1277 2256 1320 a
2300 1278 2387 1333 se,

276 1353 455 1416 etiam
500 1353 752 1427 bonum;
819 1362 878 1417 et
921 1354 1080 1440 quod
1123 1376 1228 1441 per
1267 1375 1430 1419 esum
1474 1374 1543 1417 ex
1577 1354 1702 1420 hac
1742 1354 1974 1420 Arbore
2023 1356 2388 1442 intelligatur

275 1453 678 1539 appropriatio
707 1454 861 1518 mali.

431 1556 579 1618 467.
635 1554 702 1617 In
731 1555 933 1620 Verbo
963 1576 1066 1643 per
1098 1556 1355 1618 Hortum
1387 1554 1605 1620 Edenis
1634 1577 1752 1619 non
1787 1555 2136 1642 intelligitur
2174 1554 2385 1641 aliquis

277 1654 537 1729 Hortus,
590 1656 692 1719 sed
724 1654 1148 1742 Intelligentia,
1203 1676 1314 1718 nec
1344 1677 1450 1741 per
1477 1657 1770 1719 Arborem
1806 1655 2015 1743 aliquis
2040 1654 2241 1720 Arbor
2279 1657 2384 1720 sed

275 1752 491 1817 homo:
548 1755 703 1841 quod
737 1756 967 1821 Hortus
994 1753 1211 1821 Edenis
1238 1754 1524 1841 significet
1557 1757 2016 1841 Intelligentiam
2054 1765 2112 1820 et
2138 1755 2385 1841 Sapien-

275 1856 448 1930 tiam,
506 1866 775 1919 constare
816 1866 1006 1941 potest
1049 1878 1120 1919 ex
1146 1856 1236 1919 his
1263 1857 1438 1931 locis,
1494 1857 1565 1921 ln
1596 1857 2083 1924 INTELLIGENTIA
2108 1877 2186 1920 ET
2209 1856 2383 1921 sm-

276 1976 463 2020 mris
492 1952 877 2044 rusficeras
906 1956 1016 2042 tibi
1041 1979 1204 2049 opeS,
1258 1959 1320 2019 in
1346 1956 1523 2022 Enim
1552 1959 1783 2021 Honro
1811 1958 1929 2020 Dm
1949 1953 2178 2043 fuisti,
2233 1967 2290 2019 et
2318 1956 2380 2020 in

278 2057 663 2140 sequentibus
691 2057 792 2132 ibi,
829 2055 1053 2148 plenus
1076 2057 1438 2130 SAPLERTIA‚
1489 2058 1568 2120 In
1598 2058 1773 2121 Em-:N
1803 2058 2034 2121 Honro
2058 2057 2179 2121 Dm
2208 2054 2384 2134 fuisti,

277 2159 475 2219 omnis
531 2154 692 2247 lapis
742 2160 1048 2247 pretiosus
1106 2169 1506 2241 ‘tegumentum
1556 2171 1753 2229 tuum,
1822 2155 2033 2220 Ezech.
2077 2155 2381 2224 XXVIII:

283 2258 339 2316 4.
378 2261 475 2317 12.
514 2259 617 2319 13.
676 2255 846 2319 Haec
886 2256 958 2317 de
999 2254 1272 2341 Principe
1315 2264 1372 2317 et
1413 2257 1484 2318 de
1525 2257 1692 2341 Rege
1730 2255 1909 2346 Tyri,
1967 2258 2038 2320 de
2066 2279 2188 2344 quo
2211 2278 2384 2343 prae·

279 2354 514 2419 dicatur
542 2355 860 2442 sapientia,
915 2354 1051 2442 quia
1083 2376 1186 2444 per
1212 2353 1442 2444 Tyrum
1472 2355 1531 2418 in
1560 2357 1759 2424 Verbo
1786 2354 2150 2443 significatur
2178 2356 2386 2422 Eccle-

275 2457 360 2519 sia
391 2457 586 2540 quoad
619 2456 980 2542 cognitiones
1009 2457 1135 2519 veri
1161 2465 1219 2519 et
1249 2457 1419 2533 boni,
1445 2479 1577 2544 per
1616 2480 1763 2543 quas
1789 2468 1873 2521 est
1903 2457 2221 2542 sapientia;
2275 2481 2385 2545 per

278 2557 505 2642 lapides
561 2557 881 2642 pretiosoS,
946 2555 1045 2642 qui
1086 2566 1492 2642 tegumentum
1530 2558 1688 2644 ejuS,
1757 2558 1933 2622 etiam
1977 2556 2386 2644 significantur

277 2657 648 2741 cognitiones
696 2657 817 2720 veri
859 2666 916 2719 et
959 2657 1129 2730 boni;
1185 2679 1302 2721 non
1344 2657 1502 2720 enim
1548 2659 1833 2745 Princeps
1870 2669 1927 2722 et
1968 2658 2101 2727 Rex
2126 2658 2279 2747 Tyri
2319 2658 2383 2722 in

275 2757 476 2820 Horto
532 2757 748 2821 Edenis
805 2756 1060 2821 suerunt.
1147 2759 1224 2822 Et
1275 2757 1417 2822 alibi
1465 2759 1621 2846 apud
1675 2757 2094 2833 Ezechielem,
2129 2757 2387 2824 Asclmr

273 2856 491 2922 cedrus
529 2861 589 2920 in
633 2858 901 2932 Libano,
967 2857 1136 2923 cedri
1172 2882 1293 2923 non
1335 2857 1779 2925 occultaverunt
1824 2857 1997 2923 illum
2047 2862 2111 2924 in
2150 2859 2389 2924 Hon'ro'

278 2956 400 3021 Dm
420 3004 436 3032 ‚
483 2962 678 3022 omnis
704 2955 918 3024 Arbor
953 2962 1016 3021 in
1044 2954 1276 3022 Hon'ro
1305 2959 1426 3022 Dm
1458 2983 1578 3024 non
1600 2955 1877 3051 parfuit
1904 2957 2002 3022 illi
2026 2960 2089 3024 in
2110 2956 2386 3052 pulchri-

278 3057 518 3132 tudine,
568 3057 911 3122 aemulatae
935 3070 1077 3122 sunt
1103 3056 1201 3121 illi
1222 3081 1428 3122 omnes
1456 3057 1749 3123 Annolms
1777 3059 2013 3123 Em-:ms
2052 3079 2119 3124 m
2152 3059 2384 3124 Hor-'ro

234 3157 239 3161 ’
276 3159 418 3232 ΒΕΓ,
463 3158 603 3245 Cap.
635 3159 868 3225 XXXI:
901 3164 956 3221 3.
991 3163 1048 3221 8.
1084 3165 1140 3221 9.
1170 3168 1227 3221 et
1259 3180 1459 3245 porro,
1507 3158 1621 3222 Cui
1642 3159 1859 3223 similis
1865 3156 2090 3245 factus
2114 3181 2179 3223 es
2204 3162 2293 3222 sic
2320 3162 2385 3223 in

270 3257 472 3349 gloria
515 3272 572 3323 et
616 3262 678 3322 in
724 3258 1135 3349 magnitudine
1188 3261 1342 3323 inter
1382 3256 1675 3321 Ausones
1723 3259 1991 3334 Emms,
2046 3259 2214 3326 Vers.
2266 3261 2388 3338 133.

276 3361 392 3423 hoc
431 3359 648 3422 dicitur
686 3359 760 3423 de
799 3358 1095 3434 Aschure,
1152 3360 1287 3445 quia
1331 3379 1436 3444 per
1479 3352 1639 3421 illuni
1682 3357 1741 3420 in
1783 3357 1983 3423 Verbo
2021 3355 2386 3443 significatur

273 3460 672 3525 Rationalitas
715 3469 773 3522 et
801 3460 935 3523 inde
967 3459 1386 3546 Intelligentia.
1441 3456 1614 3546 Apud
1646 3458 1903 3544 Esaiam,
1960 3456 2388 3525 Consolahitur

274 3557 555 3626 Jehovah
593 3560 881 3635 Zionem,
933 3573 988 3626 et
1021 3573 1206 3652 ponet
1234 3558 1531 3624 desertum
1560 3561 1693 3646 ejus
1725 3564 1787 3623 in
1816 3559 2023 3635 EDEN,
2076 3574 2133 3624 et
2171 3557 2387 3624 solitu-

275 3659 475 3727 dinem
527 3662 662 3746 ejus
712 3664 773 3723 in
801 3662 1092 3725 Horetum
1131 3661 1462 3736 JlfflovAE,
1526 3660 1667 3746 Cap.
1708 3659 1816 3722 LI:
1864 3662 1936 3732 3;
1998 3659 2148 3724 Zion
2172 3659 2253 3723 ibi
2294 3669 2383 3723 est

277 3759 574 3840 Ecclesia,
627 3782 697 3824 ac
726 3760 901 3833 Edenx
936 3769 995 3824 et
1025 3761 1254 3824 Hortus
1294 3759 1568 3824 Jehovae
1611 3769 1700 3823 est
1739 3760 2026 3846 sapientia
2074 3770 2132 3825 et
2171 3759 2387 3823 intelli-

277 3860 490 3946 gentia.
549 3861 619 3923 ln
655 3857 1100 3977 Apocalypsi,
1106 3860 1225 3935 V
1202 3864 1423 3924 incenit
1457 3858 1620 3927 dabo
1657 3859 1831 3925 edere
1869 3859 1946 3924 de
1984 3857 2246 3925 Annona
2284 3879 2386 3924 vr·-

278 3980 437 4036 TAE,
504 3984 660 4053 quae
704 3964 764 4025 in
808 3962 1028 4024 MEmo
1083 3962 1391 4025 Palmum
1433 3961 1587 4036 Dm,
1640 3958 2007 4045 Cap.11.i.
2063 3962 2143 4024 In
2188 3957 2385 4024 medio

271 4059 519 4153 plateae
546 4055 652 4152 [et]
662 4061 855 4149 fluvit
870 4059 1011 4126 hinc
1032 4075 1089 4126 et
1108 4059 1276 4125 illinc
1294 4063 1404 4126 erit
1421 4057 1635 4125 Arbor
1656 4065 1883 4135 vitae,“
1917 4059 2062 4147 Cap.
2087 4057 2292 4123 XXII.
2324 4062 2381 4120 2.

278 4160 368 4224 Ex
392 4158 484 4226 his
513 4171 675 4248 patet
704 4161 895 4237 clare,
950 4162 1106 4248 quod
1138 4184 1243 4249 per
1273 4162 1537 4227 Hortum
1580 4160 1640 4224 in
1669 4160 1904 4232 Edene,
1953 4162 2014 4222 in
2043 4179 2161 4245 quo
2190 4152 2383 4221 Adam

276 4262 497 4347 positus
551 4261 726 4329 fuisse
783 4262 1028 4344 dicitur,
1097 4262 1467 4349 intelligatur
1512 4259 1918 4346 Intelligentia
1960 4268 2018 4323 et
2062 4255 2382 4342 Sapientia,
