2750 4775
448 377 555 429 168
690 367 1144 419 UMVERSA
1191 368 1727 421 'russoLOGlA
1775 370 1842 424 N.
1887 368 1949 423 C.
1995 370 2102 421 ET
2145 371 2210 425 N.
2258 372 2321 421 Ε.

444 519 624 585 nandi
654 540 721 582 ex
754 537 957 582 amore
986 517 1077 584 sui
1103 537 1331 583 summe
1362 517 1671 585 infernalis
1700 521 1810 597 sit,
1858 530 1948 588 est
1969 522 2126 609 -quia
2168 523 2458 586 dominari
2481 545 2540 586 ex

445 640 654 686 amore
681 619 804 694 sui,
854 626 943 682 est
981 639 1054 681 ex
1092 619 1370 706 proprio,
1425 640 1493 684 ac
1534 621 1840 708 proprium
1878 621 2132 686 hominis
2169 645 2205 687 a
2252 623 2543 687 nativitate

444 730 534 787 est
561 721 749 809 ipsum
777 718 997 784 malum
1019 765 1037 795 ,
1088 728 1146 782 et
1185 719 1376 806 ipsum
1406 721 1627 786 malum
1667 731 1755 786 est
1794 744 1828 786 e
1867 722 2160 788 diametro
2197 732 2410 790 contra
2438 724 2545 788 Do·

390 847 395 854 ·
445 823 704 893 minum;
758 820 1262 909 quapropterilli‚
1314 841 1434 906 quo
1460 821 1592 908 plus
1627 822 1687 885 in
1725 822 1873 887 illud
1914 825 2132 888 malurn
2171 825 2544 911 progrediun-

446 933 578 998 tur,
632 943 705 985 eo
744 921 874 1007 plus
904 929 1125 1006 negant
1150 921 1344 984 Deum
1373 930 1435 985 et
1457 922 1680 986 Sancta
1710 923 2047 1001 Ecclesiae,
2101 935 2159 988 et
2198 926 2456 989 adorant
2489 945 2545 988 se

447 1032 506 1088 et
532 1031 842 1094 naturam;
896 1020 1012 1096 illi,
1066 1020 1165 1107 qui
1194 1020 1254 1085 in
1285 1021 1386 1084 illo
1413 1022 1571 1086 malo
1601 1034 1770 1100 sunt,
1820 1024 2131 1110 explorent
2159 1047 2389 1113 quaeso
2411 1026 2470 1089 id
2494 1027 2543 1088 in

442 1146 537 1199 se,
590 1131 648 1185 et
680 1122 999 1186 videbunt:
1055 1118 1243 1185 Amor
1268 1122 1449 1186 etiam
1478 1121 1576 1185 hic
1605 1124 1740 1189 talis
1766 1133 1885 1201 est,
1941 1133 2010 1189 ut
2044 1137 2336 1213 quantum
2379 1127 2432 1190 ei
2467 1146 2547 1189 re·

444 1224 723 1310 laxantur
752 1221 990 1298 fraena,
1043 1222 1202 1308 quod
1238 1221 1304 1285 fit
1345 1223 1484 1286 dum
1512 1221 1869 1310 impossibile
1897 1246 2018 1289 non
2047 1227 2281 1301 obstat,
2335 1236 2546 1293 tantum

448 1333 583 1388 ruat
612 1344 645 1387 e
675 1322 866 1408 gradu
893 1322 954 1385 in
979 1322 1263 1409 gradum,
1316 1331 1375 1386 et
1403 1344 1590 1411 nsque
1616 1324 1692 1388 ad
1719 1345 2050 1399 summum;
2101 1335 2159 1391 et
2188 1326 2278 1391 ibi
2310 1348 2420 1391 nec
2446 1336 2548 1390 ter·

445 1424 737 1500 minatur,
789 1424 895 1490 sed
936 1423 984 1488 si
1029 1444 1149 1486 non
1196 1424 1371 1488 datur
1415 1424 1635 1511 gradus
1678 1426 1982 1512 superior,
2045 1427 2208 1492 dolet
2256 1438 2314 1490 et
2366 1427 2545 1514 gemit.

446 1524 566 1590 Hic
594 1523 783 1589 Amor
806 1525 963 1611 apud
991 1523 1274 1588 Politicos
1300 1524 1564 1588 ascendit
1592 1546 1776 1611 usque
1812 1534 1883 1591 ut
1907 1527 2088 1593 velint
2123 1549 2254 1593 esse
2281 1528 2477 1615 Reges
2495 1535 2550 1589 et

445 1624 880 1713 Imperatores»,
929 1634 988 1690 et
1014 1625 1060 1689 si
1091 1623 1399 1714 possibile,
1454 1634 1519 1689 ut
1548 1626 1929 1691 dominentur
1952 1649 2130 1715 super
2156 1629 2365 1692 omnia
2393 1649 2544 1692 mun·

444 1726 535 1800 di,
597 1735 655 1792 et
705 1712 906 1793 vocari
952 1745 1124 1810 reges
1168 1744 1378 1810 regum
1423 1735 1482 1789 et
1526 1724 1916 1812 imperatores
1966 1728 2435 1815 imperatorum;
2496 1734 2547 1790 at

442 1827 601 1891 idem
632 1823 819 1893 Amor
851 1826 1007 1914 apud
1038 1825 1371 1890 Canonicos
1398 1826 1694 1903 ascendit,
1748 1849 1935 1914 usque
1964 1837 2027 1892 ut
2067 1828 2255 1892 velint
2298 1848 2426 1893 esse
2461 1827 2547 1901 dii,

443 1938 505 1991 et
531 1937 816 2014 quantum
847 1925 1154 2014 possibile,
1201 1935 1264 1990 ut
1291 1926 1672 1991 dominentur
1695 1949 1873 2013 super
1900 1928 2098 1994 omnia
2127 1929 2329 2005 Caeli,
2373 1937 2431 1992 et
2459 1948 2549 1992 vo-

443 2027 567 2092 c‘ari
607 2028 721 2090 diij
786 2025 962 2107 Quod
1006 2024 1067 2087 hi
1107 2034 1166 2087 et
1194 2025 1276 2088 illi
1306 2028 1486 2092 corde
1526 2048 1648 2092 non
1677 2039 2002 2111 agnoscant
2041 2029 2307 2114 aliquem
2348 2030 2547 2102 Deum,

443 2127 741 2194 videbitur
766 2126 829 2190 in
855 2126 1252 2211 sequentibus.
1333 2124 1411 2191 At
1440 2127 1689 2193 vicissim
1709 2128 1843 2203 illi,
1899 2129 2000 2215 qui
2030 2130 2237 2195 volunt
2262 2127 2548 2193 dominari

446 2251 518 2293 ex
547 2247 750 2293 amore
780 2248 1027 2301 usuum,
1085 2226 1141 2288 hi
1184 2247 1303 2294 non
1335 2227 1543 2293 volunt
1584 2228 1878 2292 dominari
1915 2249 1988 2292 ex
2027 2250 2122 2305 se,
2173 2229 2279 2294 sed
2326 2252 2401 2293 ex
2440 2231 2548 2296 Do·.

445 2330 639 2405 mino,
693 2326 973 2415 quoniam
1003 2324 1191 2395 Amor
1217 2349 1428 2393 usuum
1473 2337 1561 2395 est
1600 2348 1673 2394 ex
1701 2329 1997 2407 Domino,
2048 2337 2108 2421 et
2147 2338 2235 2395 est
2271 2329 2411 2419 Ipse
2440 2329 2548 2394 Do·

445 2429 668 2502 minus;
722 2426 784 2491 hi
822 2427 1137 2516 dignitates
1177 2451 1296 2493 non
1339 2430 1514 2495 aliter
1549 2438 1845 2519 spectant,
1900 2452 2079 2517 quam
2120 2430 2319 2495 media
2364 2430 2437 2494 ad
2475 2429 2581 2492 fa·-

450 2527 723 2593 ciendum
764 2549 937 2605 usus,
992 2526 1102 2593 hos
1116 2539 1359 2616 ponunt
1404 2531 1579 2615 longe
1616 2552 1796 2618 supra
1839 2530 2187 2617 dignitates,
2241 2538 2305 2594 at
2341 2530 2549 2619 priores

446 2637 679 2716 ponunt
703 2628 1018 2715 dignitates
1045 2629 1218 2716 longe
1246 2652 1425 2716 supra
1453 2653 1610 2697 usus.

598 2728 747 2794 Cum
787 2728 957 2795 haec
970 2729 1286 2795 meditatus
1312 2753 1484 2808 sum,
1487 2732 1749 2798 dictum
1777 2730 1924 2795 mihi
1952 2741 2039 2797 est
2068 2748 2176 2819 per
2197 2731 2495 2818 Angelum
2519 2750 2547 2792 a

446 2829 738 2908 Domino,
791 2832 911 2916 jam
937 2833 1056 2913 iam
1087 2831 1313 2897 videbis
1339 2840 1398 2896 et
1425 2783 1875 2897 confirmaberis
1905 2855 1977 2896 ex
2005 2833 2131 2897 visu
2158 2834 2353 2917 qualis
2384 2831 2551 2895 infer·

443 2931 595 2995 nalis
621 2931 719 2996 ille
746 2934 934 2997 Amor
961 2942 1080 2995 est:
1120 2942 1177 2994 et
1207 2941 1348 2997 tunc
1373 2933 1574 2997 subito
1602 2936 1921 3019 aperuitse
1949 2943 2108 2997 terra
2136 2932 2212 2996 ad
2238 2933 2547 3006 sinistrum,

445 3041 509 3096 et
537 3031 654 3096 vidi
681 3032 1097 3099 ascendentem
1124 3054 1196 3112 ex
1227 3031 1474 3096 Inferno
1495 3032 1798 3097 diabolum
1816 3082 1832 3110 ‚
1887 3034 2185 3120 cui-super
2215 3035 2411 3120 capite
2437 3036 2552 3097 erat

449 3131 636 3220 pileus
665 3132 989 3220 quadratus
1016 3133 1324 3220 depressus
1352 3154 1531 3219 super
1557 3133 1812 3198 frontem
1843 3157 2025 3221 usque
2065 3134 2141 3198 ad
2180 3135 2424 3209 oculos,
2476 3131 2549 3195 fa-

445 3234 779 3320 cies-plena
826 3235 1072 3321 pustulis
1113 3234 1261 3301 sicut
1304 3232 1569 3297 ardentis
1604 3234 1823 3310 febris,
1877 3235 2306 3311 oculi-truces,
2361 3240 2551 3320 peetus

445 3336 784 3399 tumensin
834 3334 1181 3404 rhombum;
1239 3352 1308 3397 ex
1355 3354 1459 3398 ore
1506 3334 1814 3403 eructabat
1859 3335 2086 3400 fumum
2140 3334 2289 3399 sicut
2335 3335 2554 3404 furnus,

447 3434 634 3500 lumbi
662 3438 714 3500 ei
742 3444 913 3500 erant
945 3435 1117 3521 plane
1145 3435 1345 3521 igniti,
1400 3433 1536 3499 loco
1562 3435 1776 3519 pedum
1805 3445 1974 3500 erant
2003 3436 2105 3499 tali
2145 3436 2294 3498 ossei
2335 3437 2550 3519 absque

450 3558 661 3609 carne;
717 3546 776 3598 et
803 3556 874 3598 ex
903 3555 1153 3621 corpore
1180 3538 1306 3620 ejus
1331 3533 1916 3611 exhalabatur-‚calor
1953 3535 2190 3624 putidus
2218 3546 2275 3598 et
2305 3536 2549 3600 immun·

446 3635 569 3698 dus.
655 3634 766 3698 1110
794 3635 920 3699 viso
953 3637 1190 3700 territus
1233 3651 1396 3710 sum,
1449 3644 1509 3699 et
1550 3635 1803 3700 clamavi
1843 3636 1917 3700 ad
1956 3637 2157 3710 illum,
2208 3658 2280 3698 ne
2324 3633 2548 3705 accede,

449 3735 543 3798 dic
573 3734 724 3810 unde
757 3756 849 3807 es;
902 3744 960 3800 et
991 3735 1293 3822 respondit
1321 3757 1530 3810 rauce,
1584 3758 1714 3799 sum
1745 3759 1816 3805 ex
1845 3736 2077 3812 inferis,
2128 3744 2191 3799 et
2230 3735 2312 3799 ibi
2351 3735 2410 3798 in
2448 3734 2547 3798 So-

447 3836 660 3899 cietate
693 3837 1167 3911 cumuucentis,
1220 3857 1372 3921 quae
1413 3837 2061 3903 omnuim-societatum
2108 3830 2548 3924 superetnentis-

442 3935 591 4000 sima
638 3925 755 4007 esu
822 3937 903 3999 ihi
952 3957 1157 4002 omnes
1197 3958 1399 4002 sumus
1444 3936 1833 4024 imperatores
1875 3938 2336 4026 imperatorum,
2389 3951 2547 4019 reges

443 4054 684 4121 regum,
739 4037 916 4100 duces
943 4036 1188 4112 ducum,
1242 4047 1301 4102 et
1322 4037 1622 4125 principes
1649 4038 2012 4126 principmm
2066 4058 2189 4103 non
2229 4037 2436 4124 aliquis
2474 4029 2547 4096 ibi

445 4146 529 4198 est
561 4138 715 4203 nude
753 4138 1108 4226 imperator,
1164 4156 1358 4226 neque
1399 4138 1553 4202 nude
1593 4159 1727 4212 rex‘,
1778 4137 1895 4203 dux
1939 4148 1997 4203 et
2036 4139 2340 4229 princeps;
2393 4133 2545 4201 sede-

447 4258 575 4303 mus
604 4238 684 4304 ibi
717 4260 890 4328 super
919 4238 1146 4307 thronis
1177 4238 1557 4311 thronorum,
1612 4248 1669 4302 et
1710 4238 1845 4319 inde
1891 4238 2169 4321 mandata
2213 4240 2273 4303 in
2323 4238 2542 4305 univer-
