2750 4775
356 366 1130 423 Annl'l'AMENTUM.
1181 393 1246 408 --·
1292 366 1750 421 CALVINUS
1792 367 1879 419 IN
1921 368 2003 424 M.
2047 367 2164 422 SP.
2246 379 2355 429 315

231 520 488 605 Angeli,
544 520 702 607 qnod
732 539 891 583 nunc
919 519 978 581 in
1010 539 1262 604 corpore
1293 519 1664 584 substantiali
1693 529 1874 594 esset,
1920 532 1978 586 et
2011 521 2171 608 quod
2199 522 2361 609 prius

232 644 367 686 non
397 620 577 684 modo
607 622 666 683 in
694 620 939 694 eodem,
990 618 1095 683 sed
1126 619 1301 682 etiam
1334 620 1393 681 in
1438 620 1759 694 materiali,
1811 622 1972 707 quod
2009 623 2239 688 circum
2274 624 2362 687 in-

233 722 371 787 duit
398 719 819 794 substantiale,
872 728 932 783 et
979 720 1136 807 quod
1178 720 1484 784 materiale
1513 742 1724 807 corpus
1757 721 2039 804 rejectum
2068 722 2175 796 sit,
2229 745 2361 810 per-

233 831 523 887 manente
550 820 955 896 substantiali,
1007 841 1079 883 ex
1109 842 1230 906 quo
1257 820 1439 883 homo
1468 829 1557 886 est
1582 818 1794 894 homo;
1844 821 1959 886 boc
1989 822 2241 908 primum
2270 823 2359 886 in-

232 923 500 996 tellexit,
550 922 664 986 sed
701 932 830 1008 post
875 919 1029 983 diem
1074 920 1251 988 rediit
1289 919 1350 982 in
1401 921 1657 1007 priorem
1698 921 1908 998 fidem,
1961 922 2121 1008 quod
2167 921 2358 986 adbuc

234 1033 396 1090 esset
437 1022 495 1085 in
537 1022 767 1087 Mundo
809 1020 911 1084 ubi
954 1029 1156 1093 natus;
1207 1042 1387 1084 causa
1440 1032 1601 1096 erat,
1655 1022 1794 1108 qnia
1841 1021 2142 1087 Sensualis
2179 1021 2360 1087 homo

232 1123 384 1198 fuit,
426 1121 569 1188 nibil
597 1122 879 1197 credens,
918 1121 1028 1186 nisi
1056 1121 1215 1207 quod
1244 1142 1316 1184 ex
1343 1121 1592 1207 objectis
1616 1144 1893 1187 sensuum
1922 1122 2187 1207 corporis
2212 1121 2360 1188 hau·

232 1224 425 1299 niret,
466 1223 600 1287 inde
629 1221 849 1287 sactum
879 1231 999 1297 est,
1047 1222 1203 1309 quod
1234 1222 1431 1288 omnia
1462 1220 1595 1285 fidei
1623 1244 1763 1287 suae
1795 1224 2093 1309 Dogmata
2123 1244 2191 1287 ex
2222 1246 2361 1311 pro-

235 1326 373 1411 pria
401 1322 794 1409 Intelligentia
842 1322 1228 1397 concluserit,
1282 1331 1342 1385 et
1368 1342 1491 1386 non
1518 1344 1588 1386 ex
1618 1322 1850 1396 Verbo;
1901 1325 2057 1409 quod
2086 1325 2359 1390 citaverit

231 1425 540 1499 Verbum,
593 1423 800 1488 fecerit
826 1423 1012 1511 plebis
1045 1444 1245 1498 causa,
1298 1432 1363 1487 ut
1403 1444 1643 1489 assensu
1679 1423 1969 1489 faverent.
2049 1423 2128 1487 11.
2177 1423 2356 1503 Quod

233 1534 377 1613 post
421 1525 672 1611 primam
715 1522 872 1588 banc
917 1523 1257 1612 periodum,
1324 1522 1540 1589 relictis
1593 1522 1838 1611 Angelis
1881 1524 2357 1609 circumvagatus

232 1627 350 1699 sit,
398 1635 457 1690 et
486 1624 890 1712 inquisiverit,
941 1624 1042 1688 ubi
1071 1623 1184 1699 itti,
1229 1624 1328 1710 qui
1358 1625 1437 1688 ab
1462 1621 1738 1712 Antiquis
1768 1626 2128 1711 temporibus
2158 1624 2360 1690 PRAE-

236 1745 750 1790 m-:srmanonem
790 1723 1198 1799 crediderunt,
1249 1733 1309 1787 et
1348 1723 1570 1788 dictum
1617 1736 1701 1792 est
1740 1726 1863 1802 itti,
1910 1725 2068 1812 quod
2108 1725 2223 1788 sint
2264 1746 2357 1789 re·

233 1826 387 1890 moti
418 1826 493 1890 ab
520 1825 688 1898 binc,
742 1836 801 1888 et
829 1824 1035 1888 inclusi
1068 1833 1127 1888 et
1152 1824 1586 1911 superinducti,
1638 1836 1695 1887 et
1740 1826 1901 1912 quod
1946 1825 2021 1889 ad
2058 1826 2189 1890 illos
2233 1847 2353 1890 non

131 1929 150 1938 ’
234 1935 438 2013 pateat
465 1927 760 2020 ingressus
784 1926 893 1990 nisi
926 1946 958 1988 a
989 1933 1157 2012 parte
1184 1927 1406 2012 postica
1435 1926 1545 1990 sub
1574 1915 1766 1997 terra3
1819 1927 1921 1990 sed
1970 1926 2127 2013 quod
2170 1947 2354 2012 nsque

233 2027 500 2112 discipuli
541 2025 945 2090 Godoschalki
984 2025 1179 2090 adbuc
1220 2024 1406 2090 libere
1451 2028 1844 2102 circumeant,
1899 2037 1958 2089 et
1996 2027 2355 2113 quandoque

237 2138 682 2213 congregentur
705 2127 764 2189 in
793 2128 972 2201 loco,
1010 2125 1111 2211 qui
1146 2135 1397 2190 vocatur
1434 2126 1664 2212 Lingua
1705 2126 1994 2214 spirituali
2033 2126 2242 2216 Pyris3
2294 2135 2356 2189 et

235 2227 378 2315 quia
406 2226 639 2291 illorum
671 2227 1030 2291 consortium
1062 2226 1311 2312 cupivit,
1362 2227 1650 2291 deductus
1690 2236 1779 2291 est
1817 2227 1890 2292 ad
1919 2226 2199 2303 Caetum,
2255 2227 2356 2290 ubi

232 2328 419 2414 aliqui
447 2348 515 2392 ex
544 2325 655 2393 illis
678 2328 947 2400 stabant;
1005 2336 1226 2393 etcum
1266 2327 1423 2392 inter
1464 2327 1594 2392 illos
1634 2328 1827 2404 venit,
1880 2329 1938 2391 in
1968 2329 2229 2412 jucundo
2264 2329 2353 2395 sui

238 2427 441 2491 cordis
468 2438 628 2502 erat,
680 2438 736 2490 et
769 2449 902 2492 cum
932 2429 1043 2492 illis
1072 2428 1414 2492 interiorem
1444 2429 1759 2493 amicitiam
1804 2428 2025 2516 ligavit.
2109 2429 2221 2493 111.
2276 2426 2354 2493 At

244 2536 562 2612 postquam
589 2536 907 2593 sectatores
934 2527 1334 2593 Godoschalki
1363 2530 1438 2593 ad
1466 2530 1681 2597 fratres
1705 2551 1845 2596 suos
1873 2531 1930 2593 in
1951 2531 2221 2597 Caverna
2251 2531 2356 2597 ab·

241 2626 410 2689 ducti
448 2635 622 2702 sunt,
675 2628 893 2692 taeduit
931 2629 1128 2705 illum,
1182 2650 1367 2716 quare
1414 2629 1706 2717 quaesivit
1743 2629 1841 2694 bic
1881 2642 1941 2696 et
1980 2633 2062 2696 ibi
2102 2632 2353 2721 asylum,

234 2736 300 2790 et
329 2727 572 2792 tandem
596 2738 864 2816 receptus
904 2740 989 2793 est
1030 2730 1089 2792 in
1121 2730 1376 2814 quadam
1406 2731 1734 2806 Societate,
1790 2733 1890 2796 ubi
1934 2753 2093 2795 mere
2137 2731 2356 2819 simpli-

233 2849 369 2904 ces,
421 2838 482 2892 et
512 2830 823 2894 interillos
867 2831 1044 2894 etiam
1084 2831 1341 2917 religiosi
1385 2839 1589 2907 eraut,
1642 2840 1701 2893 et
1741 2853 1872 2896 cum
1917 2830 2357 2905 animadvertit,

232 2929 396 3016 quod
427 2930 822 3016 nequicquam
851 2931 1102 3005 scirent,
1160 2952 1270 2994 nec
1309 2952 1523 3020 capere
1568 2942 1804 3017 possent
1841 2932 1914 2993 de
1942 2929 2359 2995 praedestina-

232 3031 431 3104 tione,
481 3032 732 3094 contulit
761 3052 822 3094 se
852 3032 910 3093 in
947 3053 1123 3094 unum
1153 3030 1454 3117 Angulum
1484 3032 1647 3095 istius
1673 3030 2013 3105 Societatis,
2058 3039 2119 3093 et
2146 3028 2223 3091 ibi
2255 3029 2358 3093 de-

231 3131 394 3194 lituit
423 3153 528 3218 per
555 3131 808 3194 multum
836 3141 1098 3219 tempus,
1153 3152 1261 3194 nec
1301 3132 1534 3217 aperuit
1578 3154 1642 3195 os
1682 3131 1754 3193 de
1801 3131 1997 3218 aliqua
2047 3151 2113 3194 re
2154 3128 2360 3192 Eccle-

228 3232 386 3305 siae;
440 3231 555 3293 boc
586 3233 888 3318 provisum
929 3241 1049 3307 est,
1106 3241 1170 3296 ut
1206 3232 1509 3296 recederet
1549 3231 1625 3295 ab
1667 3251 1870 3296 errore
1914 3253 2023 3294 suo
2046 3231 2133 3293 -de
2172 3228 2356 3294 Prae-

231 3331 669 3407 destinatione,
738 3352 812 3394 ac
863 3341 926 3395 ut
978 3332 1368 3418 implerentur
1423 3329 1700 3395 catervae
1753 3331 2019 3407 illorum,
2073 3331 2172 3417 qui
2226 3340 2357 3418 post

228 3431 748 3497 Dardi-ecbtanam
792 3432 1102 3522 Synodum
1143 3432 1477 3496 detestabili
1526 3431 1618 3496 isti
1660 3429 1890 3497 haeresi
1939 3432 2356 3510 adhaeserunt,

226 3532 331 3617 qui
375 3554 582 3597 omnes
617 3535 948 3597 successive
992 3533 1050 3595 in
1092 3532 1427 3596 Caveinam
1464 3531 1538 3596 ad
1579 3533 1887 3597 consocios
1924 3532 2170 3620 relegati
2200 3544 2352 3598 sunt

225 3631 331 3696 lv.
385 3633 641 3696 Demnm
673 3655 808 3697 cum
853 3633 932 3697 ab
972 3632 1271 3698 hodiernis
1297 3632 1862 3698 praedestinatianis
1889 3637 2219 3722 quaesitum
2248 3644 2356 3712 est,

224 3732 332 3796 uhi
374 3732 692 3809 Calvinus,
739 3744 821 3797 -et
869 3744 999 3822 post
1045 3733 1489 3818 indagationem
1527 3734 1803 3801 inventus
1843 3744 1931 3801 est
1976 3738 2049 3799 in
2076 3735 2356 3799 extremis

137 3866 144 3870 ·
224 3833 480 3918 alicujus
505 3833 854 3909 Societatis,
907 3855 1061 3921 quae
1090 3855 1160 3897 ex
1188 3855 1352 3897 mere
1381 3834 1741 3922 simplicibus
1771 3838 2116 3910 constabat,
2170 3856 2355 3922 quare

221 3932 368 3998 inde
407 3942 693 4000 evocatus
731 3943 850 4009 est,
908 3944 967 3999 et
1009 3934 1297 4001 deductus
1341 3934 1418 3999 ad
1463 3935 1758 4022 quendam
1804 3935 2197 4010 Praetorem,
2251 3933 2355 4022 qui

218 4033 398 4099 simili
437 4034 606 4099 faece
642 4035 939 4100 inescatus
964 4043 1129 4111 erat,
1180 4034 1278 4098 hic
1306 4035 1443 4099 ideo
1471 4037 1698 4125 accepit
1726 4035 1937 4100 illum
1921 4059 1980 4101 in
2015 4056 2183 4100 suam
2227 4036 2350 4100 Do·

221 4154 424 4210 mum,
478 4143 538 4198 et
566 4135 916 4212 custodivit,
966 4145 1025 4200 et
1051 4135 1169 4200 boc
1211 4155 1396 4222 usque
1436 4134 1575 4199 dum
1619 4135 1860 4201 Novum
1891 4136 2135 4201 Caelum
2166 4157 2200 4200 a
2230 4136 2354 4199 Do.-

219 4235 387 4301 mino
415 4243 692 4327 caeptum
721 4240 810 4303 'est
836 4236 1188 4311 instaurari,
1243 4246 1303 4301 et
1336 4244 1480 4299 tunc
1523 4237 1662 4322 quia
1706 4236 1961 4300 Praetor
2004 4242 2201 4300 custos
2226 4234 2353 4317 ejus
