2750 4775
669 339 826 395 Vlll.
904 338 1313 394 LIBERUM
1372 338 1909 396 ARBITRIUM.
2287 349 2357 400 53

257 495 643 581 germinatae,
684 493 861 580 inque
888 493 1015 580 ejus
1040 491 1378 568 fructibus,
1406 500 1464 555 et
1489 492 1702 557 iterum
1731 493 1791 556 in
1818 494 1989 560 novis
2013 493 2355 573 seminibus,

151 685 154 690 ,
258 618 378 661 non
429 594 815 666 foretlullum
857 594 1202 680 vegetabile.
1272 592 1333 656 Si
1381 593 1679 678 analogon
1723 593 1920 658 Liberi
1968 594 2194 661 arbitrii
2235 617 2361 663 non
2407 665 2416 673 ,

256 706 409 762 esset
438 696 498 758 in
530 696 690 759 omni
718 695 986 771 metallo,
1033 705 1091 758 et
1117 695 1178 759 in
1205 694 1367 758 omni
1393 693 1586 781 lapide
1614 694 1794 758 nobili
1825 705 1881 759 et
1910 697 2184 781 ignobili,
2236 718 2356 763 non

251 797 413 862 foret
441 796 772 872 metallum,
826 817 935 860 nec
961 796 1141 882 lapis,
1194 795 1313 859 imo
1343 815 1416 860 ne
1442 794 1681 881 quidem
1708 795 1986 868 arenula;
2039 818 2176 861 nam
2205 796 2355 865 haec
2439 855 2442 858 .

252 900 444 964 libere
470 898 734 966 insorbet
761 897 1061 962 aetherem
1079 943 1095 972 ,
1148 905 1207 960 et
1233 895 1492 981 exspirat
1525 916 1633 960 sua
1661 897 1896 971 nativa,
1952 905 2013 961 et
2038 898 2222 984 rejicit
2251 901 2358 966 ob-

253 1000 482 1077 soleta,
553 1008 613 1063 et
649 998 819 1063 novis
858 1015 926 1061 se
960 999 1357 1083 redintegrat,
1426 996 1565 1061 inde
1603 1007 1692 1062 est
1733 994 1988 1085 sphaera
2028 999 2359 1085 magnetica

257 1102 484 1166 circum
524 1109 892 1187 magnetem,
943 1098 1136 1166 ferrea
1165 1100 1387 1162 circum
1415 1095 1679 1175 ferrum,
1736 1118 1956 1185 cuprea
1995 1098 2218 1164 circum
2259 1122 2361 1166 cu·

257 1224 469 1291 prum,
523 1209 807 1290 argentea
848 1199 1069 1264 circum
1110 1209 1455 1285 argentum,
1508 1219 1687 1263 aurea
1730 1198 1948 1265 circum
1979 1213 2225 1278 aurum,
2276 1201 2361 1267 la-

258 1304 432 1391 pidea
473 1303 690 1368 circum
721 1301 1010 1388 lapidem,
1061 1302 1285 1366 nitrosa
1319 1300 1540 1368 circum
1581 1300 1840 1377 nitrum,
1886 1299 2203 1388 sulphurea
2249 1304 2362 1368 cir-

260 1426 400 1470 cum
429 1402 692 1493 sulphur,
745 1403 1007 1469 ac.varia
1038 1403 1257 1468 circum
1287 1422 1523 1465 omnem
1554 1402 1857 1489 pulverem
1888 1409 2103 1480 terrae,
2148 1424 2216 1468 ex
2242 1426 2361 1491 qua

258 1505 517 1593 sphaera
573 1505 839 1568 intimum
899 1504 1153 1591 cujusvis
1194 1503 1430 1568 seminis
1489 1501 1963 1591 impraegnatur,
2034 1503 2365 1590 prolificum

264 1616 538 1693 vegetat,
589 1627 726 1668 nam
766 1606 990 1690 absque
1029 1604 1131 1669 tali
1169 1603 1562 1694 exspiratione
1592 1626 1624 1667 e
1652 1604 1864 1692 quovis
1892 1604 2218 1692 pulvisculo
2247 1615 2366 1670 ter-

149 1755 159 1767 .
262 1729 390 1785 rae,
446 1728 566 1772 nou
594 1705 748 1774 foret
775 1706 1010 1793 aliquod
1038 1706 1264 1770 initium
1295 1705 1740 1792 germinationis
1769 1715 1828 1770 et
1854 1705 1990 1769 inde
2017 1715 2369 1796 perpetuum

263 1810 425 1894 ejus,
493 1807 792 1894 quomodo
842 1807 1103 1894 alioquin
1150 1810 1431 1896 potuisset
1483 1814 1641 1870 terra
1686 1807 1749 1872 in
1792 1808 2061 1870 intimum
2104 1808 2368 1873 centrale

262 1908 438 1996 grani
481 1908 751 1976 seminati
793 1930 924 1970 cum
968 1908 1211 1994 pulvere
1251 1917 1310 1970 et
1348 1927 1535 1994 aqua,
1587 1907 1695 1971 nisi
1728 1929 1905 1994 quam
1949 1929 2055 1994 pet
2092 1908 2366 1975 exhalata

264 2033 343 2075 ex
384 2010 481 2081 illa
529 2019 873 2095 penetrare,
925 2010 1072 2073 sicut
1116 2009 1176 2071 in
1217 2029 1473 2098 graman
1514 2010 1783 2100 sinapis,
1832 2008 2002 2100 quod
2036 2014 2235 2075 minus
2276 2005 2367 2075 est

262 2110 544 2177 omnibus
569 2110 911 2184 seminibus,
955 2130 1085 2172 cum
1112 2122 1310 2173 autem
1334 2110 1611 2181 exerevit,
1653 2112 1851 2198 mnjus
1877 2124 1966 2177 est
1992 2109 2276 2188 oleribus,
2306 2125 2365 2176 et

253 2213 354 2303 fit
375 2209 634 2300 grandis
660 2210 856 2282 arbor,
898 2207 1110 2272 Matth.
1140 2206 1323 2273 Xul:
1357 2213 1461 2271 31.
1488 2209 1592 2272 32.
1625 2210 1810 2275 Marc.
1840 2211 1953 2277 lv:
1983 2215 2087 2276 30.
2120 2217 2223 2277 31.
2255 2216 2362 2277 32.

273 2311 424 2375 Cum
484 2310 683 2396 itaque
735 2310 1006 2374 omnibus
1054 2309 1331 2396 subjectis
1381 2310 1594 2376 creatis
1638 2310 1883 2377 inditum
1930 2322 2018 2377 est
2063 2313 2365 2393 Liberum,
2415 2392 2420 2397 ‚

275 2412 469 2493 cuivis
491 2410 811 2476 secundum
841 2431 1007 2475 suam
1034 2420 1335 2488 naturam,
1391 2412 1528 2498 quid
1561 2433 1678 2477 non
1711 2412 1931 2478 homini
1961 2415 2242 2481 Liberum
2271 2438 2369 2482 ar·-

273 2514 519 2578 bitrium
543 2513 862 2576 secundum
891 2512 1015 2598 ejus
1039 2521 1342 2588 naturam,
1394 2534 1544 2600 quae
1574 2524 1661 2578 est
1691 2525 1752 2578 ut
1776 2517 1851 2579 sit
1876 2516 2221 2603 spiritualis:
2276 2520 2368 2581 iu-

269 2616 348 2679 de
393 2623 480 2678 est
520 2614 679 2701 quod
713 2612 932 2678 homini
964 2614 1164 2686 datum
1192 2615 1265 2678 sit
1292 2614 1571 2678 Liberum
1600 2615 1912 2681 arbitrium
1952 2618 2011 2681 in
2053 2618 2369 2706 spirituali-

268 2716 381 2780 bus
427 2716 506 2780 ab
544 2723 943 2801 utero-usque
986 2715 1071 2779 ad
1106 2712 1370 2783 ultimam
1416 2715 1541 2802 ejus
1578 2726 1833 2782 aetatem
1887 2719 1946 2781 in
1988 2720 2252 2797 Mundo,
2308 2727 2369 2783 et

266 2826 473 2907 postea
512 2817 572 2880 in
612 2826 933 2882 aeternum.
1885 2844 1886 2849 ¹

269 3043 460 3129 Quod
509 3047 570 3108 si
619 3042 958 3110 hominibus
1003 3064 1126 3111 non
1153 3041 1331 3133 seret
1376 3045 1652 3112 Liberam
1695 3045 2034 3113 Arbitrium
2089 3053 2152 3114 in
2194 3052 2369 3142 spiri-

261 3144 571 3221 tualibus,
626 3149 964 3239 potuissent
1006 3171 1210 3211 omnes
1254 3151 1316 3211 in
1356 3152 1631 3212 universo
1688 3162 1977 3214 terrarum
2029 3150 2170 3216 orbe
2207 3156 2367 3215 intra

267 3272 456 3313 unum
510 3245 665 3340 diem
712 3247 943 3314 adduci
984 3247 1073 3313 ad
1113 3247 1473 3314 credendum
1518 3253 1581 3310 in
1628 3246 1980 3323 Dominum;
2051 3251 2165 3315 sed
2206 3250 2374 3342 quod

268 3346 388 3414 hoc
438 3372 560 3413 non
604 3347 766 3439 fieri
816 3352 1051 3442 possit,
1130 3363 1220 3414 est
1256 3373 1461 3414 'causa
1483 3399 1497 3423 ,
1576 3346 1721 3440 quia
1772 3348 1842 3414 id
1890 3349 2061 3441 quod
2112 3375 2233 3416 non
2282 3375 2365 3416 eae

447 3449 666 3515 Libero
704 3444 991 3516 Arbitrio
1019 3452 1300 3544 recipitur
1333 3451 1413 3518 ab
1453 3448 1717 3526 homine,
1764 3474 1884 3514 non
1925 3467 2177 3518 maneat.
2243 3480 2250 3485 ’

427 3631 574 3690 500.
631 3625 806 3704 Quod
845 3628 1009 3692 Deus
1047 3627 1269 3713 absque
1307 3625 1448 3692 dato
1495 3625 1827 3705 bominibus
1856 3628 2076 3694 Libero
2104 3626 2367 3699 Arbitrio

266 3728 330 3805 in
357 3725 759 3815 spiritualibus
789 3734 980 3815 posset
1022 3749 1226 3791 omnes
1269 3728 1329 3791 in
1374 3728 1656 3793 universo
1693 3737 1985 3797 terrarum
2026 3733 2171 3797 orbe
2213 3735 2369 3800 intra

266 3850 453 3895 unum
497 3828 651 3891 diem
691 3829 984 3893 adducere
1024 3828 1097 3893 ad
1128 3828 1488 3893 eredendum
1519 3830 1580 3892 in
1607 3828 1718 3906 Se,
1755 3833 2034 3918 *sequitur
2068 3843 2132 3897 ut
2160 3855 2369 3900 verum

266 3952 341 3994 ex
371 3951 490 3994 non
519 3928 814 3993 intellecta
841 3931 1285 4016 Omnipotentia
1316 3929 1574 4002 Divina;
1620 3930 1702 3995 illi
1734 3931 1830 4019 qui
1860 3931 2370 4022 omnipotentiam

268 4030 553 4095 Divinam
600 4052 717 4094 nou
757 4030 1126 4118 intelligunt,
1195 4030 1424 4120 opinari
1469 4041 1741 4118 possunt,
1797 4034 1892 4097 vel
1933 4033 2089 4122 quod
2133 4054 2252 4097 non
2296 4036 2371 4100 sit

271 4130 451 4207 ordo,
505 4132 603 4207 vel
640 4130 798 4218 q-uod
826 4132 988 4197 Deus
1031 4131 1239 4218 possit
1252 4131 1451 4197 facere
1480 4152 1667 4219 aeque
1696 4141 1903 4197 contra
1948 4133 2248 4219 ordin,em
2297 4153 2371 4197 ac

271 4233 592 4296 secundum
656 4231 850 4310 illum,
926 4240 1061 4297 cum
1120 4241 1321 4296 tamen
1375 4231 1600 4323 absque
1654 4231 1861 4304 ordine
1920 4231 2077 4294 nulla
2132 4230 2371 4294 (lreatio

1328 4350 1341 4365 ·
1907 4328 1957 4390 G
