2750 4775
477 384 631 438 XIV.
714 382 1394 440 CONSUMMATIO
1437 383 1823 440 SAECULI
1886 383 2051 441 E'rc.
2212 396 2318 447 289

208 552 268 603 ut
285 536 527 625 judicet
555 533 895 610 Mundum,
939 532 1059 599 sed
1082 547 1149 598 ut
1172 531 1442 599 salvetur
1464 534 1747 602 Mundus
1782 559 1898 628 per
1917 538 2161 629 Ipsum3
2216 545 2327 634 qui

206 638 395 705 credit
423 642 488 702 in
519 638 768 729 Ipsum,
820 659 944 700 non
975 634 1324 723 judicatur,
1376 639 1486 728 qui
1516 649 1714 700 autem
1755 660 1876 702 non
1920 638 2138 716 credit,
2183 645 2324 730 jam

198 738 520 825 judicatus
544 751 654 813 est,
689 740 836 830 quia
864 759 984 800 non
1013 733 1269 800 credidit
1298 738 1360 799 in
1392 736 1638 803 Nomen
1670 736 1982 825 Unigeniti
2006 738 2160 804 Filii
2187 742 2317 816 Dei.

202 840 337 905 Joh.
374 837 509 903 111:
544 842 620 902 17
658 829 876 930 [.18]:
924 846 983 899 et
1009 836 1169 910 alibi,
1202 832 1431 928 Siquis
1459 859 1591 901 mea
1619 836 1916 901 audiverit
1937 839 2146 916 verba,
2198 865 2323 906 non

206 955 403 1006 tamen
443 936 796 1013 crediderit,
851 938 993 1026 Ego
1021 960 1141 1018 non
1161 934 1378 1024 judico
1406 935 1575 1001 illum
1595 981 1615 1011 ,
1665 961 1790 1002 non
1837 942 1994 1003 enim
2027 943 2205 1015 veni,
2258 955 2323 1006 ut

195 1040 472 1128 judicem
523 1037 859 1112 Mundum,
912 1036 1026 1102 sed
1077 1049 1140 1101 ut
1182 1036 1408 1101 salvem
1450 1037 1793 1109 Mundum
1847 1042 1957 1130 qui
2005 1044 2327 1106 contemnit

206 1141 346 1218 Me,
400 1153 464 1205 et
489 1163 612 1205 non
640 1141 845 1231 recipit
873 1161 1007 1202 mea
1031 1137 1240 1211 verba,
1280 1135 1456 1202 habet
1484 1137 1654 1230 quod
1662 1138 1904 1226 judicat
1930 1137 2122 1217 illum,
2160 1141 2237 1209 V
2231 1165 2323 1206 er·-

204 1242 342 1308 bum
384 1239 561 1333 quod
602 1237 886 1332 loquutus
928 1262 1093 1313 sum,
1149 1235 1309 1304 illud
1339 1236 1644 1324 judicabit
1691 1236 1923 1313 illum,“
1977 1240 2117 1329 Cap.
2166 1241 2318 1306 xl1=

208 1345 310 1405 47.
346 1345 458 1406 48.
540 1341 713 1421 Quod
758 1337 1024 1403 ultimum
1053 1337 1352 1402 Judicium
1395 1338 1616 1402 factum
1661 1340 1736 1403 sit
1777 1341 1836 1402 in
1882 1340 2111 1405 Mundo
2148 1343 2323 1430 spiri·

206 1443 348 1507 tuali
392 1441 573 1505 Anno
620 1445 827 1516 1757,
881 1440 938 1502 in
970 1438 1272 1523 Opusculo
1313 1438 1386 1502 de
1434 1459 1683 1505 ummo
1720 1440 2015 1515 Jumcto,
2069 1440 2323 1506 Londini

208 1542 382 1608 Anno
419 1546 593 1606 1758
624 1541 814 1614 edito,
866 1550 923 1602 et
965 1559 1145 1626 porro
1187 1539 1242 1601 in
1273 1537 1801 1606 Connnuxnonss
1837 1559 1920 1604 DE
1953 1558 2126 1617 luo,
2182 1539 2326 1607 Am·

206 1642 521 1710 stelodami
561 1644 762 1714 1763,
804 1640 1146 1725 evulgatum
1176 1639 1294 1711 esf;
1349 1640 1506 1726 quod
1541 1648 1758 1717 testor,
1798 1640 1936 1728 quia
1968 1640 2152 1707 oculis
2179 1643 2326 1709 meis

207 1743 266 1806 in
296 1743 472 1832 plena
503 1742 702 1827 vigilia
728 1740 872 1803 illud
907 1740 1046 1804 vidi.

368 1847 521 1906 773.
575 1843 763 1923 -Quod
807 1840 1115 1905 Adventus
1153 1838 1394 1904 Domini
1437 1840 1509 1905 sit
1557 1837 1630 1903 ad
1677 1838 2052 1905 formandum
2096 1862 2322 1908 novum

209 1943 458 2009 Caelum
486 1963 555 2006 ex
586 1943 698 2007 illis
726 1941 825 2026 qni
859 1941 1235 2004 crediderunt
1275 1941 1331 2001 in
1376 1940 1604 2026 Ipsum,
1660 1952 1716 2002 et
1757 1942 1829 2004 ad
1874 1942 2325 2008 instaurandum

211 2065 436 2108 novam
485 2042 809 2108 Ecclesiam
854 2064 926 2104 ex
976 2040 1086 2104 illis
1126 2044 1224 2125 qui
1266 2041 1512 2125 posthac
1555 2040 1611 2102 in
1659 2039 1854 2128 Ipsum
1903 2043 2184 2120 credunt,
2235 2052 2326 2109 est

211 2146 356 2229 qnia
393 2143 491 2208 illa
533 2145 651 2207 duo
691 2152 827 2206 sunt
868 2140 1015 2206 fines
1055 2139 1360 2205 Adventus
1405 2141 1619 2226 Ipsius:
1673 2142 1796 2226 ipse
1838 2140 1969 2207 finis
2008 2143 2325 2210 creationis

213 2244 489 2309 Universi
522 2265 630 2307 nee
656 2242 765 2305 suit
795 2242 972 2316 alius,
1026 2262 1202 2325 quam
1234 2250 1297 2303 ut
1322 2262 1394 2304 ex
1423 2240 1761 2305 horninibus
1790 2241 2148 2307 formaretur
2173 2244 2328 2309 Cae·

214 2344 340 2409 lum
366 2341 744 2429 Angelicum‚
801 2345 858 2405 in
902 2365 1022 2428 quo
1053 2362 1261 2406 omnes
1299 2341 1399 2428 qui
1443 2342 1502 2405 in
1542 2342 1737 2406 Deum
1781 2345 2057 2422 credunt,
2111 2344 2326 2411 victuri

214 2447 335 2509 sint
379 2447 439 2506 in
485 2445 844 2509 beatitudine
888 2431 1170 2517 aeterne,
1227 2443 1479 2506 Divinus
1521 2444 1676 2505 enim
1719 2440 1936 2520 Amor,
1991 2446 2091 2534 qui
2137 2456 2225 2511 est
2261 2448 2324 2510 in

215 2545 356 2608 Deo
383 2553 439 2607 et
466 2536 847 2608 ‘essentialiter
889 2544 1079 2619 Deus,
1134 2565 1251 2609 non
1296 2544 1452 2606 alind
1500 2552 1691 2630 potest
1733 2545 2068 2623 intendere,
2122 2557 2179 2611 et
2218 2547 2324 2613 Di-

225 2645 365 2707 vina
392 2643 724 2731 Sapientia,
770 2665 923 2729 qnae
951 2646 1127 2707 etiam
1157 2653 1243 2707 est
1272 2644 1326 2705 in
1357 2644 1486 2709 Deo
1516 2653 1573 2707 et
1603 2645 1795 2720 Deus,
1849 2668 1959 2710 nec
1999 2648 2159 2712 aliud
2195 2657 2327 2734 pot·

216 2754 309 2809 est
338 2745 675 2830 producere.
756 2745 1052 2824 Quoniam
1082 2743 1321 2808 Creatio
1362 2745 1622 2810 universi
1665 2766 1771 2831 pro
1801 2745 1916 2811 fine
1944 2747 2151 2812 babuit
2179 2747 2329 2810 Cae·

213 2846 340 2909 lum
387 2844 735 2930 Angelicuin
785 2865 856 2908 ex
905 2844 1186 2909 Humano
1232 2842 1499 2920 Genere,
1574 2855 1631 2908 et
1674 2845 1849 2909 simul
1895 2847 2219 2911 Ecclesiam
2264 2846 2326 2908 in

213 2947 410 3020 terris,
435 2968 570 3008 nam
604 2967 706 3031 per
732 2945 887 3008 hanc
917 2946 1184 3011 transibit
1227 2943 1407 3009 homo
1435 2947 1491 3007 in
1514 2946 1777 3018 Caelum,
1805 2955 1861 3008 et
1888 2945 2167 3031 quoniam
2197 2943 2328 3007 sal-

215 3048 380 3110 vatio
428 3044 769 3119 hominum,
824 3067 976 3132 quae
1023 3045 1085 3107 Iit
1138 3067 1208 3108 ex
1246 3046 1582 3110 horninibus
1624 3046 1935 3109 nascituris
1977 3046 2033 3107 in
2076 3043 2326 3121 Mundo,

210 3148 298 3211 sic
353 3156 440 3210 est
494 3145 860 3213 continuatio
906 3149 1253 3231 creationis,
1324 3147 1457 3208 ideo
1498 3148 1716 3232 passim
1768 3145 1827 3207 in
1867 3145 2069 3210 Verbo
2113 3143 2330 3219 dieitur

213 3248 473 3323 Creare,
537 3257 595 3309 et
639 3238 744 3332 pei·
784 3246 841 3308 id
886 3246 1233 3333 intelligitur
1270 3245 1531 3309 formare
1578 3245 1649 3308 ad
1692 3245 1971 3318 Caelum,
2038 3254 2100 3307 ut
2138 3243 2198 3308 in
2237 3244 2328 3310 his

211 3348 362 3410 locis
404 3346 567 3423 „Cor
590 3345 874 3412 mundum
905 3345 1075 3410 CREA
1120 3345 1268 3410 mihi
1290 3345 1492 3420 Deus,
1544 3358 1601 3409 et
1640 3348 1909 3437 spiritum
1928 3343 2190 3437 firmum
2236 3349 2328 3409 in·
2418 3378 2431 3397 ι

213 3470 378 3512 nova
422 3451 485 3510 in
530 3446 728 3511 medio
772 3450 913 3522 mei,
967 3447 1181 3511 Psalm.
1227 3445 1337 3510 LI:
1391 3449 1488 3508 12.
1567 3442 1798 3538 Aperis
1839 3470 2113 3521 manum,
2161 3459 2329 3513 satu-

212 3560 436 3612 rantur
458 3547 636 3623 bono,
661 3551 878 3612 emittis
909 3550 1202 3638 spiritum,
1230 3546 1592 3620 CREANTUR,
1624 3545 1836 3611 Psalm.
1872 3547 2036 3614 CIV:
2084 3552 2187 3611 28.
2222 3552 2325 3613 30.

207 3645 521 3739 Popula-⁴5,
554 3651 662 3739 qui
683 3638 1066 3716 CnEAm’run.
1096 3644 1373 3712 laudabit
1403 3643 1571 3711 Jah“
1601 3646 1816 3710 Psalm.
1847 3647 1987 3713 CII:
2034 3653 2132 3713 19.
2192 3647 2332 3728 „Sic

207 3748 379 3813 dixit
425 3747 701 3816 Jehovah
737 3746 1032 3811 Car-mon
1070 3768 1233 3811 ‘runs
1264 3747 1492 3821 Jacob,
1537 3746 1900 3813 Fonm‘ron
1941 3764 2080 3815 tuus
2108 3748 2332 3826 Israel,

207 3846 538 3923 redemite,
589 3851 815 3912 vocavi
850 3851 1089 3912 nomine
1118 3861 1253 3919 τως
1311 3841 1526 3940 [Mihi]
1575 3860 1658 3923 tu,
1713 3872 1943 3914 omnem
1983 3864 2261 3916 vocatum
2290 3873 2332 3914 a

206 3949 483 4017 Nomine
525 3972 691 4024 mee,
745 3953 814 4012 in
843 3948 1104 4037 gloriam
1150 3971 1339 4021 meam
1381 3948 1828 4024 Cnmvrnmu,
1884 3949 2041 4036 Esaj.
2087 3947 2329 4014 XLIII:

215 4057 268 4113 1.
308 4053 367 4111 7.
450 4049 527 4112 In
570 4051 699 4125 die,
751 4073 880 4142 quo
902 4048 1190 4112 CREA‘rus
1232 4072 1325 4124 es,
1375 4062 1752 4140 praeparata
1799 4064 1976 4123 sunm
2022 4046 2333 4143 perfictus

208 4164 275 4214 tu
304 4150 369 4213 in
395 4153 521 4214 viis
554 4153 676 4215 tuis
712 4173 753 4214 a
780 4149 879 4217 die
923 4172 1042 4241 quo
1070 4147 1361 4212 Caunus
1403 4170 1501 4222 ω,
1555 4145 1751 4217 donec
1791 4151 2031 4224 inventa
2073 4162 2163 4214 est
2195 4169 2334 4241 per-

204 4252 475 4315 versitas
503 4253 565 4313 in
597 4263 687 4327 te,
744 4249 949 4314 Ezech.
997 4247 1294 4316 XXVIII:
1344 4250 1603 4322 13.-15‚
1657 4246 1806 4311 haec
1846 4249 1921 4312 de
1964 4251 2131 4333 Rege
2159 4245 2327 4333 Tyri.
