<?xml version="1.0" encoding="UTF-8"?>
<!DOCTYPE html PUBLIC "-//W3C//DTD XHTML 1.0 Transitional//EN"
    "http://www.w3.org/TR/xhtml1/DTD/xhtml1-transitional.dtd">
<html xmlns="http://www.w3.org/1999/xhtml" xml:lang="en" lang="en">
 <head>
  <title>
</title>
<meta http-equiv="Content-Type" content="text/html;charset=utf-8" />
  <meta name='ocr-system' content='tesseract 3.04.00' />
  <meta name='ocr-capabilities' content='ocr_page ocr_carea ocr_par ocr_line ocrx_word'/>
</head>
<body>
  <div class='ocr_page' id='page_1' title='image "./verachristianar00unkngoog_0134.png"; bbox 0 0 2750 4775; ppageno 0'>
   <div class='ocr_carea' id='block_1_1' title="bbox 437 340 2310 403">
    <p class='ocr_par' dir='ltr' id='par_1_1' title="bbox 437 340 2310 403">
     <span class='ocr_line' id='line_1_1' title="bbox 437 340 2310 403; baseline -0.003 0"><span class='ocrx_word' id='word_1_1' title='bbox 437 354 545 403; x_wconf 79' lang='lat'><strong>118</strong></span> <span class='ocrx_word' id='word_1_2' title='bbox 664 341 1123 396; x_wconf 69' lang='lat' dir='ltr'><strong>UvaERsA</strong></span> <span class='ocrx_word' id='word_1_3' title='bbox 1171 342 1709 396; x_wconf 73' lang='lat' dir='ltr'><strong>THEOLOGIA</strong></span> <span class='ocrx_word' id='word_1_4' title='bbox 1756 344 1825 400; x_wconf 72' lang='lat' dir='ltr'><strong>N.</strong></span> <span class='ocrx_word' id='word_1_5' title='bbox 1869 342 1936 401; x_wconf 86' lang='lat' dir='ltr'><strong>C.</strong></span> <span class='ocrx_word' id='word_1_6' title='bbox 1979 343 2090 395; x_wconf 87' lang='grc' dir='ltr'><strong>ΕΤ</strong></span> <span class='ocrx_word' id='word_1_7' title='bbox 2129 340 2202 399; x_wconf 77' lang='lat' dir='ltr'><strong>N.</strong></span> <span class='ocrx_word' id='word_1_8' title='bbox 2243 344 2310 398; x_wconf 87' lang='grc' dir='ltr'><strong>Ε.</strong></span> 
     </span>
    </p>
   </div>
   <div class='ocr_carea' id='block_1_2' title="bbox 431 495 2548 1799">
    <p class='ocr_par' dir='ltr' id='par_1_2' title="bbox 431 495 2548 1799">
     <span class='ocr_line' id='line_1_2' title="bbox 432 495 2548 585; baseline 0 -24"><span class='ocrx_word' id='word_1_9' title='bbox 432 495 826 585; x_wconf 84' lang='lat' dir='ltr'><strong>splendebunt</strong></span> <span class='ocrx_word' id='word_1_10' title='bbox 848 497 999 560; x_wconf 91' lang='lat' dir='ltr'><strong>sicut</strong></span> <span class='ocrx_word' id='word_1_11' title='bbox 1023 495 1303 581; x_wconf 77' lang='lat' dir='ltr'><strong>splendor</strong></span> <span class='ocrx_word' id='word_1_12' title='bbox 1329 496 1601 585; x_wconf 83' lang='lat' dir='ltr'><strong>expansi,</strong></span> <span class='ocrx_word' id='word_1_13' title='bbox 1650 506 1712 560; x_wconf 89' lang='lat' dir='ltr'><strong>et</strong></span> <span class='ocrx_word' id='word_1_14' title='bbox 1738 497 2022 561; x_wconf 80' lang='lat' dir='ltr'><strong>lucebunt</strong></span> <span class='ocrx_word' id='word_1_15' title='bbox 2056 497 2210 563; x_wconf 87' lang='lat' dir='ltr'><strong>sicut</strong></span> <span class='ocrx_word' id='word_1_16' title='bbox 2233 496 2443 562; x_wconf 88' lang='lat' dir='ltr'><strong>stellae</strong></span> <span class='ocrx_word' id='word_1_17' title='bbox 2483 499 2548 562; x_wconf 87' lang='lat' dir='ltr'><strong>in</strong></span> 
     </span>
     <span class='ocr_line' id='line_1_3' title="bbox 433 597 2546 686; baseline 0.001 -24"><span class='ocrx_word' id='word_1_18' title='bbox 433 599 739 663; x_wconf 85' lang='lat' dir='ltr'><strong>saeculum</strong></span> <span class='ocrx_word' id='word_1_19' title='bbox 761 607 820 661; x_wconf 87' lang='lat' dir='ltr'><strong>et</strong></span> <span class='ocrx_word' id='word_1_20' title='bbox 849 598 1260 662; x_wconf 85' lang='lat' dir='ltr'><strong>aeternitatem</strong></span> <span class='ocrx_word' id='word_1_21' title='bbox 1276 614 1303 674; x_wconf 78' lang='lat'><strong>,‘</strong></span> <span class='ocrx_word' id='word_1_22' title='bbox 1336 598 1492 686; x_wconf 90' lang='lat' dir='ltr'><strong>apud</strong></span> <span class='ocrx_word' id='word_1_23' title='bbox 1526 598 1832 663; x_wconf 78' lang='lat' dir='ltr'>Danielem</span> <span class='ocrx_word' id='word_1_24' title='bbox 1862 598 2005 686; x_wconf 85' lang='lat' dir='ltr'><strong>Cap.</strong></span> <span class='ocrx_word' id='word_1_25' title='bbox 2033 597 2186 665; x_wconf 86' lang='lat' dir='ltr'><strong>XII:</strong></span> <span class='ocrx_word' id='word_1_26' title='bbox 2217 601 2277 663; x_wconf 74' lang='lat'><strong>8.</strong></span> <span class='ocrx_word' id='word_1_27' title='bbox 2337 599 2546 664; x_wconf 85' lang='lat' dir='ltr'><strong>Homo</strong></span> 
     </span>
     <span class='ocr_line' id='line_1_4' title="bbox 436 697 2547 787; baseline 0 -24"><span class='ocrx_word' id='word_1_28' title='bbox 436 719 564 763; x_wconf 83' lang='lat' dir='ltr'><strong>non</strong></span> <span class='ocrx_word' id='word_1_29' title='bbox 602 707 985 785; x_wconf 87' lang='lat' dir='ltr'><strong>regeneratus</strong></span> <span class='ocrx_word' id='word_1_30' title='bbox 1023 706 1109 764; x_wconf 86' lang='lat' dir='ltr'><strong>est</strong></span> <span class='ocrx_word' id='word_1_31' title='bbox 1148 699 1299 764; x_wconf 86' lang='lat' dir='ltr'><strong>sicut</strong></span> <span class='ocrx_word' id='word_1_32' title='bbox 1340 700 1444 787; x_wconf 80' lang='lat' dir='ltr'><strong>qui</strong></span> <span class='ocrx_word' id='word_1_33' title='bbox 1487 700 1544 763; x_wconf 89' lang='lat' dir='ltr'><strong>in</strong></span> <span class='ocrx_word' id='word_1_34' title='bbox 1581 697 1762 764; x_wconf 82' lang='lat' dir='ltr'><strong>horto</strong></span> <span class='ocrx_word' id='word_1_35' title='bbox 1789 699 2010 764; x_wconf 77' lang='lat' dir='ltr'><strong>Edonis</strong></span> <span class='ocrx_word' id='word_1_36' title='bbox 2047 709 2169 776; x_wconf 86' lang='lat' dir='ltr'><strong>est,</strong></span> <span class='ocrx_word' id='word_1_37' title='bbox 2220 720 2294 766; x_wconf 89' lang='lat' dir='ltr'><strong>ac</strong></span> <span class='ocrx_word' id='word_1_38' title='bbox 2320 700 2444 764; x_wconf 87' lang='lat' dir='ltr'><strong>edit</strong></span> <span class='ocrx_word' id='word_1_39' title='bbox 2472 722 2547 764; x_wconf 83' lang='lat' dir='ltr'><strong>ex</strong></span> 
     </span>
     <span class='ocr_line' id='line_1_5' title="bbox 436 798 2545 890; baseline 0 -25"><span class='ocrx_word' id='word_1_40' title='bbox 436 798 670 865; x_wconf 75' lang='lat' dir='ltr'><strong>Arbore</strong></span> <span class='ocrx_word' id='word_1_41' title='bbox 711 799 990 865; x_wconf 73' lang='lat' dir='ltr'>scientiae</span> <span class='ocrx_word' id='word_1_42' title='bbox 1034 800 1175 865; x_wconf 87' lang='lat' dir='ltr'><strong>boni</strong></span> <span class='ocrx_word' id='word_1_43' title='bbox 1214 810 1274 865; x_wconf 88' lang='lat' dir='ltr'><strong>et</strong></span> <span class='ocrx_word' id='word_1_44' title='bbox 1315 801 1488 876; x_wconf 89' lang='lat' dir='ltr'><strong>mali,</strong></span> <span class='ocrx_word' id='word_1_45' title='bbox 1539 811 1599 865; x_wconf 86' lang='lat' dir='ltr'><strong>et</strong></span> <span class='ocrx_word' id='word_1_46' title='bbox 1641 810 1954 890; x_wconf 88' lang='lat' dir='ltr'><strong>propterea</strong></span> <span class='ocrx_word' id='word_1_47' title='bbox 1993 821 2067 863; x_wconf 83' lang='lat' dir='ltr'><strong>ex</strong></span> <span class='ocrx_word' id='word_1_48' title='bbox 2093 799 2272 865; x_wconf 82' lang='lat' dir='ltr'><strong>horto</strong></span> <span class='ocrx_word' id='word_1_49' title='bbox 2297 802 2545 888; x_wconf 83' lang='lat' dir='ltr'><strong>ejectus,</strong></span> 
     </span>
     <span class='ocr_line' id='line_1_6' title="bbox 434 898 2547 990; baseline 0.002 -26"><span class='ocrx_word' id='word_1_50' title='bbox 434 901 563 965; x_wconf 86' lang='lat' dir='ltr'><strong>imo</strong></span> <span class='ocrx_word' id='word_1_51' title='bbox 597 910 682 964; x_wconf 89' lang='lat' dir='ltr'><strong>est</strong></span> <span class='ocrx_word' id='word_1_52' title='bbox 716 901 837 990; x_wconf 86' lang='lat' dir='ltr'><strong>ipsa</strong></span> <span class='ocrx_word' id='word_1_53' title='bbox 868 900 966 965; x_wconf 87' lang='lat' dir='ltr'><strong>illa</strong></span> <span class='ocrx_word' id='word_1_54' title='bbox 995 898 1225 975; x_wconf 60' lang='lat' dir='ltr'><strong>Arbon</strong></span> <span class='ocrx_word' id='word_1_55' title='bbox 1281 912 1344 967; x_wconf 86' lang='lat' dir='ltr'><strong>at</strong></span> <span class='ocrx_word' id='word_1_56' title='bbox 1383 900 1565 966; x_wconf 88' lang='lat' dir='ltr'><strong>homo</strong></span> <span class='ocrx_word' id='word_1_57' title='bbox 1604 911 1991 988; x_wconf 78' lang='lat' dir='ltr'><strong>regeneratus</strong></span> <span class='ocrx_word' id='word_1_58' title='bbox 2025 911 2112 966; x_wconf 83' lang='lat' dir='ltr'><strong>est</strong></span> <span class='ocrx_word' id='word_1_59' title='bbox 2150 903 2302 967; x_wconf 85' lang='lat' dir='ltr'><strong>sicut</strong></span> <span class='ocrx_word' id='word_1_60' title='bbox 2342 903 2443 990; x_wconf 89' lang='lat' dir='ltr'><strong>qui</strong></span> <span class='ocrx_word' id='word_1_61' title='bbox 2484 904 2547 968; x_wconf 87' lang='lat' dir='ltr'><strong>in</strong></span> 
     </span>
     <span class='ocr_line' id='line_1_7' title="bbox 433 1000 2545 1091; baseline 0.002 -26"><span class='ocrx_word' id='word_1_62' title='bbox 433 1000 612 1066; x_wconf 87' lang='lat' dir='ltr'><strong>horto</strong></span> <span class='ocrx_word' id='word_1_63' title='bbox 648 1001 753 1065; x_wconf 89' lang='lat' dir='ltr'><strong>illo</strong></span> <span class='ocrx_word' id='word_1_64' title='bbox 794 1012 917 1073; x_wconf 88' lang='lat' dir='ltr'><strong>est,</strong></span> <span class='ocrx_word' id='word_1_65' title='bbox 982 1022 1053 1066; x_wconf 91' lang='lat' dir='ltr'><strong>ac</strong></span> <span class='ocrx_word' id='word_1_66' title='bbox 1092 1003 1213 1066; x_wconf 89' lang='lat' dir='ltr'><strong>edit</strong></span> <span class='ocrx_word' id='word_1_67' title='bbox 1261 1025 1332 1067; x_wconf 85' lang='lat' dir='ltr'><strong>ex</strong></span> <span class='ocrx_word' id='word_1_68' title='bbox 1360 1000 1597 1070; x_wconf 79' lang='lat' dir='ltr'><strong>Arbore</strong></span> <span class='ocrx_word' id='word_1_69' title='bbox 1637 1005 1830 1078; x_wconf 76' lang='lat' dir='ltr'><strong>vitae,</strong></span> <span class='ocrx_word' id='word_1_70' title='bbox 1893 1002 2053 1091; x_wconf 89' lang='lat' dir='ltr'><strong>quod</strong></span> <span class='ocrx_word' id='word_1_71' title='bbox 2107 1002 2282 1068; x_wconf 85' lang='lat' dir='ltr'><strong>detur</strong></span> <span class='ocrx_word' id='word_1_72' title='bbox 2324 1024 2400 1066; x_wconf 87' lang='lat' dir='ltr'><strong>ex</strong></span> <span class='ocrx_word' id='word_1_73' title='bbox 2442 1004 2545 1070; x_wconf 91' lang='lat' dir='ltr'><strong>illa</strong></span> 
     </span>
     <span class='ocr_line' id='line_1_8' title="bbox 432 1102 2547 1193; baseline 0.001 -26"><span class='ocrx_word' id='word_1_74' title='bbox 432 1104 628 1179; x_wconf 87' lang='lat' dir='ltr'><strong>edere,</strong></span> <span class='ocrx_word' id='word_1_75' title='bbox 670 1111 901 1169; x_wconf 88' lang='lat' dir='ltr'><strong>constat</strong></span> <span class='ocrx_word' id='word_1_76' title='bbox 928 1125 1000 1168; x_wconf 84' lang='lat' dir='ltr'><strong>ex</strong></span> <span class='ocrx_word' id='word_1_77' title='bbox 1036 1103 1212 1169; x_wconf 81' lang='lat' dir='ltr'><strong>bisin</strong></span> <span class='ocrx_word' id='word_1_78' title='bbox 1241 1102 1599 1193; x_wconf 76' lang='lat' dir='ltr'><strong>Apocalypsi</strong></span> <span class='ocrx_word' id='word_1_79' title='bbox 1661 1103 2004 1180; x_wconf 72' lang='lat' dir='ltr'><strong>„Vincenti</strong></span> <span class='ocrx_word' id='word_1_80' title='bbox 2039 1102 2201 1169; x_wconf 78' lang='lat' dir='ltr'><strong>dabo</strong></span> <span class='ocrx_word' id='word_1_81' title='bbox 2243 1105 2421 1170; x_wconf 77' lang='lat' dir='ltr'><strong>edere</strong></span> <span class='ocrx_word' id='word_1_82' title='bbox 2459 1129 2547 1170; x_wconf 71' lang='lat' dir='ltr'><strong>ea·</strong></span> 
     </span>
     <span class='ocr_line' id='line_1_9' title="bbox 436 1203 2548 1297; baseline 0.001 -28"><span class='ocrx_word' id='word_1_83' title='bbox 436 1203 680 1270; x_wconf 79' lang='lat' dir='ltr'><strong>Arbore</strong></span> <span class='ocrx_word' id='word_1_84' title='bbox 704 1207 892 1279; x_wconf 74' lang='lat' dir='ltr'><strong>vitae,</strong></span> <span class='ocrx_word' id='word_1_85' title='bbox 942 1229 1099 1297; x_wconf 82' lang='lat' dir='ltr'><strong>quae</strong></span> <span class='ocrx_word' id='word_1_86' title='bbox 1138 1209 1200 1271; x_wconf 81' lang='grc' dir='ltr'><strong>ἱη</strong></span> <span class='ocrx_word' id='word_1_87' title='bbox 1230 1204 1427 1271; x_wconf 85' lang='lat' dir='ltr'><strong>medio</strong></span> <span class='ocrx_word' id='word_1_88' title='bbox 1452 1204 1755 1271; x_wconf 80' lang='lat' dir='ltr'><strong>Paradisi</strong></span> <span class='ocrx_word' id='word_1_89' title='bbox 1778 1205 1954 1281; x_wconf 80' lang='lat' dir='ltr'><strong>De1’,‘⁴</strong></span> <span class='ocrx_word' id='word_1_90' title='bbox 2003 1205 2144 1294; x_wconf 85' lang='lat' dir='ltr'><strong>Cap.</strong></span> <span class='ocrx_word' id='word_1_91' title='bbox 2177 1205 2269 1270; x_wconf 89' lang='lat' dir='ltr'><strong>ll:</strong></span> <span class='ocrx_word' id='word_1_92' title='bbox 2302 1209 2382 1281; x_wconf 79' lang='grc' dir='ltr'><strong>Ἷ.,</strong></span> <span class='ocrx_word' id='word_1_93' title='bbox 2439 1229 2548 1294; x_wconf 88' lang='lat' dir='ltr'><strong>per</strong></span> 
     </span>
     <span class='ocr_line' id='line_1_10' title="bbox 436 1304 2546 1394; baseline 0.001 -26"><span class='ocrx_word' id='word_1_94' title='bbox 436 1304 677 1370; x_wconf 86' lang='lat' dir='ltr'><strong>hortum</strong></span> <span class='ocrx_word' id='word_1_95' title='bbox 704 1305 925 1370; x_wconf 88' lang='lat' dir='ltr'><strong>Edenis</strong></span> <span class='ocrx_word' id='word_1_96' title='bbox 943 1307 1291 1393; x_wconf 65' lang='lat' dir='ltr'><strong>intelligitur</strong></span> <span class='ocrx_word' id='word_1_97' title='bbox 1320 1306 1706 1391; x_wconf 71' lang='lat' dir='ltr'><strong>intelligentia</strong></span> <span class='ocrx_word' id='word_1_98' title='bbox 1742 1307 1800 1369; x_wconf 84' lang='lat' dir='ltr'><strong>in</strong></span> <span class='ocrx_word' id='word_1_99' title='bbox 1833 1306 2233 1394; x_wconf 75' lang='lat' dir='ltr'><strong>spiritualibus</strong></span> <span class='ocrx_word' id='word_1_100' title='bbox 2255 1327 2330 1372; x_wconf 83' lang='lat' dir='ltr'><strong>ex</strong></span> <span class='ocrx_word' id='word_1_101' title='bbox 2357 1306 2546 1371; x_wconf 83' lang='lat' dir='ltr'><strong>Amo-</strong></span> 
     </span>
     <span class='ocr_line' id='line_1_11' title="bbox 437 1406 2543 1484; baseline 0 -14"><span class='ocrx_word' id='word_1_102' title='bbox 437 1426 503 1470; x_wconf 84' lang='lat' dir='ltr'><strong>re</strong></span> <span class='ocrx_word' id='word_1_103' title='bbox 546 1407 703 1483; x_wconf 89' lang='lat' dir='ltr'><strong>veri,</strong></span> <span class='ocrx_word' id='word_1_104' title='bbox 761 1407 1034 1472; x_wconf 85' lang='lat' dir='ltr'><strong>videatur</strong></span> <span class='ocrx_word' id='word_1_105' title='bbox 1079 1406 1503 1472; x_wconf 64' lang='lat' dir='ltr'><strong>Amnmns</strong></span> <span class='ocrx_word' id='word_1_106' title='bbox 1548 1408 1797 1472; x_wconf 70' lang='lat' dir='ltr'><strong>Ruvnn:</strong></span> <span class='ocrx_word' id='word_1_107' title='bbox 1839 1428 1911 1469; x_wconf 86' lang='lat' dir='ltr'><strong>n:</strong></span> <span class='ocrx_word' id='word_1_108' title='bbox 1958 1413 2058 1472; x_wconf 79' lang='lat'><strong>90.</strong></span> <span class='ocrx_word' id='word_1_109' title='bbox 2127 1407 2363 1484; x_wconf 83' lang='lat' dir='ltr'><strong>Verbo,</strong></span> <span class='ocrx_word' id='word_1_110' title='bbox 2418 1430 2543 1472; x_wconf 87' lang='lat' dir='ltr'><strong>non</strong></span> 
     </span>
     <span class='ocr_line' id='line_1_12' title="bbox 434 1507 2548 1595; baseline 0.001 -25"><span class='ocrx_word' id='word_1_111' title='bbox 434 1519 825 1595; x_wconf 85' lang='lat' dir='ltr'><strong>regeneratus</strong></span> <span class='ocrx_word' id='word_1_112' title='bbox 861 1518 950 1573; x_wconf 86' lang='lat' dir='ltr'><strong>est</strong></span> <span class='ocrx_word' id='word_1_113' title='bbox 991 1508 1174 1572; x_wconf 87' lang='lat' dir='ltr'><strong>Filius</strong></span> <span class='ocrx_word' id='word_1_114' title='bbox 1212 1507 1389 1581; x_wconf 86' lang='lat' dir='ltr'><strong>mali,</strong></span> <span class='ocrx_word' id='word_1_115' title='bbox 1457 1518 1516 1571; x_wconf 86' lang='lat' dir='ltr'><strong>et</strong></span> <span class='ocrx_word' id='word_1_116' title='bbox 1554 1519 1942 1594; x_wconf 83' lang='lat' dir='ltr'><strong>regeneratus</strong></span> <span class='ocrx_word' id='word_1_117' title='bbox 1982 1518 2069 1572; x_wconf 85' lang='lat' dir='ltr'><strong>est</strong></span> <span class='ocrx_word' id='word_1_118' title='bbox 2109 1509 2294 1574; x_wconf 89' lang='lat' dir='ltr'><strong>Filius</strong></span> <span class='ocrx_word' id='word_1_119' title='bbox 2320 1510 2548 1595; x_wconf 84' lang='lat' dir='ltr'><strong>Regni,</strong></span> 
     </span>
     <span class='ocr_line' id='line_1_13' title="bbox 431 1607 2545 1686; baseline 0 -11"><span class='ocrx_word' id='word_1_120' title='bbox 431 1609 646 1675; x_wconf 85' lang='lat' dir='ltr'><strong>Matth.</strong></span> <span class='ocrx_word' id='word_1_121' title='bbox 688 1608 859 1674; x_wconf 87' lang='lat' dir='ltr'><strong>Xlll</strong></span> <span class='ocrx_word' id='word_1_122' title='bbox 906 1613 1010 1683; x_wconf 81' lang='lat'><strong>38,</strong></span> <span class='ocrx_word' id='word_1_123' title='bbox 1064 1607 1217 1671; x_wconf 85' lang='lat' dir='ltr'><strong>filius</strong></span> <span class='ocrx_word' id='word_1_124' title='bbox 1256 1608 1396 1671; x_wconf 88' lang='lat' dir='ltr'><strong>mali</strong></span> <span class='ocrx_word' id='word_1_125' title='bbox 1435 1608 1513 1672; x_wconf 85' lang='lat' dir='ltr'><strong>ibi</strong></span> <span class='ocrx_word' id='word_1_126' title='bbox 1541 1619 1629 1673; x_wconf 86' lang='lat' dir='ltr'><strong>est</strong></span> <span class='ocrx_word' id='word_1_127' title='bbox 1659 1609 1812 1674; x_wconf 74' lang='lat' dir='ltr'><strong>filins</strong></span> <span class='ocrx_word' id='word_1_128' title='bbox 1839 1609 2094 1686; x_wconf 87' lang='lat' dir='ltr'><strong>diaboli,</strong></span> <span class='ocrx_word' id='word_1_129' title='bbox 2147 1620 2207 1675; x_wconf 88' lang='lat' dir='ltr'><strong>et</strong></span> <span class='ocrx_word' id='word_1_130' title='bbox 2236 1609 2389 1676; x_wconf 80' lang='lat' dir='ltr'><strong>filius</strong></span> <span class='ocrx_word' id='word_1_131' title='bbox 2417 1613 2545 1676; x_wconf 80' lang='lat' dir='ltr'><strong>Re-</strong></span> 
     </span>
     <span class='ocr_line' id='line_1_14' title="bbox 436 1708 1313 1799; baseline -0.005 -24"><span class='ocrx_word' id='word_1_132' title='bbox 436 1710 535 1799; x_wconf 83' lang='lat' dir='ltr'><strong>gni</strong></span> <span class='ocrx_word' id='word_1_133' title='bbox 574 1710 655 1775; x_wconf 86' lang='lat' dir='ltr'><strong>ibi</strong></span> <span class='ocrx_word' id='word_1_134' title='bbox 700 1720 786 1775; x_wconf 92' lang='lat' dir='ltr'><strong>est</strong></span> <span class='ocrx_word' id='word_1_135' title='bbox 829 1709 1013 1774; x_wconf 86' lang='lat' dir='ltr'><strong>Filius</strong></span> <span class='ocrx_word' id='word_1_136' title='bbox 1054 1708 1313 1772; x_wconf 88' lang='lat' dir='ltr'><strong>Domini</strong></span> 
     </span>
    </p>
   </div>
   <div class='ocr_carea' id='block_1_3' title="bbox 436 1937 2545 2228">
    <p class='ocr_par' dir='ltr' id='par_1_3' title="bbox 436 1937 2545 2228">
     <span class='ocr_line' id='line_1_15' title="bbox 438 1937 2545 2027; baseline 0.001 -25"><span class='ocrx_word' id='word_1_137' title='bbox 438 1937 624 2024; x_wconf 81' lang='lat' dir='ltr'><strong>Quod</strong></span> <span class='ocrx_word' id='word_1_138' title='bbox 677 1938 872 2003; x_wconf 87' lang='lat' dir='ltr'><strong>Homo</strong></span> <span class='ocrx_word' id='word_1_139' title='bbox 926 1948 1308 2026; x_wconf 80' lang='lat' dir='ltr'><strong>regeneratus</strong></span> <span class='ocrx_word' id='word_1_140' title='bbox 1374 1942 1455 2002; x_wconf 76' lang='lat' dir='ltr'><strong>sit</strong></span> <span class='ocrx_word' id='word_1_141' title='bbox 1506 1943 1570 2002; x_wconf 83' lang='lat' dir='ltr'><strong>in</strong></span> <span class='ocrx_word' id='word_1_142' title='bbox 1624 1943 2035 2003; x_wconf 84' lang='lat' dir='ltr'><strong>communione</strong></span> <span class='ocrx_word' id='word_1_143' title='bbox 2085 1962 2218 2002; x_wconf 83' lang='lat' dir='ltr'><strong>cum</strong></span> <span class='ocrx_word' id='word_1_144' title='bbox 2271 1937 2545 2027; x_wconf 73' lang='lat' dir='ltr'><strong>Angelis</strong></span> 
     </span>
     <span class='ocr_line' id='line_1_16' title="bbox 436 2037 2544 2133; baseline 0.001 -29"><span class='ocrx_word' id='word_1_145' title='bbox 436 2039 626 2115; x_wconf 80' lang='lat' dir='ltr'><strong>caeli,</strong></span> <span class='ocrx_word' id='word_1_146' title='bbox 700 2052 757 2105; x_wconf 75' lang='lat' dir='ltr'><strong>et</strong></span> <span class='ocrx_word' id='word_1_147' title='bbox 808 2061 930 2103; x_wconf 79' lang='lat' dir='ltr'><strong>non</strong></span> <span class='ocrx_word' id='word_1_148' title='bbox 997 2053 1378 2128; x_wconf 77' lang='lat' dir='ltr'><strong>regeneratus</strong></span> <span class='ocrx_word' id='word_1_149' title='bbox 1442 2043 1505 2103; x_wconf 82' lang='lat' dir='ltr'><strong>in</strong></span> <span class='ocrx_word' id='word_1_150' title='bbox 1570 2045 1984 2106; x_wconf 81' lang='lat' dir='ltr'><strong>communione</strong></span> <span class='ocrx_word' id='word_1_151' title='bbox 2031 2052 2165 2105; x_wconf 82' lang='lat' dir='ltr'><strong>‘cum</strong></span> <span class='ocrx_word' id='word_1_152' title='bbox 2212 2037 2544 2133; x_wconf 80' lang='lat' dir='ltr'><strong>Spiritibus</strong></span> 
     </span>
     <span class='ocr_line' id='line_1_17' title="bbox 1364 2137 1602 2228; baseline -0.008 -24"><span class='ocrx_word' id='word_1_153' title='bbox 1364 2137 1602 2228; x_wconf 49' lang='lat' dir='ltr'><strong>inferni.</strong></span> 
     </span>
    </p>
   </div>
   <div class='ocr_carea' id='block_1_4' title="bbox 429 2316 2546 4332">
    <p class='ocr_par' dir='ltr' id='par_1_4' title="bbox 429 2316 2546 4332">
     <span class='ocr_line' id='line_1_18' title="bbox 591 2316 2542 2398; baseline 0.001 -16"><span class='ocrx_word' id='word_1_154' title='bbox 591 2322 737 2382; x_wconf 73' lang='lat'><strong>60⁶².</strong></span> <span class='ocrx_word' id='word_1_155' title='bbox 794 2317 968 2398; x_wconf 87' lang='lat' dir='ltr'><strong>Quod</strong></span> <span class='ocrx_word' id='word_1_156' title='bbox 999 2317 1188 2382; x_wconf 80' lang='lat' dir='ltr'><strong>omnis</strong></span> <span class='ocrx_word' id='word_1_157' title='bbox 1228 2316 1407 2381; x_wconf 89' lang='lat' dir='ltr'><strong>homo</strong></span> <span class='ocrx_word' id='word_1_158' title='bbox 1447 2319 1622 2382; x_wconf 53' lang='lat' dir='ltr'><strong>sinin</strong></span> <span class='ocrx_word' id='word_1_159' title='bbox 1664 2320 2108 2396; x_wconf 86' lang='lat' dir='ltr'><strong>communione,</strong></span> <span class='ocrx_word' id='word_1_160' title='bbox 2154 2317 2268 2382; x_wconf 86' lang='lat' dir='ltr'><strong>hoc</strong></span> <span class='ocrx_word' id='word_1_161' title='bbox 2293 2329 2421 2396; x_wconf 74' lang='lat' dir='ltr'><strong>est,</strong></span> <span class='ocrx_word' id='word_1_162' title='bbox 2482 2321 2542 2383; x_wconf 90' lang='lat' dir='ltr'><strong>in</strong></span> 
     </span>
     <span class='ocr_line' id='line_1_19' title="bbox 436 2417 2543 2506; baseline 0 -21"><span class='ocrx_word' id='word_1_163' title='bbox 436 2419 874 2485; x_wconf 78' lang='lat' dir='ltr'><strong>consociatione</strong></span> <span class='ocrx_word' id='word_1_164' title='bbox 920 2441 1050 2483; x_wconf 87' lang='lat' dir='ltr'><strong>cum</strong></span> <span class='ocrx_word' id='word_1_165' title='bbox 1094 2417 1336 2506; x_wconf 79' lang='lat' dir='ltr'><strong>Angelis</strong></span> <span class='ocrx_word' id='word_1_166' title='bbox 1374 2420 1568 2496; x_wconf 81' lang='lat' dir='ltr'><strong>Caeli,</strong></span> <span class='ocrx_word' id='word_1_167' title='bbox 1621 2431 1725 2484; x_wconf 84' lang='lat' dir='ltr'><strong>aut</strong></span> <span class='ocrx_word' id='word_1_168' title='bbox 1767 2443 1901 2483; x_wconf 83' lang='lat' dir='ltr'><strong>cum</strong></span> <span class='ocrx_word' id='word_1_169' title='bbox 1942 2420 2257 2506; x_wconf 81' lang='lat' dir='ltr'><strong>spiritibus</strong></span> <span class='ocrx_word' id='word_1_170' title='bbox 2298 2421 2543 2499; x_wconf 79' lang='lat' dir='ltr'><strong>inferni,</strong></span> 
     </span>
     <span class='ocr_line' id='line_1_20' title="bbox 433 2519 2546 2610; baseline 0 -23"><span class='ocrx_word' id='word_1_171' title='bbox 433 2532 523 2587; x_wconf 86' lang='lat' dir='ltr'><strong>est</strong></span> <span class='ocrx_word' id='word_1_172' title='bbox 553 2541 747 2597; x_wconf 88' lang='lat' dir='ltr'><strong>causa,</strong></span> <span class='ocrx_word' id='word_1_173' title='bbox 798 2521 933 2606; x_wconf 90' lang='lat' dir='ltr'><strong>quia</strong></span> <span class='ocrx_word' id='word_1_174' title='bbox 966 2530 1136 2586; x_wconf 87' lang='lat' dir='ltr'><strong>natus</strong></span> <span class='ocrx_word' id='word_1_175' title='bbox 1160 2532 1249 2585; x_wconf 87' lang='lat' dir='ltr'><strong>est</strong></span> <span class='ocrx_word' id='word_1_176' title='bbox 1278 2532 1341 2585; x_wconf 91' lang='lat' dir='ltr'><strong>ut</strong></span> <span class='ocrx_word' id='word_1_177' title='bbox 1370 2519 1471 2585; x_wconf 86' lang='lat' dir='ltr'><strong>fiat</strong></span> <span class='ocrx_word' id='word_1_178' title='bbox 1496 2522 1832 2610; x_wconf 87' lang='lat' dir='ltr'><strong>spiritualis,</strong></span> <span class='ocrx_word' id='word_1_179' title='bbox 1886 2531 1946 2586; x_wconf 86' lang='lat' dir='ltr'><strong>et</strong></span> <span class='ocrx_word' id='word_1_180' title='bbox 1969 2522 2083 2586; x_wconf 87' lang='lat' dir='ltr'><strong>hoc</strong></span> <span class='ocrx_word' id='word_1_181' title='bbox 2110 2539 2232 2586; x_wconf 89' lang='lat' dir='ltr'><strong>non</strong></span> <span class='ocrx_word' id='word_1_182' title='bbox 2259 2525 2546 2610; x_wconf 82' lang='lat' dir='ltr'><strong>possibile</strong></span> 
     </span>
     <span class='ocr_line' id='line_1_21' title="bbox 435 2621 2543 2712; baseline 0 -25"><span class='ocrx_word' id='word_1_183' title='bbox 435 2632 552 2699; x_wconf 86' lang='lat' dir='ltr'><strong>est,</strong></span> <span class='ocrx_word' id='word_1_184' title='bbox 604 2621 712 2686; x_wconf 85' lang='lat' dir='ltr'><strong>nisi</strong></span> <span class='ocrx_word' id='word_1_185' title='bbox 742 2630 806 2686; x_wconf 82' lang='lat' dir='ltr'><strong>ut</strong></span> <span class='ocrx_word' id='word_1_186' title='bbox 832 2645 964 2686; x_wconf 88' lang='lat' dir='ltr'><strong>cum</strong></span> <span class='ocrx_word' id='word_1_187' title='bbox 1005 2621 1149 2694; x_wconf 84' lang='lat' dir='ltr'><strong>illis,</strong></span> <span class='ocrx_word' id='word_1_188' title='bbox 1204 2623 1304 2709; x_wconf 89' lang='lat' dir='ltr'><strong>qui</strong></span> <span class='ocrx_word' id='word_1_189' title='bbox 1332 2623 1666 2712; x_wconf 77' lang='lat' dir='ltr'><strong>spirituales</strong></span> <span class='ocrx_word' id='word_1_190' title='bbox 1692 2633 1865 2701; x_wconf 87' lang='lat' dir='ltr'><strong>sunt,</strong></span> <span class='ocrx_word' id='word_1_191' title='bbox 1917 2625 1975 2686; x_wconf 90' lang='lat' dir='ltr'><strong>in</strong></span> <span class='ocrx_word' id='word_1_192' title='bbox 2004 2623 2258 2710; x_wconf 88' lang='lat' dir='ltr'><strong>quadam</strong></span> <span class='ocrx_word' id='word_1_193' title='bbox 2289 2627 2543 2712; x_wconf 85' lang='lat' dir='ltr'><strong>conjun-</strong></span> 
     </span>
     <span class='ocr_line' id='line_1_22' title="bbox 432 2722 2545 2813; baseline 0.001 -26"><span class='ocrx_word' id='word_1_194' title='bbox 432 2726 629 2788; x_wconf 79' lang='lat' dir='ltr'><strong>ctione</strong></span> <span class='ocrx_word' id='word_1_195' title='bbox 669 2723 775 2796; x_wconf 86' lang='lat' dir='ltr'><strong>sit;</strong></span> <span class='ocrx_word' id='word_1_196' title='bbox 840 2725 998 2809; x_wconf 88' lang='lat' dir='ltr'><strong>quod</strong></span> <span class='ocrx_word' id='word_1_197' title='bbox 1037 2722 1214 2787; x_wconf 88' lang='lat' dir='ltr'><strong>homo</strong></span> <span class='ocrx_word' id='word_1_198' title='bbox 1258 2725 1321 2788; x_wconf 89' lang='lat' dir='ltr'><strong>in</strong></span> <span class='ocrx_word' id='word_1_199' title='bbox 1361 2734 1615 2809; x_wconf 85' lang='lat' dir='ltr'><strong>utroque</strong></span> <span class='ocrx_word' id='word_1_200' title='bbox 1654 2724 1917 2798; x_wconf 85' lang='lat' dir='ltr'><strong>Mundo,</strong></span> <span class='ocrx_word' id='word_1_201' title='bbox 1970 2722 2228 2788; x_wconf 85' lang='lat' dir='ltr'><strong>naturali</strong></span> <span class='ocrx_word' id='word_1_202' title='bbox 2265 2735 2328 2788; x_wconf 86' lang='lat' dir='ltr'><strong>et</strong></span> <span class='ocrx_word' id='word_1_203' title='bbox 2363 2728 2545 2813; x_wconf 85' lang='lat' dir='ltr'><strong>spiri-</strong></span> 
     </span>
     <span class='ocr_line' id='line_1_23' title="bbox 436 2824 2543 2910; baseline 0.002 -22"><span class='ocrx_word' id='word_1_204' title='bbox 436 2824 618 2900; x_wconf 89' lang='lat' dir='ltr'><strong>tuali,</strong></span> <span class='ocrx_word' id='word_1_205' title='bbox 689 2825 883 2910; x_wconf 87' lang='lat' dir='ltr'><strong>quoad</strong></span> <span class='ocrx_word' id='word_1_206' title='bbox 930 2834 1184 2888; x_wconf 88' lang='lat' dir='ltr'><strong>mentem</strong></span> <span class='ocrx_word' id='word_1_207' title='bbox 1237 2825 1345 2900; x_wconf 89' lang='lat' dir='ltr'><strong>sit,</strong></span> <span class='ocrx_word' id='word_1_208' title='bbox 1417 2826 1478 2887; x_wconf 90' lang='lat' dir='ltr'><strong>in</strong></span> <span class='ocrx_word' id='word_1_209' title='bbox 1522 2824 1700 2889; x_wconf 86' lang='lat' dir='ltr'><strong>Libro</strong></span> <span class='ocrx_word' id='word_1_210' title='bbox 1747 2827 1819 2889; x_wconf 88' lang='lat' dir='ltr'><strong>de</strong></span> <span class='ocrx_word' id='word_1_211' title='bbox 1863 2826 2074 2890; x_wconf 61' lang='lat' dir='ltr'><strong>Cauno</strong></span> <span class='ocrx_word' id='word_1_212' title='bbox 2119 2845 2196 2889; x_wconf 78' lang='grc' dir='ltr'><strong>ΕΤ</strong></span> <span class='ocrx_word' id='word_1_213' title='bbox 2234 2826 2543 2904; x_wconf 60' lang='lat' dir='ltr'><strong>infenso,</strong></span> 
     </span>
     <span class='ocr_line' id='line_1_24' title="bbox 433 2924 2543 3014; baseline 0.001 -23"><span class='ocrx_word' id='word_1_214' title='bbox 433 2938 730 2991; x_wconf 85' lang='lat' dir='ltr'><strong>ostensum</strong></span> <span class='ocrx_word' id='word_1_215' title='bbox 761 2936 878 2997; x_wconf 84' lang='lat' dir='ltr'><strong>est;</strong></span> <span class='ocrx_word' id='word_1_216' title='bbox 928 2927 1031 2992; x_wconf 86' lang='lat' dir='ltr'><strong>sed</strong></span> <span class='ocrx_word' id='word_1_217' title='bbox 1058 2927 1131 2990; x_wconf 88' lang='lat' dir='ltr'><strong>de</strong></span> <span class='ocrx_word' id='word_1_218' title='bbox 1156 2925 1270 2990; x_wconf 87' lang='lat' dir='ltr'><strong>hac</strong></span> <span class='ocrx_word' id='word_1_219' title='bbox 1302 2924 1715 3008; x_wconf 79' lang='lat' dir='ltr'><strong>conjunctione</strong></span> <span class='ocrx_word' id='word_1_220' title='bbox 1753 2946 1872 2989; x_wconf 84' lang='lat' dir='ltr'><strong>non</strong></span> <span class='ocrx_word' id='word_1_221' title='bbox 1900 2927 2101 2990; x_wconf 88' lang='lat' dir='ltr'><strong>Homo</strong></span> <span class='ocrx_word' id='word_1_222' title='bbox 2121 2974 2139 3001; x_wconf 90' lang='lat'><strong>,</strong></span> <span class='ocrx_word' id='word_1_223' title='bbox 2193 2948 2304 2990; x_wconf 89' lang='lat' dir='ltr'><strong>nec</strong></span> <span class='ocrx_word' id='word_1_224' title='bbox 2332 2926 2543 3014; x_wconf 75' lang='lat' dir='ltr'><strong>Ange-</strong></span> 
     </span>
     <span class='ocr_line' id='line_1_25' title="bbox 432 3025 2543 3117; baseline 0.001 -27"><span class='ocrx_word' id='word_1_225' title='bbox 432 3027 523 3091; x_wconf 90' lang='lat' dir='ltr'><strong>lus</strong></span> <span class='ocrx_word' id='word_1_226' title='bbox 560 3047 631 3091; x_wconf 89' lang='lat' dir='ltr'><strong>ac</strong></span> <span class='ocrx_word' id='word_1_227' title='bbox 661 3027 911 3117; x_wconf 77' lang='lat' dir='ltr'><strong>Spiritus</strong></span> <span class='ocrx_word' id='word_1_228' title='bbox 946 3029 1084 3103; x_wconf 86' lang='lat' dir='ltr'><strong>scit,</strong></span> <span class='ocrx_word' id='word_1_229' title='bbox 1136 3049 1208 3091; x_wconf 82' lang='lat' dir='ltr'><strong>ex</strong></span> <span class='ocrx_word' id='word_1_230' title='bbox 1251 3049 1462 3104; x_wconf 88' lang='lat' dir='ltr'><strong>causa,</strong></span> <span class='ocrx_word' id='word_1_231' title='bbox 1515 3028 1650 3114; x_wconf 91' lang='lat' dir='ltr'><strong>quia</strong></span> <span class='ocrx_word' id='word_1_232' title='bbox 1691 3025 1907 3100; x_wconf 86' lang='lat' dir='ltr'><strong>homo,</strong></span> <span class='ocrx_word' id='word_1_233' title='bbox 1965 3028 2245 3113; x_wconf 87' lang='lat' dir='ltr'><strong>quamdiu</strong></span> <span class='ocrx_word' id='word_1_234' title='bbox 2286 3029 2436 3091; x_wconf 73' lang='lat' dir='ltr'><strong>vivit</strong></span> <span class='ocrx_word' id='word_1_235' title='bbox 2479 3031 2543 3092; x_wconf 89' lang='lat' dir='ltr'><strong>in</strong></span> 
     </span>
     <span class='ocr_line' id='line_1_26' title="bbox 431 3123 2543 3214; baseline 0 -21"><span class='ocrx_word' id='word_1_236' title='bbox 431 3128 694 3201; x_wconf 88' lang='lat' dir='ltr'><strong>Mundo,</strong></span> <span class='ocrx_word' id='word_1_237' title='bbox 745 3138 834 3193; x_wconf 85' lang='lat' dir='ltr'><strong>est</strong></span> <span class='ocrx_word' id='word_1_238' title='bbox 870 3129 931 3193; x_wconf 88' lang='lat' dir='ltr'><strong>in</strong></span> <span class='ocrx_word' id='word_1_239' title='bbox 968 3138 1124 3194; x_wconf 87' lang='lat' dir='ltr'><strong>statu</strong></span> <span class='ocrx_word' id='word_1_240' title='bbox 1167 3130 1455 3204; x_wconf 86' lang='lat' dir='ltr'><strong>naturali,</strong></span> <span class='ocrx_word' id='word_1_241' title='bbox 1507 3149 1579 3191; x_wconf 90' lang='lat' dir='ltr'><strong>ac</strong></span> <span class='ocrx_word' id='word_1_242' title='bbox 1603 3123 1866 3213; x_wconf 80' lang='lat' dir='ltr'><strong>Angelus</strong></span> <span class='ocrx_word' id='word_1_243' title='bbox 1905 3138 1963 3191; x_wconf 89' lang='lat' dir='ltr'><strong>et</strong></span> <span class='ocrx_word' id='word_1_244' title='bbox 1985 3129 2241 3214; x_wconf 85' lang='lat' dir='ltr'><strong>Spiritus</strong></span> <span class='ocrx_word' id='word_1_245' title='bbox 2276 3129 2335 3191; x_wconf 88' lang='lat' dir='ltr'><strong>in</strong></span> <span class='ocrx_word' id='word_1_246' title='bbox 2374 3139 2543 3194; x_wconf 87' lang='lat' dir='ltr'><strong>statu</strong></span> 
     </span>
     <span class='ocr_line' id='line_1_27' title="bbox 430 3229 2540 3318; baseline 0 -23"><span class='ocrx_word' id='word_1_247' title='bbox 430 3229 738 3318; x_wconf 71' lang='lat' dir='ltr'><strong>spirituali,</strong></span> <span class='ocrx_word' id='word_1_248' title='bbox 791 3241 850 3292; x_wconf 85' lang='lat' dir='ltr'><strong>et</strong></span> <span class='ocrx_word' id='word_1_249' title='bbox 880 3243 1118 3318; x_wconf 87' lang='lat' dir='ltr'><strong>propter</strong></span> <span class='ocrx_word' id='word_1_250' title='bbox 1146 3230 1458 3294; x_wconf 84' lang='lat' dir='ltr'><strong>discrimen</strong></span> <span class='ocrx_word' id='word_1_251' title='bbox 1490 3229 1646 3293; x_wconf 86' lang='lat' dir='ltr'><strong>inter</strong></span> <span class='ocrx_word' id='word_1_252' title='bbox 1672 3229 2028 3292; x_wconf 77' lang='lat' dir='ltr'><strong>naturale‘et</strong></span> <span class='ocrx_word' id='word_1_253' title='bbox 2053 3229 2375 3316; x_wconf 70' lang='lat' dir='ltr'><strong>spirituale,</strong></span> <span class='ocrx_word' id='word_1_254' title='bbox 2407 3251 2540 3295; x_wconf 81' lang='lat' dir='ltr'><strong>non</strong></span> 
     </span>
     <span class='ocr_line' id='line_1_28' title="bbox 430 3330 2542 3420; baseline 0 -24"><span class='ocrx_word' id='word_1_255' title='bbox 430 3342 678 3420; x_wconf 86' lang='lat' dir='ltr'><strong>apparet</strong></span> <span class='ocrx_word' id='word_1_256' title='bbox 714 3352 864 3394; x_wconf 87' lang='lat' dir='ltr'><strong>unus</strong></span> <span class='ocrx_word' id='word_1_257' title='bbox 892 3333 1082 3406; x_wconf 85' lang='lat' dir='ltr'><strong>alteri,</strong></span> <span class='ocrx_word' id='word_1_258' title='bbox 1135 3332 1247 3394; x_wconf 84' lang='lat' dir='ltr'><strong>hoc</strong></span> <span class='ocrx_word' id='word_1_259' title='bbox 1285 3332 1632 3401; x_wconf 80' lang='lat' dir='ltr'><strong>discrimen,</strong></span> <span class='ocrx_word' id='word_1_260' title='bbox 1687 3331 1861 3416; x_wconf 88' lang='lat' dir='ltr'><strong>quale</strong></span> <span class='ocrx_word' id='word_1_261' title='bbox 1889 3340 2009 3405; x_wconf 84' lang='lat' dir='ltr'><strong>est,</strong></span> <span class='ocrx_word' id='word_1_262' title='bbox 2063 3330 2418 3418; x_wconf 86' lang='lat' dir='ltr'><strong>descriptum</strong></span> <span class='ocrx_word' id='word_1_263' title='bbox 2446 3343 2542 3399; x_wconf 83' lang='lat' dir='ltr'><strong>est</strong></span> 
     </span>
     <span class='ocr_line' id='line_1_29' title="bbox 432 3429 2539 3505; baseline 0.001 -11"><span class='ocrx_word' id='word_1_264' title='bbox 432 3434 494 3495; x_wconf 88' lang='lat' dir='ltr'><strong>in</strong></span> <span class='ocrx_word' id='word_1_265' title='bbox 520 3432 701 3495; x_wconf 86' lang='lat' dir='ltr'><strong>Libro</strong></span> <span class='ocrx_word' id='word_1_266' title='bbox 732 3431 804 3495; x_wconf 87' lang='lat' dir='ltr'><strong>de</strong></span> <span class='ocrx_word' id='word_1_267' title='bbox 833 3430 1069 3498; x_wconf 68' lang='lat' dir='ltr'><strong>Amonn</strong></span> <span class='ocrx_word' id='word_1_268' title='bbox 1092 3431 1482 3498; x_wconf 67' lang='lat' dir='ltr'><strong>Comucmu</strong></span> <span class='ocrx_word' id='word_1_269' title='bbox 1520 3429 1983 3496; x_wconf 83' lang='lat' dir='ltr'><strong>inMemorabili</strong></span> <span class='ocrx_word' id='word_1_270' title='bbox 2014 3432 2124 3505; x_wconf 89' lang='lat' dir='ltr'><strong>ibi,</strong></span> <span class='ocrx_word' id='word_1_271' title='bbox 2177 3453 2251 3494; x_wconf 87' lang='lat' dir='ltr'><strong>n:</strong></span> <span class='ocrx_word' id='word_1_272' title='bbox 2297 3435 2539 3497; x_wconf 61' lang='lat' dir='ltr'><strong>sno—ad</strong></span> 
     </span>
     <span class='ocr_line' id='line_1_30' title="bbox 434 3531 2545 3619; baseline 0.002 -23"><span class='ocrx_word' id='word_1_273' title='bbox 434 3536 600 3609; x_wconf 70' lang='lat'><strong>3293</strong></span> <span class='ocrx_word' id='word_1_274' title='bbox 641 3554 713 3597; x_wconf 84' lang='lat' dir='ltr'><strong>ex</strong></span> <span class='ocrx_word' id='word_1_275' title='bbox 741 3555 861 3618; x_wconf 87' lang='lat' dir='ltr'><strong>quo</strong></span> <span class='ocrx_word' id='word_1_276' title='bbox 889 3543 1071 3618; x_wconf 88' lang='lat' dir='ltr'><strong>patet,</strong></span> <span class='ocrx_word' id='word_1_277' title='bbox 1098 3535 1254 3619; x_wconf 90' lang='lat' dir='ltr'><strong>quod</strong></span> <span class='ocrx_word' id='word_1_278' title='bbox 1286 3554 1406 3595; x_wconf 87' lang='lat' dir='ltr'><strong>non</strong></span> <span class='ocrx_word' id='word_1_279' title='bbox 1431 3531 1545 3595; x_wconf 91' lang='lat' dir='ltr'><strong>sint</strong></span> <span class='ocrx_word' id='word_1_280' title='bbox 1573 3533 1878 3618; x_wconf 87' lang='lat' dir='ltr'><strong>conjuncti</strong></span> <span class='ocrx_word' id='word_1_281' title='bbox 1904 3532 2102 3618; x_wconf 89' lang='lat' dir='ltr'><strong>quoad</strong></span> <span class='ocrx_word' id='word_1_282' title='bbox 2125 3534 2545 3619; x_wconf 87' lang='lat' dir='ltr'><strong>cogitationes,</strong></span> 
     </span>
     <span class='ocr_line' id='line_1_31' title="bbox 432 3619 2541 3722; baseline 0.001 -24"><span class='ocrx_word' id='word_1_283' title='bbox 432 3633 536 3698; x_wconf 87' lang='lat' dir='ltr'><strong>sed</strong></span> <span class='ocrx_word' id='word_1_284' title='bbox 576 3636 773 3720; x_wconf 84' lang='lat' dir='ltr'><strong>quoad</strong></span> <span class='ocrx_word' id='word_1_285' title='bbox 802 3619 1183 3708; x_wconf 79' lang='lat' dir='ltr'><strong>affectiones,</strong></span> <span class='ocrx_word' id='word_1_286' title='bbox 1234 3644 1292 3696; x_wconf 90' lang='lat' dir='ltr'><strong>et</strong></span> <span class='ocrx_word' id='word_1_287' title='bbox 1329 3653 1505 3718; x_wconf 90' lang='lat' dir='ltr'><strong>super</strong></span> <span class='ocrx_word' id='word_1_288' title='bbox 1543 3631 1634 3697; x_wconf 85' lang='lat' dir='ltr'><strong>his</strong></span> <span class='ocrx_word' id='word_1_289' title='bbox 1676 3635 1773 3698; x_wconf 67' lang='lat' dir='ltr'><strong>vix</strong></span> <span class='ocrx_word' id='word_1_290' title='bbox 1811 3634 2023 3719; x_wconf 86' lang='lat' dir='ltr'><strong>aliquis</strong></span> <span class='ocrx_word' id='word_1_291' title='bbox 2054 3634 2338 3712; x_wconf 88' lang='lat' dir='ltr'><strong>reflectit,</strong></span> <span class='ocrx_word' id='word_1_292' title='bbox 2393 3637 2541 3722; x_wconf 86' lang='lat' dir='ltr'><strong>quia</strong></span> 
     </span>
     <span class='ocr_line' id='line_1_32' title="bbox 431 3734 2539 3823; baseline 0.001 -25"><span class='ocrx_word' id='word_1_293' title='bbox 431 3756 554 3798; x_wconf 87' lang='lat' dir='ltr'><strong>non</strong></span> <span class='ocrx_word' id='word_1_294' title='bbox 581 3736 803 3798; x_wconf 85' lang='lat' dir='ltr'><strong>suntin</strong></span> <span class='ocrx_word' id='word_1_295' title='bbox 833 3735 996 3812; x_wconf 89' lang='lat' dir='ltr'><strong>luce,</strong></span> <span class='ocrx_word' id='word_1_296' title='bbox 1049 3736 1105 3798; x_wconf 90' lang='lat' dir='ltr'><strong>in</strong></span> <span class='ocrx_word' id='word_1_297' title='bbox 1144 3755 1259 3820; x_wconf 89' lang='lat' dir='ltr'><strong>qua</strong></span> <span class='ocrx_word' id='word_1_298' title='bbox 1289 3745 1375 3798; x_wconf 86' lang='lat' dir='ltr'><strong>est</strong></span> <span class='ocrx_word' id='word_1_299' title='bbox 1415 3734 1745 3799; x_wconf 88' lang='lat' dir='ltr'><strong>intellectus</strong></span> <span class='ocrx_word' id='word_1_300' title='bbox 1782 3744 1841 3798; x_wconf 88' lang='lat' dir='ltr'><strong>et</strong></span> <span class='ocrx_word' id='word_1_301' title='bbox 1880 3735 2016 3799; x_wconf 89' lang='lat' dir='ltr'><strong>inde</strong></span> <span class='ocrx_word' id='word_1_302' title='bbox 2059 3736 2184 3820; x_wconf 87' lang='lat' dir='ltr'><strong>ejus</strong></span> <span class='ocrx_word' id='word_1_303' title='bbox 2225 3737 2539 3823; x_wconf 84' lang='lat' dir='ltr'><strong>cogitatio,</strong></span> 
     </span>
     <span class='ocr_line' id='line_1_33' title="bbox 429 3834 2540 3925; baseline 0.001 -25"><span class='ocrx_word' id='word_1_304' title='bbox 429 3835 619 3900; x_wconf 82' lang='lat' dir='ltr'><strong>sed&#39;in</strong></span> <span class='ocrx_word' id='word_1_305' title='bbox 649 3836 845 3901; x_wconf 89' lang='lat' dir='ltr'><strong>calore</strong></span> <span class='ocrx_word' id='word_1_306' title='bbox 871 3837 932 3900; x_wconf 88' lang='lat' dir='ltr'><strong>in</strong></span> <span class='ocrx_word' id='word_1_307' title='bbox 971 3860 1088 3925; x_wconf 89' lang='lat' dir='ltr'><strong>quo</strong></span> <span class='ocrx_word' id='word_1_308' title='bbox 1132 3847 1218 3901; x_wconf 89' lang='lat' dir='ltr'><strong>est</strong></span> <span class='ocrx_word' id='word_1_309' title='bbox 1260 3834 1535 3899; x_wconf 79' lang='lat' dir='ltr'><strong>voluntas</strong></span> <span class='ocrx_word' id='word_1_310' title='bbox 1574 3845 1630 3899; x_wconf 88' lang='lat' dir='ltr'><strong>et</strong></span> <span class='ocrx_word' id='word_1_311' title='bbox 1670 3834 1805 3899; x_wconf 88' lang='lat' dir='ltr'><strong>inde</strong></span> <span class='ocrx_word' id='word_1_312' title='bbox 1842 3838 2061 3901; x_wconf 90' lang='lat' dir='ltr'><strong>amoris</strong></span> <span class='ocrx_word' id='word_1_313' title='bbox 2098 3837 2224 3922; x_wconf 81' lang='lat' dir='ltr'><strong>ejus</strong></span> <span class='ocrx_word' id='word_1_314' title='bbox 2264 3836 2540 3912; x_wconf 80' lang='lat' dir='ltr'><strong>affectio;</strong></span> 
     </span>
     <span class='ocr_line' id='line_1_34' title="bbox 431 3935 2543 4027; baseline 0.001 -27"><span class='ocrx_word' id='word_1_315' title='bbox 431 3937 769 4022; x_wconf 85' lang='lat' dir='ltr'><strong>conjunctio</strong></span> <span class='ocrx_word' id='word_1_316' title='bbox 806 3958 912 4027; x_wconf 89' lang='lat' dir='ltr'><strong>per</strong></span> <span class='ocrx_word' id='word_1_317' title='bbox 937 3935 1277 4003; x_wconf 87' lang='lat' dir='ltr'><strong>affectiones</strong></span> <span class='ocrx_word' id='word_1_318' title='bbox 1305 3938 1524 4002; x_wconf 90' lang='lat' dir='ltr'><strong>amoris</strong></span> <span class='ocrx_word' id='word_1_319' title='bbox 1549 3937 1707 4002; x_wconf 86' lang='lat' dir='ltr'><strong>iuter</strong></span> <span class='ocrx_word' id='word_1_320' title='bbox 1736 3935 2006 4002; x_wconf 81' lang='lat' dir='ltr'><strong>homines</strong></span> <span class='ocrx_word' id='word_1_321' title='bbox 2044 3958 2115 4002; x_wconf 88' lang='lat' dir='ltr'><strong>ac</strong></span> <span class='ocrx_word' id='word_1_322' title='bbox 2150 3939 2309 4003; x_wconf 84' lang='lat' dir='ltr'><strong>inter</strong></span> <span class='ocrx_word' id='word_1_323' title='bbox 2333 3937 2543 4026; x_wconf 85' lang='lat' dir='ltr'><strong>Ange-</strong></span> 
     </span>
     <span class='ocr_line' id='line_1_35' title="bbox 430 4037 2541 4128; baseline 0.002 -28"><span class='ocrx_word' id='word_1_324' title='bbox 430 4037 521 4102; x_wconf 89' lang='lat' dir='ltr'><strong>los</strong></span> <span class='ocrx_word' id='word_1_325' title='bbox 548 4047 607 4102; x_wconf 90' lang='lat' dir='ltr'><strong>et</strong></span> <span class='ocrx_word' id='word_1_326' title='bbox 632 4037 903 4128; x_wconf 83' lang='lat' dir='ltr'><strong>Spiritus,</strong></span> <span class='ocrx_word' id='word_1_327' title='bbox 946 4049 1066 4103; x_wconf 89' lang='lat' dir='ltr'><strong>tam</strong></span> <span class='ocrx_word' id='word_1_328' title='bbox 1094 4048 1257 4104; x_wconf 87' lang='lat' dir='ltr'><strong>arcta</strong></span> <span class='ocrx_word' id='word_1_329' title='bbox 1286 4047 1405 4114; x_wconf 89' lang='lat' dir='ltr'><strong>est,</strong></span> <span class='ocrx_word' id='word_1_330' title='bbox 1450 4048 1515 4103; x_wconf 88' lang='lat' dir='ltr'><strong>ut</strong></span> <span class='ocrx_word' id='word_1_331' title='bbox 1537 4040 1587 4103; x_wconf 90' lang='lat' dir='ltr'><strong>si</strong></span> <span class='ocrx_word' id='word_1_332' title='bbox 1611 4037 2009 4117; x_wconf 81' lang='lat' dir='ltr'><strong>scinderetur,</strong></span> <span class='ocrx_word' id='word_1_333' title='bbox 2064 4050 2124 4103; x_wconf 89' lang='lat' dir='ltr'><strong>et</strong></span> <span class='ocrx_word' id='word_1_334' title='bbox 2149 4039 2233 4103; x_wconf 89' lang='lat' dir='ltr'><strong>illi</strong></span> <span class='ocrx_word' id='word_1_335' title='bbox 2260 4040 2402 4105; x_wconf 88' lang='lat' dir='ltr'><strong>inde</strong></span> <span class='ocrx_word' id='word_1_336' title='bbox 2442 4059 2541 4105; x_wconf 82' lang='lat' dir='ltr'><strong>se-</strong></span> 
     </span>
     <span class='ocr_line' id='line_1_36' title="bbox 431 4134 2544 4226; baseline 0 -23"><span class='ocrx_word' id='word_1_337' title='bbox 431 4150 807 4226; x_wconf 86' lang='lat' dir='ltr'><strong>pararentur,</strong></span> <span class='ocrx_word' id='word_1_338' title='bbox 858 4138 1129 4207; x_wconf 85' lang='lat' dir='ltr'><strong>homines</strong></span> <span class='ocrx_word' id='word_1_339' title='bbox 1155 4134 1419 4205; x_wconf 82' lang='lat' dir='ltr'><strong>actutum</strong></span> <span class='ocrx_word' id='word_1_340' title='bbox 1454 4139 1733 4204; x_wconf 88' lang='lat' dir='ltr'><strong>caderent</strong></span> <span class='ocrx_word' id='word_1_341' title='bbox 1757 4140 1817 4203; x_wconf 88' lang='lat' dir='ltr'><strong>in</strong></span> <span class='ocrx_word' id='word_1_342' title='bbox 1845 4140 2196 4226; x_wconf 85' lang='lat' dir='ltr'><strong>deliquium,</strong></span> <span class='ocrx_word' id='word_1_343' title='bbox 2250 4150 2311 4205; x_wconf 87' lang='lat' dir='ltr'><strong>et</strong></span> <span class='ocrx_word' id='word_1_344' title='bbox 2336 4143 2388 4208; x_wconf 92' lang='lat' dir='ltr'><strong>si</strong></span> <span class='ocrx_word' id='word_1_345' title='bbox 2403 4162 2544 4207; x_wconf 91' lang='lat' dir='ltr'><strong>-non</strong></span> 
     </span>
     <span class='ocr_line' id='line_1_37' title="bbox 432 4240 2535 4332; baseline -0.004 -20"><span class='ocrx_word' id='word_1_346' title='bbox 432 4242 856 4320; x_wconf 77' lang='lat' dir='ltr'><strong>resarciretur,</strong></span> <span class='ocrx_word' id='word_1_347' title='bbox 938 4251 1001 4309; x_wconf 89' lang='lat' dir='ltr'><strong>et</strong></span> <span class='ocrx_word' id='word_1_348' title='bbox 1053 4241 1137 4309; x_wconf 92' lang='lat' dir='ltr'><strong>illi</strong></span> <span class='ocrx_word' id='word_1_349' title='bbox 1193 4241 1731 4329; x_wconf 83' lang='lat' dir='ltr'><strong>conjungerentur,</strong></span> <span class='ocrx_word' id='word_1_350' title='bbox 1811 4240 2078 4308; x_wconf 87' lang='lat' dir='ltr'><strong>homines</strong></span> <span class='ocrx_word' id='word_1_351' title='bbox 2147 4243 2535 4332; x_wconf 84' lang='lat' dir='ltr'><strong>exspirarent.</strong></span> 
     </span>
    </p>
   </div>
  </div>
 </body>
</html>
