<?xml version="1.0" encoding="UTF-8"?>
<!DOCTYPE html PUBLIC "-//W3C//DTD XHTML 1.0 Transitional//EN"
    "http://www.w3.org/TR/xhtml1/DTD/xhtml1-transitional.dtd">
<html xmlns="http://www.w3.org/1999/xhtml" xml:lang="en" lang="en">
 <head>
  <title>
</title>
<meta http-equiv="Content-Type" content="text/html;charset=utf-8" />
  <meta name='ocr-system' content='tesseract 3.04.00' />
  <meta name='ocr-capabilities' content='ocr_page ocr_carea ocr_par ocr_line ocrx_word'/>
</head>
<body>
  <div class='ocr_page' id='page_1' title='image "./verachristianar00unkngoog_0160.png"; bbox 0 0 2750 4775; ppageno 0'>
   <div class='ocr_carea' id='block_1_1' title="bbox 445 338 2295 405">
    <p class='ocr_par' dir='ltr' id='par_1_1' title="bbox 445 338 2295 405">
     <span class='ocr_line' id='line_1_1' title="bbox 445 338 2295 405; baseline -0.004 -8"><span class='ocrx_word' id='word_1_1' title='bbox 445 357 552 405; x_wconf 65' lang='lat' dir='ltr'>ua</span> <span class='ocrx_word' id='word_1_2' title='bbox 670 341 1129 396; x_wconf 70' lang='lat' dir='ltr'>ufllvssnsa</span> <span class='ocrx_word' id='word_1_3' title='bbox 1171 339 1702 395; x_wconf 70' lang='lat' dir='ltr'>Tflssohoffla</span> <span class='ocrx_word' id='word_1_4' title='bbox 1756 341 1824 393; x_wconf 70' lang='grc' dir='ltr'>Ε.</span> <span class='ocrx_word' id='word_1_5' title='bbox 1866 339 1931 391; x_wconf 80' lang='lat' dir='ltr'>C.</span> <span class='ocrx_word' id='word_1_6' title='bbox 1973 340 2082 392; x_wconf 75' lang='grc' dir='ltr'>ΒΤ</span> <span class='ocrx_word' id='word_1_7' title='bbox 2120 338 2188 395; x_wconf 71' lang='lat' dir='ltr'>R.</span> <span class='ocrx_word' id='word_1_8' title='bbox 2229 338 2295 389; x_wconf 73' lang='lat' dir='ltr'>E,</span> 
     </span>
    </p>
   </div>
   <div class='ocr_carea' id='block_1_2' title="bbox 430 492 2541 2885">
    <p class='ocr_par' dir='ltr' id='par_1_2' title="bbox 430 492 2541 2885">
     <span class='ocr_line' id='line_1_2' title="bbox 438 492 2528 583; baseline -0.002 -22"><span class='ocrx_word' id='word_1_9' title='bbox 438 500 625 562; x_wconf 82' lang='lat' dir='ltr'>libera</span> <span class='ocrx_word' id='word_1_10' title='bbox 666 504 991 583; x_wconf 74' lang='lat' dir='ltr'>potestate,</span> <span class='ocrx_word' id='word_1_11' title='bbox 1037 503 1097 558; x_wconf 89' lang='lat' dir='ltr'>et</span> <span class='ocrx_word' id='word_1_12' title='bbox 1138 492 1243 560; x_wconf 73' lang='lat' dir='ltr'>flat</span> <span class='ocrx_word' id='word_1_13' title='bbox 1280 495 1430 569; x_wconf 80' lang='lat' dir='ltr'>illis,</span> <span class='ocrx_word' id='word_1_14' title='bbox 1481 516 1738 581; x_wconf 74' lang='lat' dir='ltr'>quornm</span> <span class='ocrx_word' id='word_1_15' title='bbox 1777 493 1970 557; x_wconf 66' lang='lat' dir='ltr'>{or-a</span> <span class='ocrx_word' id='word_1_16' title='bbox 2014 503 2258 558; x_wconf 81' lang='lat' dir='ltr'>externa</span> <span class='ocrx_word' id='word_1_17' title='bbox 2301 501 2401 559; x_wconf 82' lang='lat' dir='ltr'>ant</span> <span class='ocrx_word' id='word_1_18' title='bbox 2442 494 2528 556; x_wconf 59' lang='lat' dir='ltr'>ine</span> 
     </span>
     <span class='ocr_line' id='line_1_3' title="bbox 439 594 2530 685; baseline -0.002 -22"><span class='ocrx_word' id='word_1_19' title='bbox 439 612 609 663; x_wconf 81' lang='lat' dir='ltr'>terna</span> <span class='ocrx_word' id='word_1_20' title='bbox 639 597 1011 683; x_wconf 75' lang='lat' dir='ltr'>beneptaeet;</span> <span class='ocrx_word' id='word_1_21' title='bbox 1062 607 1167 660; x_wconf 78' lang='lat' dir='ltr'>ant</span> <span class='ocrx_word' id='word_1_22' title='bbox 1192 598 1351 685; x_wconf 83' lang='lat' dir='ltr'>qnod</span> <span class='ocrx_word' id='word_1_23' title='bbox 1384 595 1704 684; x_wconf 79' lang='lat' dir='ltr'>lmpntatio</span> <span class='ocrx_word' id='word_1_24' title='bbox 1730 594 1834 659; x_wconf 72' lang='lat' dir='ltr'>fiat</span> <span class='ocrx_word' id='word_1_25' title='bbox 1859 617 1933 658; x_wconf 83' lang='lat' dir='ltr'>ex</span> <span class='ocrx_word' id='word_1_26' title='bbox 1973 597 2360 679; x_wconf 69' lang='lat' dir='ltr'>praescientia</span> <span class='ocrx_word' id='word_1_27' title='bbox 2404 594 2530 670; x_wconf 82' lang='lat' dir='ltr'>illis,</span> 
     </span>
     <span class='ocr_line' id='line_1_4' title="bbox 439 696 2533 788; baseline -0.001 -25"><span class='ocrx_word' id='word_1_28' title='bbox 439 701 654 788; x_wconf 70' lang='lat' dir='ltr'>quibos</span> <span class='ocrx_word' id='word_1_29' title='bbox 676 698 867 783; x_wconf 77' lang='lat' dir='ltr'>gratia</span> <span class='ocrx_word' id='word_1_30' title='bbox 894 696 1087 763; x_wconf 77' lang='lat' dir='ltr'>infusa</span> <span class='ocrx_word' id='word_1_31' title='bbox 1115 708 1233 773; x_wconf 69' lang='lat' dir='ltr'>est,</span> <span class='ocrx_word' id='word_1_32' title='bbox 1285 706 1344 761; x_wconf 86' lang='lat' dir='ltr'>et</span> <span class='ocrx_word' id='word_1_33' title='bbox 1389 696 1536 761; x_wconf 74' lang='lat' dir='ltr'>fides</span> <span class='ocrx_word' id='word_1_34' title='bbox 1575 697 1676 761; x_wconf 83' lang='lat' dir='ltr'>illa</span> <span class='ocrx_word' id='word_1_35' title='bbox 1704 697 1988 784; x_wconf 87' lang='lat' dir='ltr'>applicari</span> <span class='ocrx_word' id='word_1_36' title='bbox 2019 706 2238 781; x_wconf 77' lang='lat' dir='ltr'>potest:</span> <span class='ocrx_word' id='word_1_37' title='bbox 2290 698 2392 761; x_wconf 75' lang='lat' dir='ltr'>sed</span> <span class='ocrx_word' id='word_1_38' title='bbox 2437 718 2533 760; x_wconf 79' lang='lat' dir='ltr'>ns-</span> 
     </span>
     <span class='ocr_line' id='line_1_5' title="bbox 440 798 2533 888; baseline 0 -25"><span class='ocrx_word' id='word_1_39' title='bbox 440 822 557 888; x_wconf 84' lang='lat' dir='ltr'>qne</span> <span class='ocrx_word' id='word_1_40' title='bbox 593 802 745 864; x_wconf 87' lang='lat' dir='ltr'>dnae</span> <span class='ocrx_word' id='word_1_41' title='bbox 782 799 921 863; x_wconf 83' lang='lat' dir='ltr'>illae</span> <span class='ocrx_word' id='word_1_42' title='bbox 955 799 1261 887; x_wconf 71' lang='lat' dir='ltr'>opiniones</span> <span class='ocrx_word' id='word_1_43' title='bbox 1304 798 1608 863; x_wconf 79' lang='lat' dir='ltr'>collimant</span> <span class='ocrx_word' id='word_1_44' title='bbox 1650 799 1728 862; x_wconf 87' lang='lat' dir='ltr'>ad</span> <span class='ocrx_word' id='word_1_45' title='bbox 1769 820 1948 861; x_wconf 82' lang='lat' dir='ltr'>unam</span> <span class='ocrx_word' id='word_1_46' title='bbox 1993 808 2244 874; x_wconf 74' lang='lat' dir='ltr'>metam,</span> <span class='ocrx_word' id='word_1_47' title='bbox 2295 810 2357 862; x_wconf 85' lang='lat' dir='ltr'>et</span> <span class='ocrx_word' id='word_1_48' title='bbox 2396 806 2533 864; x_wconf 80' lang='lat' dir='ltr'>sunt</span> 
     </span>
     <span class='ocr_line' id='line_1_6' title="bbox 435 899 2535 988; baseline -0.001 -23"><span class='ocrx_word' id='word_1_49' title='bbox 435 903 587 968; x_wconf 77' lang='lat' dir='ltr'>sient</span> <span class='ocrx_word' id='word_1_50' title='bbox 624 901 747 965; x_wconf 82' lang='lat' dir='ltr'>bini</span> <span class='ocrx_word' id='word_1_51' title='bbox 791 901 980 976; x_wconf 82' lang='lat' dir='ltr'>oculi,</span> <span class='ocrx_word' id='word_1_52' title='bbox 1029 901 1130 985; x_wconf 83' lang='lat' dir='ltr'>qui</span> <span class='ocrx_word' id='word_1_53' title='bbox 1174 923 1284 988; x_wconf 92' lang='lat' dir='ltr'>pro</span> <span class='ocrx_word' id='word_1_54' title='bbox 1324 901 1562 986; x_wconf 81' lang='lat' dir='ltr'>objecto</span> <span class='ocrx_word' id='word_1_55' title='bbox 1601 899 1825 964; x_wconf 78' lang='lat' dir='ltr'>liabent</span> <span class='ocrx_word' id='word_1_56' title='bbox 1864 921 2044 963; x_wconf 78' lang='lat' dir='ltr'>unuin</span> <span class='ocrx_word' id='word_1_57' title='bbox 2091 899 2376 986; x_wconf 80' lang='lat' dir='ltr'>lapidem.</span> <span class='ocrx_word' id='word_1_58' title='bbox 2431 907 2535 966; x_wconf 86' lang='lat' dir='ltr'>ant</span> 
     </span>
     <span class='ocr_line' id='line_1_7' title="bbox 433 998 2534 1087; baseline -0.003 -17"><span class='ocrx_word' id='word_1_59' title='bbox 433 1005 584 1070; x_wconf 75' lang='lat' dir='ltr'>sient</span> <span class='ocrx_word' id='word_1_60' title='bbox 615 1003 789 1066; x_wconf 81' lang='lat' dir='ltr'>binae</span> <span class='ocrx_word' id='word_1_61' title='bbox 814 1024 1021 1076; x_wconf 80' lang='lat' dir='ltr'>aures,</span> <span class='ocrx_word' id='word_1_62' title='bbox 1071 1023 1225 1086; x_wconf 84' lang='lat' dir='ltr'>qnae</span> <span class='ocrx_word' id='word_1_63' title='bbox 1252 1024 1361 1087; x_wconf 90' lang='lat' dir='ltr'>pro</span> <span class='ocrx_word' id='word_1_64' title='bbox 1389 1002 1626 1084; x_wconf 70' lang='lat' dir='ltr'>obiecto</span> <span class='ocrx_word' id='word_1_65' title='bbox 1659 999 1882 1064; x_wconf 82' lang='lat' dir='ltr'>habent</span> <span class='ocrx_word' id='word_1_66' title='bbox 1909 1022 2090 1063; x_wconf 85' lang='lat' dir='ltr'>unum</span> <span class='ocrx_word' id='word_1_67' title='bbox 2129 1011 2406 1065; x_wconf 89' lang='lat' dir='ltr'>cantum:</span> <span class='ocrx_word' id='word_1_68' title='bbox 2459 998 2534 1067; x_wconf 82' lang='lat' dir='ltr'>ad</span> 
     </span>
     <span class='ocr_line' id='line_1_8' title="bbox 438 1102 2536 1192; baseline -0.002 -23"><span class='ocrx_word' id='word_1_69' title='bbox 438 1105 693 1192; x_wconf 78' lang='lat' dir='ltr'>primuni</span> <span class='ocrx_word' id='word_1_70' title='bbox 722 1104 913 1166; x_wconf 62' lang='lat' dir='ltr'>visum</span> <span class='ocrx_word' id='word_1_71' title='bbox 940 1114 1183 1191; x_wconf 90' lang='lat' dir='ltr'>apparet</span> <span class='ocrx_word' id='word_1_72' title='bbox 1223 1103 1376 1166; x_wconf 80' lang='lat' dir='ltr'>sicut</span> <span class='ocrx_word' id='word_1_73' title='bbox 1401 1124 1434 1164; x_wconf 98' lang='lat' dir='ltr'>a</span> <span class='ocrx_word' id='word_1_74' title='bbox 1460 1123 1524 1165; x_wconf 83' lang='lat' dir='ltr'>se</span> <span class='ocrx_word' id='word_1_75' title='bbox 1557 1112 1762 1165; x_wconf 77' lang='lat' dir='ltr'>mutuo</span> <span class='ocrx_word' id='word_1_76' title='bbox 1801 1102 2050 1176; x_wconf 85' lang='lat' dir='ltr'>abeant,</span> <span class='ocrx_word' id='word_1_77' title='bbox 2099 1102 2208 1165; x_wconf 80' lang='lat' dir='ltr'>sed</span> <span class='ocrx_word' id='word_1_78' title='bbox 2249 1124 2434 1189; x_wconf 79' lang='lat' dir='ltr'>usque</span> <span class='ocrx_word' id='word_1_79' title='bbox 2476 1105 2536 1166; x_wconf 87' lang='lat' dir='ltr'>in</span> 
     </span>
     <span class='ocr_line' id='line_1_9' title="bbox 437 1202 2534 1290; baseline -0.001 -21"><span class='ocrx_word' id='word_1_80' title='bbox 437 1205 555 1269; x_wconf 80' lang='lat' dir='ltr'>fine</span> <span class='ocrx_word' id='word_1_81' title='bbox 580 1227 645 1269; x_wconf 72' lang='lat' dir='ltr'>se</span> <span class='ocrx_word' id='word_1_82' title='bbox 672 1204 1071 1289; x_wconf 79' lang='lat' dir='ltr'>conjungunt,</span> <span class='ocrx_word' id='word_1_83' title='bbox 1122 1214 1183 1266; x_wconf 90' lang='lat' dir='ltr'>et</span> <span class='ocrx_word' id='word_1_84' title='bbox 1208 1203 1546 1274; x_wconf 69' lang='lat' dir='ltr'>colludunt:</span> <span class='ocrx_word' id='word_1_85' title='bbox 1597 1223 1736 1267; x_wconf 76' lang='lat' dir='ltr'>nani</span> <span class='ocrx_word' id='word_1_86' title='bbox 1770 1224 1904 1265; x_wconf 85' lang='lat' dir='ltr'>cnm</span> <span class='ocrx_word' id='word_1_87' title='bbox 1944 1202 2220 1288; x_wconf 83' lang='lat' dir='ltr'>utrinqne</span> <span class='ocrx_word' id='word_1_88' title='bbox 2265 1205 2534 1290; x_wconf 86' lang='lat' dir='ltr'>plenaria</span> 
     </span>
     <span class='ocr_line' id='line_1_10' title="bbox 435 1302 2540 1392; baseline 0.001 -22"><span class='ocrx_word' id='word_1_89' title='bbox 435 1308 782 1392; x_wconf 80' lang='lat' dir='ltr'>impotentia</span> <span class='ocrx_word' id='word_1_90' title='bbox 806 1306 867 1368; x_wconf 91' lang='lat' dir='ltr'>in</span> <span class='ocrx_word' id='word_1_91' title='bbox 892 1305 1293 1390; x_wconf 69' lang='lat' dir='ltr'>spiritualibus</span> <span class='ocrx_word' id='word_1_92' title='bbox 1319 1305 1603 1377; x_wconf 85' lang='lat' dir='ltr'>traditur,</span> <span class='ocrx_word' id='word_1_93' title='bbox 1644 1314 1704 1366; x_wconf 91' lang='lat' dir='ltr'>et</span> <span class='ocrx_word' id='word_1_94' title='bbox 1730 1325 1904 1367; x_wconf 84' lang='lat' dir='ltr'>omne</span> <span class='ocrx_word' id='word_1_95' title='bbox 1929 1302 2180 1367; x_wconf 75' lang='lat' dir='ltr'>honiinis</span> <span class='ocrx_word' id='word_1_96' title='bbox 2206 1305 2540 1373; x_wconf 76' lang='lat' dir='ltr'>excluditur</span> 
     </span>
     <span class='ocr_line' id='line_1_11' title="bbox 436 1403 2538 1492; baseline 0 -20"><span class='ocrx_word' id='word_1_97' title='bbox 436 1429 473 1472; x_wconf 93' lang='lat' dir='ltr'>a</span> <span class='ocrx_word' id='word_1_98' title='bbox 498 1406 647 1482; x_wconf 77' lang='lat' dir='ltr'>fide,</span> <span class='ocrx_word' id='word_1_99' title='bbox 694 1409 963 1492; x_wconf 78' lang='lat' dir='ltr'>sequitur</span> <span class='ocrx_word' id='word_1_100' title='bbox 988 1406 1148 1492; x_wconf 85' lang='lat' dir='ltr'>qnod</span> <span class='ocrx_word' id='word_1_101' title='bbox 1175 1405 1368 1492; x_wconf 78' lang='lat' dir='ltr'>gratia</span> <span class='ocrx_word' id='word_1_102' title='bbox 1397 1404 1494 1468; x_wconf 84' lang='lat' dir='ltr'>illa</span> <span class='ocrx_word' id='word_1_103' title='bbox 1522 1407 1814 1492; x_wconf 82' lang='lat' dir='ltr'>receptrix</span> <span class='ocrx_word' id='word_1_104' title='bbox 1839 1403 2008 1480; x_wconf 82' lang='lat' dir='ltr'>fidei,</span> <span class='ocrx_word' id='word_1_105' title='bbox 2057 1425 2132 1467; x_wconf 82' lang='lat' dir='ltr'>ex</span> <span class='ocrx_word' id='word_1_106' title='bbox 2155 1407 2407 1471; x_wconf 79' lang='lat' dir='ltr'>arbitrio</span> <span class='ocrx_word' id='word_1_107' title='bbox 2433 1416 2538 1472; x_wconf 84' lang='lat' dir='ltr'>aut</span> 
     </span>
     <span class='ocr_line' id='line_1_12' title="bbox 436 1505 2536 1594; baseline -0.002 -19"><span class='ocrx_word' id='word_1_108' title='bbox 436 1530 509 1574; x_wconf 80' lang='lat' dir='ltr'>ex</span> <span class='ocrx_word' id='word_1_109' title='bbox 536 1509 956 1594; x_wconf 69' lang='lat' dir='ltr'>praescientia,</span> <span class='ocrx_word' id='word_1_110' title='bbox 1007 1506 1233 1580; x_wconf 77' lang='lat' dir='ltr'>infusa,</span> <span class='ocrx_word' id='word_1_111' title='bbox 1281 1506 1358 1571; x_wconf 80' lang='lat' dir='ltr'>sit</span> <span class='ocrx_word' id='word_1_112' title='bbox 1381 1506 1588 1571; x_wconf 77' lang='lat' dir='ltr'>similis</span> <span class='ocrx_word' id='word_1_113' title='bbox 1621 1505 1866 1578; x_wconf 86' lang='lat' dir='ltr'>electio,</span> <span class='ocrx_word' id='word_1_114' title='bbox 1907 1526 2056 1568; x_wconf 78' lang='lat' dir='ltr'>nam</span> <span class='ocrx_word' id='word_1_115' title='bbox 2093 1506 2142 1570; x_wconf 87' lang='lat' dir='ltr'>si</span> <span class='ocrx_word' id='word_1_116' title='bbox 2181 1509 2374 1590; x_wconf 81' lang='lat' dir='ltr'>gratia</span> <span class='ocrx_word' id='word_1_117' title='bbox 2416 1508 2536 1586; x_wconf 85' lang='lat' dir='ltr'>illa,</span> 
     </span>
     <span class='ocr_line' id='line_1_13' title="bbox 435 1604 2538 1697; baseline -0 -24"><span class='ocrx_word' id='word_1_118' title='bbox 435 1630 589 1697; x_wconf 77' lang='lat' dir='ltr'>qnae</span> <span class='ocrx_word' id='word_1_119' title='bbox 619 1621 871 1675; x_wconf 79' lang='lat' dir='ltr'>vocatur</span> <span class='ocrx_word' id='word_1_120' title='bbox 910 1610 1329 1695; x_wconf 72' lang='lat' dir='ltr'>praeveniens,</span> <span class='ocrx_word' id='word_1_121' title='bbox 1381 1604 1536 1672; x_wconf 79' lang='lat' dir='ltr'>foret</span> <span class='ocrx_word' id='word_1_122' title='bbox 1573 1606 1958 1681; x_wconf 75' lang='lat' dir='ltr'>universalis,</span> <span class='ocrx_word' id='word_1_123' title='bbox 2005 1607 2317 1670; x_wconf 75' lang='lat' dir='ltr'>accederet</span> <span class='ocrx_word' id='word_1_124' title='bbox 2353 1609 2538 1695; x_wconf 75' lang='lat' dir='ltr'>appli-</span> 
     </span>
     <span class='ocr_line' id='line_1_14' title="bbox 436 1708 2540 1796; baseline -0 -22"><span class='ocrx_word' id='word_1_125' title='bbox 436 1711 597 1774; x_wconf 80' lang='lat' dir='ltr'>catio</span> <span class='ocrx_word' id='word_1_126' title='bbox 620 1708 877 1774; x_wconf 83' lang='lat' dir='ltr'>hominis</span> <span class='ocrx_word' id='word_1_127' title='bbox 902 1732 975 1772; x_wconf 84' lang='lat' dir='ltr'>ex</span> <span class='ocrx_word' id='word_1_128' title='bbox 997 1711 1195 1795; x_wconf 80' lang='lat' dir='ltr'>aliqua</span> <span class='ocrx_word' id='word_1_129' title='bbox 1222 1731 1327 1772; x_wconf 82' lang='lat' dir='ltr'>sua</span> <span class='ocrx_word' id='word_1_130' title='bbox 1357 1708 1652 1796; x_wconf 84' lang='lat' dir='ltr'>potentia,</span> <span class='ocrx_word' id='word_1_131' title='bbox 1705 1728 1860 1792; x_wconf 82' lang='lat' dir='ltr'>quae</span> <span class='ocrx_word' id='word_1_132' title='bbox 1891 1716 2092 1771; x_wconf 76' lang='lat' dir='ltr'>tamen</span> <span class='ocrx_word' id='word_1_133' title='bbox 2111 1718 2184 1772; x_wconf 74' lang='lat' dir='ltr'>nt</span> <span class='ocrx_word' id='word_1_134' title='bbox 2209 1709 2377 1796; x_wconf 83' lang='lat' dir='ltr'>lepra</span> <span class='ocrx_word' id='word_1_135' title='bbox 2404 1711 2540 1794; x_wconf 76' lang='lat' dir='ltr'>reji-</span> 
     </span>
     <span class='ocr_line' id='line_1_15' title="bbox 438 1806 2539 1897; baseline 0.001 -23"><span class='ocrx_word' id='word_1_136' title='bbox 438 1811 607 1876; x_wconf 86' lang='lat' dir='ltr'>citur.</span> <span class='ocrx_word' id='word_1_137' title='bbox 688 1810 833 1875; x_wconf 77' lang='lat' dir='ltr'>lude</span> <span class='ocrx_word' id='word_1_138' title='bbox 861 1820 981 1884; x_wconf 79' lang='lat' dir='ltr'>est,</span> <span class='ocrx_word' id='word_1_139' title='bbox 1032 1809 1191 1894; x_wconf 84' lang='lat' dir='ltr'>quod</span> <span class='ocrx_word' id='word_1_140' title='bbox 1221 1831 1398 1872; x_wconf 85' lang='lat' dir='ltr'>nemo</span> <span class='ocrx_word' id='word_1_141' title='bbox 1419 1810 1604 1883; x_wconf 76' lang='lat' dir='ltr'>sciat,</span> <span class='ocrx_word' id='word_1_142' title='bbox 1654 1830 1796 1872; x_wconf 76' lang='lat' dir='ltr'>nuni</span> <span class='ocrx_word' id='word_1_143' title='bbox 1826 1806 1972 1871; x_wconf 80' lang='lat' dir='ltr'>fides</span> <span class='ocrx_word' id='word_1_144' title='bbox 1998 1808 2096 1872; x_wconf 87' lang='lat' dir='ltr'>illa</span> <span class='ocrx_word' id='word_1_145' title='bbox 2137 1810 2215 1872; x_wconf 87' lang='lat' dir='ltr'>sit</span> <span class='ocrx_word' id='word_1_146' title='bbox 2243 1832 2316 1874; x_wconf 84' lang='lat' dir='ltr'>ex</span> <span class='ocrx_word' id='word_1_147' title='bbox 2345 1813 2539 1897; x_wconf 76' lang='lat' dir='ltr'>gratia</span> 
     </span>
     <span class='ocr_line' id='line_1_16' title="bbox 435 1908 2536 1997; baseline -0 -21"><span class='ocrx_word' id='word_1_148' title='bbox 435 1912 489 1975; x_wconf 86' lang='lat' dir='ltr'>ei</span> <span class='ocrx_word' id='word_1_149' title='bbox 515 1913 763 1984; x_wconf 86' lang='lat' dir='ltr'>donata,</span> <span class='ocrx_word' id='word_1_150' title='bbox 818 1912 947 1997; x_wconf 81' lang='lat' dir='ltr'>plns</span> <span class='ocrx_word' id='word_1_151' title='bbox 970 1931 1149 1994; x_wconf 82' lang='lat' dir='ltr'>quam</span> <span class='ocrx_word' id='word_1_152' title='bbox 1176 1920 1422 1975; x_wconf 81' lang='lat' dir='ltr'>truncus</span> <span class='ocrx_word' id='word_1_153' title='bbox 1451 1921 1554 1972; x_wconf 82' lang='lat' dir='ltr'>aut</span> <span class='ocrx_word' id='word_1_154' title='bbox 1582 1909 1760 1996; x_wconf 81' lang='lat' dir='ltr'>lapis,</span> <span class='ocrx_word' id='word_1_155' title='bbox 1810 1909 2002 1996; x_wconf 80' lang='lat' dir='ltr'>qualis</span> <span class='ocrx_word' id='word_1_156' title='bbox 2027 1908 2146 1973; x_wconf 78' lang='lat' dir='ltr'>fnit.</span> <span class='ocrx_word' id='word_1_157' title='bbox 2177 1930 2312 1975; x_wconf 81' lang='lat' dir='ltr'>cnm</span> <span class='ocrx_word' id='word_1_158' title='bbox 2342 1911 2536 1989; x_wconf 66' lang='lat' dir='ltr'>infusa</span> 
     </span>
     <span class='ocr_line' id='line_1_17' title="bbox 432 2009 2539 2098; baseline 0.001 -21"><span class='ocrx_word' id='word_1_159' title='bbox 432 2025 555 2089; x_wconf 80' lang='lat' dir='ltr'>est,</span> <span class='ocrx_word' id='word_1_160' title='bbox 603 2035 727 2076; x_wconf 89' lang='lat' dir='ltr'>non</span> <span class='ocrx_word' id='word_1_161' title='bbox 749 2014 905 2076; x_wconf 87' lang='lat' dir='ltr'>enim</span> <span class='ocrx_word' id='word_1_162' title='bbox 940 2012 1115 2074; x_wconf 79' lang='lat' dir='ltr'>datur</span> <span class='ocrx_word' id='word_1_163' title='bbox 1138 2012 1369 2098; x_wconf 80' lang='lat' dir='ltr'>signum</span> <span class='ocrx_word' id='word_1_164' title='bbox 1397 2009 1717 2075; x_wconf 73' lang='lat' dir='ltr'>testificans</span> <span class='ocrx_word' id='word_1_165' title='bbox 1739 2010 1901 2074; x_wconf 85' lang='lat' dir='ltr'>illam</span> <span class='ocrx_word' id='word_1_166' title='bbox 1919 2058 1938 2083; x_wconf 92' lang='lat'>,</span> <span class='ocrx_word' id='word_1_167' title='bbox 1991 2010 2232 2095; x_wconf 82' lang='lat' dir='ltr'>qnando</span> <span class='ocrx_word' id='word_1_168' title='bbox 2259 2012 2539 2087; x_wconf 78' lang='lat' dir='ltr'>charzitas,</span> 
     </span>
     <span class='ocr_line' id='line_1_18' title="bbox 434 2111 2536 2202; baseline 0.001 -26"><span class='ocrx_word' id='word_1_169' title='bbox 434 2115 655 2202; x_wconf 81' lang='lat' dir='ltr'>pietas,</span> <span class='ocrx_word' id='word_1_170' title='bbox 702 2112 959 2177; x_wconf 81' lang='lat' dir='ltr'>studium</span> <span class='ocrx_word' id='word_1_171' title='bbox 988 2134 1179 2177; x_wconf 77' lang='lat' dir='ltr'>novae</span> <span class='ocrx_word' id='word_1_172' title='bbox 1208 2113 1399 2186; x_wconf 79' lang='lat' dir='ltr'>vitae,</span> <span class='ocrx_word' id='word_1_173' title='bbox 1453 2122 1511 2175; x_wconf 90' lang='lat' dir='ltr'>et</span> <span class='ocrx_word' id='word_1_174' title='bbox 1536 2111 1720 2177; x_wconf 82' lang='lat' dir='ltr'>libera</span> <span class='ocrx_word' id='word_1_175' title='bbox 1751 2111 2002 2175; x_wconf 78' lang='lat' dir='ltr'>facultas</span> <span class='ocrx_word' id='word_1_176' title='bbox 2024 2111 2279 2179; x_wconf 78' lang='lat' dir='ltr'>faciendi</span> <span class='ocrx_word' id='word_1_177' title='bbox 2308 2114 2536 2178; x_wconf 81' lang='lat' dir='ltr'>bonum</span> 
     </span>
     <span class='ocr_line' id='line_1_19' title="bbox 432 2211 2540 2300; baseline 0 -20"><span class='ocrx_word' id='word_1_178' title='bbox 432 2216 585 2280; x_wconf 76' lang='lat' dir='ltr'>sient</span> <span class='ocrx_word' id='word_1_179' title='bbox 611 2215 863 2287; x_wconf 80' lang='lat' dir='ltr'>malum,</span> <span class='ocrx_word' id='word_1_180' title='bbox 912 2213 1135 2277; x_wconf 83' lang='lat' dir='ltr'>homini</span> <span class='ocrx_word' id='word_1_181' title='bbox 1162 2213 1520 2300; x_wconf 78' lang='lat' dir='ltr'>denegator:</span> <span class='ocrx_word' id='word_1_182' title='bbox 1571 2213 1738 2300; x_wconf 76' lang='lat' dir='ltr'>signa</span> <span class='ocrx_word' id='word_1_183' title='bbox 1766 2211 2136 2276; x_wconf 71' lang='lat' dir='ltr'>testificantia</span> <span class='ocrx_word' id='word_1_184' title='bbox 2163 2213 2344 2278; x_wconf 80' lang='lat' dir='ltr'>fidem</span> <span class='ocrx_word' id='word_1_185' title='bbox 2376 2217 2540 2280; x_wconf 75' lang='lat' dir='ltr'>illam</span> 
     </span>
     <span class='ocr_line' id='line_1_20' title="bbox 435 2313 2540 2400; baseline 0.001 -22"><span class='ocrx_word' id='word_1_186' title='bbox 435 2317 495 2378; x_wconf 92' lang='lat' dir='ltr'>in</span> <span class='ocrx_word' id='word_1_187' title='bbox 525 2316 797 2389; x_wconf 87' lang='lat' dir='ltr'>homine,</span> <span class='ocrx_word' id='word_1_188' title='bbox 847 2336 1001 2400; x_wconf 84' lang='lat' dir='ltr'>qnae</span> <span class='ocrx_word' id='word_1_189' title='bbox 1027 2315 1378 2390; x_wconf 84' lang='lat' dir='ltr'>traduntur,</span> <span class='ocrx_word' id='word_1_190' title='bbox 1426 2324 1562 2378; x_wconf 84' lang='lat' dir='ltr'>snnt</span> <span class='ocrx_word' id='word_1_191' title='bbox 1600 2314 1798 2377; x_wconf 80' lang='lat' dir='ltr'>omnia</span> <span class='ocrx_word' id='word_1_192' title='bbox 1839 2313 2100 2387; x_wconf 70' lang='lat' dir='ltr'>ludim-a,</span> <span class='ocrx_word' id='word_1_193' title='bbox 2151 2325 2214 2378; x_wconf 89' lang='lat' dir='ltr'>et</span> <span class='ocrx_word' id='word_1_194' title='bbox 2255 2337 2378 2379; x_wconf 92' lang='lat' dir='ltr'>non</span> <span class='ocrx_word' id='word_1_195' title='bbox 2405 2317 2540 2381; x_wconf 85' lang='lat' dir='ltr'>—alia</span> 
     </span>
     <span class='ocr_line' id='line_1_21' title="bbox 435 2416 2541 2501; baseline 0.002 -23"><span class='ocrx_word' id='word_1_196' title='bbox 435 2438 613 2498; x_wconf 84' lang='lat' dir='ltr'>qnam</span> <span class='ocrx_word' id='word_1_197' title='bbox 642 2418 890 2501; x_wconf 77' lang='lat' dir='ltr'>auguria</span> <span class='ocrx_word' id='word_1_198' title='bbox 921 2426 1187 2479; x_wconf 79' lang='lat' dir='ltr'>veterum</span> <span class='ocrx_word' id='word_1_199' title='bbox 1213 2438 1287 2479; x_wconf 81' lang='lat' dir='ltr'>ex</span> <span class='ocrx_word' id='word_1_200' title='bbox 1315 2416 1524 2480; x_wconf 75' lang='lat' dir='ltr'>votam</span> <span class='ocrx_word' id='word_1_201' title='bbox 1545 2417 1744 2479; x_wconf 79' lang='lat' dir='ltr'>avium</span> <span class='ocrx_word' id='word_1_202' title='bbox 1763 2465 1781 2492; x_wconf 94' lang='lat'>,</span> <span class='ocrx_word' id='word_1_203' title='bbox 1825 2425 1928 2478; x_wconf 83' lang='lat' dir='ltr'>ant</span> <span class='ocrx_word' id='word_1_204' title='bbox 1952 2416 2318 2499; x_wconf 75' lang='lat' dir='ltr'>diagnostica</span> <span class='ocrx_word' id='word_1_205' title='bbox 2349 2430 2541 2482; x_wconf 49' lang='lat' dir='ltr'>astro*</span> 
     </span>
     <span class='ocr_line' id='line_1_22' title="bbox 438 2515 2539 2602; baseline 0.002 -23"><span class='ocrx_word' id='word_1_206' title='bbox 438 2518 707 2601; x_wconf 70' lang='lat' dir='ltr'>logon-um</span> <span class='ocrx_word' id='word_1_207' title='bbox 735 2539 807 2581; x_wconf 84' lang='lat' dir='ltr'>ex</span> <span class='ocrx_word' id='word_1_208' title='bbox 832 2518 1034 2592; x_wconf 79' lang='lat' dir='ltr'>astris,</span> <span class='ocrx_word' id='word_1_209' title='bbox 1086 2526 1188 2580; x_wconf 83' lang='lat' dir='ltr'>aut</span> <span class='ocrx_word' id='word_1_210' title='bbox 1232 2515 1662 2581; x_wconf 83' lang='lat' dir='ltr'>ludificatormn</span> <span class='ocrx_word' id='word_1_211' title='bbox 1703 2539 1775 2581; x_wconf 82' lang='lat' dir='ltr'>ex</span> <span class='ocrx_word' id='word_1_212' title='bbox 1801 2517 1980 2594; x_wconf 56' lang='lat' dir='ltr'>talis„</span> <span class='ocrx_word' id='word_1_213' title='bbox 2027 2517 2420 2602; x_wconf 65' lang='lat' dir='ltr'>Huiusmodi,</span> <span class='ocrx_word' id='word_1_214' title='bbox 2480 2530 2539 2584; x_wconf 88' lang='lat' dir='ltr'>et</span> 
     </span>
     <span class='ocr_line' id='line_1_23' title="bbox 430 2617 2540 2706; baseline 0.001 -23"><span class='ocrx_word' id='word_1_215' title='bbox 430 2618 755 2683; x_wconf 82' lang='lat' dir='ltr'>ludicriora</span> <span class='ocrx_word' id='word_1_216' title='bbox 787 2619 981 2682; x_wconf 84' lang='lat' dir='ltr'>adbuc</span> <span class='ocrx_word' id='word_1_217' title='bbox 1004 2627 1335 2704; x_wconf 74' lang='lat' dir='ltr'>seq&#39;uuntur</span> <span class='ocrx_word' id='word_1_218' title='bbox 1359 2640 1432 2682; x_wconf 84' lang='lat' dir='ltr'>ex</span> <span class='ocrx_word' id='word_1_219' title='bbox 1473 2620 1760 2704; x_wconf 84' lang='lat' dir='ltr'>imputata</span> <span class='ocrx_word' id='word_1_220' title='bbox 1798 2619 2020 2702; x_wconf 80' lang='lat' dir='ltr'>justitia</span> <span class='ocrx_word' id='word_1_221' title='bbox 2048 2617 2322 2695; x_wconf 85' lang='lat' dir='ltr'>Domini,</span> <span class='ocrx_word' id='word_1_222' title='bbox 2380 2642 2540 2706; x_wconf 81' lang='lat' dir='ltr'>quae</span> 
     </span>
     <span class='ocr_line' id='line_1_24' title="bbox 436 2716 2541 2806; baseline 0.002 -25"><span class='ocrx_word' id='word_1_223' title='bbox 436 2739 555 2781; x_wconf 87' lang='lat' dir='ltr'>nna</span> <span class='ocrx_word' id='word_1_224' title='bbox 598 2740 731 2782; x_wconf 84' lang='lat' dir='ltr'>cum</span> <span class='ocrx_word' id='word_1_225' title='bbox 777 2716 920 2793; x_wconf 82' lang='lat' dir='ltr'>fide,</span> <span class='ocrx_word' id='word_1_226' title='bbox 975 2740 1129 2806; x_wconf 84' lang='lat' dir='ltr'>quae</span> <span class='ocrx_word' id='word_1_227' title='bbox 1180 2727 1429 2785; x_wconf 79' lang='lat' dir='ltr'>vocatur</span> <span class='ocrx_word' id='word_1_228' title='bbox 1475 2720 1578 2783; x_wconf 81' lang='lat' dir='ltr'>iila-</span> <span class='ocrx_word' id='word_1_229' title='bbox 1623 2721 1875 2802; x_wconf 82' lang='lat' dir='ltr'>justitia,</span> <span class='ocrx_word' id='word_1_230' title='bbox 1927 2720 2117 2786; x_wconf 84' lang='lat' dir='ltr'>electo</span> <span class='ocrx_word' id='word_1_231' title='bbox 2171 2718 2399 2785; x_wconf 79' lang='lat' dir='ltr'>homini</span> <span class='ocrx_word' id='word_1_232' title='bbox 2454 2723 2541 2785; x_wconf 90' lang='lat' dir='ltr'>in·</span> 
     </span>
     <span class='ocr_line' id='line_1_25' title="bbox 433 2819 639 2885; baseline -0.01 -1"><span class='ocrx_word' id='word_1_233' title='bbox 433 2819 639 2885; x_wconf 79' lang='lat' dir='ltr'>fertur.</span> 
     </span>
    </p>
   </div>
   <div class='ocr_carea' id='block_1_3' title="bbox 430 3045 2544 3341">
    <p class='ocr_par' dir='ltr' id='par_1_3' title="bbox 430 3045 2544 3341">
     <span class='ocr_line' id='line_1_26' title="bbox 439 3045 2544 3141; baseline 0.001 -30"><span class='ocrx_word' id='word_1_234' title='bbox 439 3045 627 3130; x_wconf 82' lang='lat' dir='ltr'>Quod</span> <span class='ocrx_word' id='word_1_235' title='bbox 659 3048 849 3114; x_wconf 83' lang='lat' dir='ltr'>Fides</span> <span class='ocrx_word' id='word_1_236' title='bbox 867 3098 885 3125; x_wconf 99' lang='lat'>,</span> <span class='ocrx_word' id='word_1_237' title='bbox 943 3073 1099 3141; x_wconf 80' lang='lat' dir='ltr'>quae</span> <span class='ocrx_word' id='word_1_238' title='bbox 1135 3062 1227 3114; x_wconf 84' lang='lat' dir='ltr'>est</span> <span class='ocrx_word' id='word_1_239' title='bbox 1266 3051 1621 3141; x_wconf 65' lang='lat' dir='ltr'>imputativa</span> <span class='ocrx_word' id='word_1_240' title='bbox 1662 3052 1857 3115; x_wconf 73' lang='lat' dir='ltr'>meriti</span> <span class='ocrx_word' id='word_1_241' title='bbox 1889 3061 1946 3113; x_wconf 81' lang='lat' dir='ltr'>et</span> <span class='ocrx_word' id='word_1_242' title='bbox 1978 3050 2260 3135; x_wconf 75' lang='lat' dir='ltr'>justitiae</span> <span class='ocrx_word' id='word_1_243' title='bbox 2310 3048 2544 3114; x_wconf 76' lang='lat' dir='ltr'>Christi</span> 
     </span>
     <span class='ocr_line' id='line_1_27' title="bbox 430 3147 2540 3242; baseline 0.001 -29"><span class='ocrx_word' id='word_1_244' title='bbox 430 3147 865 3242; x_wconf 77' lang='lat' dir='ltr'>Redemptor-is,</span> <span class='ocrx_word' id='word_1_245' title='bbox 912 3155 1169 3238; x_wconf 76' lang='lat' dir='ltr'>primum</span> <span class='ocrx_word' id='word_1_246' title='bbox 1211 3165 1428 3215; x_wconf 73' lang='lat' dir='ltr'>exorta</span> <span class='ocrx_word' id='word_1_247' title='bbox 1455 3155 1540 3215; x_wconf 80' lang='lat' dir='ltr'>sit</span> <span class='ocrx_word' id='word_1_248' title='bbox 1570 3175 1612 3215; x_wconf 86' lang='lat' dir='ltr'><strong><em>a</em></strong></span> <span class='ocrx_word' id='word_1_249' title='bbox 1653 3149 1907 3215; x_wconf 77' lang='lat' dir='ltr'>decretis</span> <span class='ocrx_word' id='word_1_250' title='bbox 1929 3148 2176 3238; x_wconf 74' lang='lat' dir='ltr'>Synodi</span> <span class='ocrx_word' id='word_1_251' title='bbox 2210 3151 2292 3216; x_wconf 87' lang='lat' dir='ltr'><em>N</em></span> <span class='ocrx_word' id='word_1_252' title='bbox 2285 3154 2540 3216; x_wconf 74' lang='lat' dir='ltr'>icaenae</span> 
     </span>
     <span class='ocr_line' id='line_1_28' title="bbox 431 3249 2542 3341; baseline 0 -25"><span class='ocrx_word' id='word_1_253' title='bbox 431 3249 511 3316; x_wconf 85' lang='lat' dir='ltr'>de</span> <span class='ocrx_word' id='word_1_254' title='bbox 557 3251 777 3320; x_wconf 80' lang='lat' dir='ltr'>Tribus</span> <span class='ocrx_word' id='word_1_255' title='bbox 819 3250 1113 3317; x_wconf 69' lang='lat' dir='ltr'>Perennis</span> <span class='ocrx_word' id='word_1_256' title='bbox 1156 3251 1398 3317; x_wconf 78' lang='lat' dir='ltr'>Divinis</span> <span class='ocrx_word' id='word_1_257' title='bbox 1438 3252 1519 3316; x_wconf 82' lang='lat' dir='ltr'>ab</span> <span class='ocrx_word' id='word_1_258' title='bbox 1557 3265 1830 3326; x_wconf 80' lang='lat' dir='ltr'>aeterno,</span> <span class='ocrx_word' id='word_1_259' title='bbox 1881 3274 2038 3341; x_wconf 82' lang='lat' dir='ltr'>quae</span> <span class='ocrx_word' id='word_1_260' title='bbox 2073 3250 2266 3317; x_wconf 70' lang='lat' dir='ltr'>Fides</span> <span class='ocrx_word' id='word_1_261' title='bbox 2311 3278 2354 3317; x_wconf 79' lang='grc' dir='ltr'><em>α</em></span> <span class='ocrx_word' id='word_1_262' title='bbox 2391 3267 2542 3316; x_wconf 82' lang='lat' dir='ltr'>tem-</span> 
     </span>
    </p>
   </div>
   <div class='ocr_carea' id='block_1_4' title="bbox 473 3350 2546 3445">
    <p class='ocr_par' dir='ltr' id='par_1_4' title="bbox 473 3350 2546 3445">
     <span class='ocr_line' id='line_1_29' title="bbox 473 3350 2546 3445; baseline -0 -28"><span class='ocrx_word' id='word_1_263' title='bbox 473 3376 627 3443; x_wconf 78' lang='lat' dir='ltr'>pore</span> <span class='ocrx_word' id='word_1_264' title='bbox 663 3350 775 3418; x_wconf 83' lang='lat' dir='ltr'>illo</span> <span class='ocrx_word' id='word_1_265' title='bbox 813 3352 905 3419; x_wconf 84' lang='lat' dir='ltr'>ad</span> <span class='ocrx_word' id='word_1_266' title='bbox 932 3375 1227 3445; x_wconf 80' lang='lat' dir='ltr'>praesens</span> <span class='ocrx_word' id='word_1_267' title='bbox 1254 3376 1298 3417; x_wconf 79' lang='lat' dir='ltr'><em>a</em></span> <span class='ocrx_word' id='word_1_268' title='bbox 1341 3366 1468 3417; x_wconf 79' lang='lat' dir='ltr'>toto</span> <span class='ocrx_word' id='word_1_269' title='bbox 1502 3350 1848 3417; x_wconf 77' lang='lat' dir='ltr'>Christiano</span> <span class='ocrx_word' id='word_1_270' title='bbox 1885 3351 2049 3417; x_wconf 81' lang='lat' dir='ltr'>Orbe</span> <span class='ocrx_word' id='word_1_271' title='bbox 2092 3366 2328 3445; x_wconf 78' lang='lat' dir='ltr'>recepta</span> <span class='ocrx_word' id='word_1_272' title='bbox 2371 3367 2483 3418; x_wconf 84' lang='lat' dir='ltr'>est.</span> <span class='ocrx_word' id='word_1_273' title='bbox 2539 3385 2546 3394; x_wconf 93' lang='lat'><strong>·</strong></span> 
     </span>
    </p>
   </div>
   <div class='ocr_carea' id='block_1_5' title="bbox 421 3528 2544 4320">
    <p class='ocr_par' dir='ltr' id='par_1_5' title="bbox 421 3528 2544 4320">
     <span class='ocr_line' id='line_1_30' title="bbox 585 3528 2543 3619; baseline 0.001 -27"><span class='ocrx_word' id='word_1_274' title='bbox 585 3532 733 3592; x_wconf 73' lang='lat'>632.</span> <span class='ocrx_word' id='word_1_275' title='bbox 789 3530 963 3610; x_wconf 82' lang='lat' dir='ltr'>Quod</span> <span class='ocrx_word' id='word_1_276' title='bbox 1007 3529 1203 3617; x_wconf 84' lang='lat' dir='ltr'>Ipsam</span> <span class='ocrx_word' id='word_1_277' title='bbox 1240 3529 1550 3619; x_wconf 82' lang='lat' dir='ltr'>Synodnm</span> <span class='ocrx_word' id='word_1_278' title='bbox 1578 3529 1908 3594; x_wconf 83' lang='lat' dir='ltr'>Nicaenam</span> <span class='ocrx_word' id='word_1_279' title='bbox 1936 3528 2166 3603; x_wconf 83' lang='lat' dir='ltr'>attinet,</span> <span class='ocrx_word' id='word_1_280' title='bbox 2218 3528 2380 3593; x_wconf 88' lang='lat' dir='ltr'>illam</span> <span class='ocrx_word' id='word_1_281' title='bbox 2421 3529 2543 3598; x_wconf 75' lang='lat' dir='ltr'>lm·</span> 
     </span>
     <span class='ocr_line' id='line_1_31' title="bbox 426 3627 2539 3717; baseline 0.003 -25"><span class='ocrx_word' id='word_1_282' title='bbox 426 3639 667 3717; x_wconf 84' lang='lat' dir='ltr'>perator</span> <span class='ocrx_word' id='word_1_283' title='bbox 704 3629 1125 3695; x_wconf 78' lang='lat' dir='ltr'>Constantinus</span> <span class='ocrx_word' id='word_1_284' title='bbox 1152 3649 1402 3716; x_wconf 80' lang='lat' dir='ltr'>magnus</span> <span class='ocrx_word' id='word_1_285' title='bbox 1423 3650 1600 3695; x_wconf 80' lang='lat' dir='ltr'>suasu</span> <span class='ocrx_word' id='word_1_286' title='bbox 1625 3629 1942 3695; x_wconf 76' lang='lat' dir='ltr'>Alexandri</span> <span class='ocrx_word' id='word_1_287' title='bbox 1971 3628 2244 3714; x_wconf 78' lang='lat' dir='ltr'>Episcopi</span> <span class='ocrx_word' id='word_1_288' title='bbox 2274 3627 2539 3698; x_wconf 84' lang='lat' dir='ltr'>Alexan·</span> 
     </span>
     <span class='ocr_line' id='line_1_32' title="bbox 431 3729 2544 3818; baseline 0.001 -24"><span class='ocrx_word' id='word_1_289' title='bbox 431 3730 583 3794; x_wconf 88' lang='lat' dir='ltr'>drini</span> <span class='ocrx_word' id='word_1_290' title='bbox 623 3753 695 3793; x_wconf 85' lang='lat' dir='ltr'>ex</span> <span class='ocrx_word' id='word_1_291' title='bbox 722 3733 995 3796; x_wconf 81' lang='lat' dir='ltr'>omnibns</span> <span class='ocrx_word' id='word_1_292' title='bbox 1030 3731 1333 3818; x_wconf 84' lang='lat' dir='ltr'>Episcopis</span> <span class='ocrx_word' id='word_1_293' title='bbox 1370 3731 1432 3793; x_wconf 88' lang='lat' dir='ltr'>in</span> <span class='ocrx_word' id='word_1_294' title='bbox 1461 3731 1634 3805; x_wconf 78' lang='lat' dir='ltr'>Asia,</span> <span class='ocrx_word' id='word_1_295' title='bbox 1683 3729 1885 3796; x_wconf 84' lang='lat' dir='ltr'>Africa</span> <span class='ocrx_word' id='word_1_296' title='bbox 1926 3739 1985 3792; x_wconf 86' lang='lat' dir='ltr'>et</span> <span class='ocrx_word' id='word_1_297' title='bbox 2029 3729 2267 3817; x_wconf 84' lang='lat' dir='ltr'>Europa</span> <span class='ocrx_word' id='word_1_298' title='bbox 2311 3753 2544 3798; x_wconf 86' lang='lat' dir='ltr'>convo-</span> 
     </span>
     <span class='ocr_line' id='line_1_33' title="bbox 429 3829 2542 3922; baseline -0 -25"><span class='ocrx_word' id='word_1_299' title='bbox 429 3832 596 3907; x_wconf 83' lang='lat' dir='ltr'>catis,</span> <span class='ocrx_word' id='word_1_300' title='bbox 632 3831 692 3895; x_wconf 92' lang='lat' dir='ltr'>in</span> <span class='ocrx_word' id='word_1_301' title='bbox 720 3833 910 3919; x_wconf 80' lang='lat' dir='ltr'>Regia</span> <span class='ocrx_word' id='word_1_302' title='bbox 936 3854 1044 3898; x_wconf 83' lang='lat' dir='ltr'>sua</span> <span class='ocrx_word' id='word_1_303' title='bbox 1070 3834 1332 3900; x_wconf 76' lang='lat' dir='ltr'>Nicaeae</span> <span class='ocrx_word' id='word_1_304' title='bbox 1359 3833 1524 3897; x_wconf 84' lang='lat' dir='ltr'>urbis</span> <span class='ocrx_word' id='word_1_305' title='bbox 1551 3830 1870 3922; x_wconf 76' lang='lat' dir='ltr'>Bithyniae</span> <span class='ocrx_word' id='word_1_306' title='bbox 1895 3829 2122 3904; x_wconf 77' lang='lat' dir='ltr'>habuit,</span> <span class='ocrx_word' id='word_1_307' title='bbox 2161 3841 2228 3894; x_wconf 85' lang='lat' dir='ltr'>ut</span> <span class='ocrx_word' id='word_1_308' title='bbox 2255 3831 2542 3906; x_wconf 72' lang='lat' dir='ltr'>haeresin</span> 
     </span>
     <span class='ocr_line' id='line_1_34' title="bbox 424 3929 2544 4024; baseline 0 -27"><span class='ocrx_word' id='word_1_309' title='bbox 424 3929 553 3997; x_wconf 84' lang='lat' dir='ltr'>Arii</span> <span class='ocrx_word' id='word_1_310' title='bbox 584 3934 913 4024; x_wconf 81' lang='lat' dir='ltr'>presbyteri</span> <span class='ocrx_word' id='word_1_311' title='bbox 939 3930 1339 4008; x_wconf 83' lang='lat' dir='ltr'>Alexandrini,</span> <span class='ocrx_word' id='word_1_312' title='bbox 1385 3935 1486 4020; x_wconf 79' lang='lat' dir='ltr'>qui</span> <span class='ocrx_word' id='word_1_313' title='bbox 1517 3932 1902 3997; x_wconf 81' lang='lat' dir='ltr'>Divinitatem</span> <span class='ocrx_word' id='word_1_314' title='bbox 1927 3932 2078 3996; x_wconf 79' lang='lat' dir='ltr'>Jesu</span> <span class='ocrx_word' id='word_1_315' title='bbox 2105 3930 2324 3997; x_wconf 82' lang='lat' dir='ltr'>Christi</span> <span class='ocrx_word' id='word_1_316' title='bbox 2353 3954 2544 4019; x_wconf 82' lang='lat' dir='ltr'>nega-</span> 
     </span>
     <span class='ocr_line' id='line_1_35' title="bbox 424 4032 2542 4108; baseline 0.001 -11"><span class='ocrx_word' id='word_1_317' title='bbox 424 4033 569 4108; x_wconf 80' lang='lat' dir='ltr'>bat,</span> <span class='ocrx_word' id='word_1_318' title='bbox 602 4054 676 4097; x_wconf 83' lang='lat' dir='ltr'>ex</span> <span class='ocrx_word' id='word_1_319' title='bbox 700 4036 885 4099; x_wconf 79' lang='lat' dir='ltr'>sacris</span> <span class='ocrx_word' id='word_1_320' title='bbox 920 4035 1106 4100; x_wconf 81' lang='lat' dir='ltr'>literis</span> <span class='ocrx_word' id='word_1_321' title='bbox 1146 4035 1571 4100; x_wconf 80' lang='lat' dir='ltr'>convincerent</span> <span class='ocrx_word' id='word_1_322' title='bbox 1608 4043 1670 4097; x_wconf 87' lang='lat' dir='ltr'>et</span> <span class='ocrx_word' id='word_1_323' title='bbox 1712 4034 2093 4105; x_wconf 84' lang='lat' dir='ltr'>damnarent;</span> <span class='ocrx_word' id='word_1_324' title='bbox 2146 4032 2262 4097; x_wconf 87' lang='lat' dir='ltr'>hoc</span> <span class='ocrx_word' id='word_1_325' title='bbox 2306 4034 2542 4099; x_wconf 76' lang='lat' dir='ltr'>sactum</span> 
     </span>
     <span class='ocr_line' id='line_1_36' title="bbox 421 4132 2542 4222; baseline 0.001 -25"><span class='ocrx_word' id='word_1_326' title='bbox 421 4132 713 4198; x_wconf 72' lang='lat' dir='ltr'>eetAnno</span> <span class='ocrx_word' id='word_1_327' title='bbox 738 4134 955 4199; x_wconf 82' lang='lat' dir='ltr'>Christi</span> <span class='ocrx_word' id='word_1_328' title='bbox 999 4140 1151 4200; x_wconf 77' lang='lat'><strong>325.</strong></span> <span class='ocrx_word' id='word_1_329' title='bbox 1203 4133 1382 4216; x_wconf 78' lang='lat' dir='ltr'>Quod</span> <span class='ocrx_word' id='word_1_330' title='bbox 1422 4135 1735 4198; x_wconf 82' lang='lat' dir='ltr'>convocati</span> <span class='ocrx_word' id='word_1_331' title='bbox 1763 4133 1844 4195; x_wconf 86' lang='lat' dir='ltr'>illi</span> <span class='ocrx_word' id='word_1_332' title='bbox 1884 4132 2317 4208; x_wconf 81' lang='lat' dir='ltr'>concluserint,</span> <span class='ocrx_word' id='word_1_333' title='bbox 2364 4136 2542 4222; x_wconf 84' lang='lat' dir='ltr'>quod</span> 
     </span>
     <span class='ocr_line' id='line_1_37' title="bbox 422 4233 2536 4320; baseline 0.003 -25"><span class='ocrx_word' id='word_1_334' title='bbox 422 4242 544 4298; x_wconf 75' lang='lat' dir='ltr'>tres</span> <span class='ocrx_word' id='word_1_335' title='bbox 567 4233 867 4300; x_wconf 75' lang='lat' dir='ltr'>Personae</span> <span class='ocrx_word' id='word_1_336' title='bbox 898 4236 1181 4310; x_wconf 81' lang='lat' dir='ltr'>Divinae,</span> <span class='ocrx_word' id='word_1_337' title='bbox 1233 4234 1444 4303; x_wconf 82' lang='lat' dir='ltr'>Pater,</span> <span class='ocrx_word' id='word_1_338' title='bbox 1499 4233 1680 4297; x_wconf 86' lang='lat' dir='ltr'>Filius</span> <span class='ocrx_word' id='word_1_339' title='bbox 1724 4241 1783 4296; x_wconf 85' lang='lat' dir='ltr'>et</span> <span class='ocrx_word' id='word_1_340' title='bbox 1821 4234 2074 4320; x_wconf 74' lang='lat' dir='ltr'>Spiritus</span> <span class='ocrx_word' id='word_1_341' title='bbox 2098 4233 2394 4311; x_wconf 73' lang='lat' dir='ltr'>Sanctus,</span> <span class='ocrx_word' id='word_1_342' title='bbox 2453 4237 2536 4300; x_wconf 82' lang='lat' dir='ltr'>ab</span> 
     </span>
    </p>
   </div>
   <div class='ocr_carea' id='block_1_6' title="bbox 2696 3058 2699 3994">
    <p class='ocr_par' dir='ltr' id='par_1_6' title="bbox 2696 3058 2699 3994">
     <span class='ocr_line' id='line_1_38' title="bbox 2696 3058 2699 3994; baseline 0 0"><span class='ocrx_word' id='word_1_343' title='bbox 2696 3058 2699 3994; x_wconf 95' lang='lat' dir='ltr'> </span> 
     </span>
    </p>
   </div>
  </div>
 </body>
</html>
