2750 4775
713 395 991 448 INDEX
1047 395 1790 452 MEMORABlLlUM.
2220 412 2321 466 371

308 548 620 637 splendida
647 549 842 626 Caeli,
895 558 953 613 et
981 550 1292 626 dixerunt,
1347 549 1507 636 quod
1542 550 1688 615 baec
1714 551 1833 615 sint
1870 552 1984 629 ibi,
2034 555 2171 641 quia
2200 578 2326 624 om—

311 673 415 714 nes
441 650 521 713 ibi
550 651 801 714 credunt
827 653 887 715 in
917 652 1149 721 Deum;
1203 659 1269 713 et
1295 660 1497 737 postea
1526 650 1793 715 fecerunt
1822 652 1933 716 illis
1964 654 2167 720 videre
2200 667 2326 722 tur-

309 752 406 838 pia
434 761 494 813 et
523 750 825 815 immunda
855 750 1112 825 Inferni,
1166 751 1428 817 dicentes
1467 751 1626 836 quod
1667 750 1818 814 haec
1855 754 1970 816 sint
2010 754 2128 831 ibi,
2182 759 2319 845 quia

309 850 561 915 credunt
588 851 649 914 in
677 854 1008 918 Naturam:
1057 852 1319 917 Satanae
1343 874 1418 916 ex
1453 851 1566 915 illis
1605 852 1743 918 visis
1784 853 2034 937 primum
2065 859 2324 923 convicti

235 982 248 992 ·
304 963 446 1015 sunt
488 953 654 1037 quod
686 954 848 1017 Deus
886 953 991 1026 sit,
1045 961 1107 1015 et
1150 953 1310 1038 quod
1352 953 1646 1017 creaverit
1687 952 2013 1025 Naturam;
2068 964 2129 1019 at
2173 957 2325 1022 sicut

307 1052 773 1128 descenderunt,
829 1053 1002 1117 rediit
1030 1074 1200 1116 amor
1230 1053 1401 1128 mali,
1448 1061 1504 1116 et
1534 1053 1778 1117 occlusit
1805 1053 2164 1121 intellectum
2195 1057 2327 1120 illo·

305 1173 441 1216 rum
487 1175 524 1215 a
572 1153 896 1239 superiori,
948 1175 1069 1240 quo
1115 1155 1350 1218 occluso
1390 1151 1770 1217 crediderunt
1810 1163 1874 1217 ut
1908 1152 2101 1240 priuS,
2159 1159 2321 1245 quod

308 1254 509 1316 omnia
537 1252 654 1317 sint
679 1254 965 1329 Naturae,
1013 1264 1072 1316 et
1101 1253 1244 1317 nihil
1272 1253 1404 1328 Dei,
1458 1274 1531 1315 uz
1581 1257 1684 1316 77.

207 1346 307 1416 XI.
344 1354 560 1443 Typus
587 1350 918 1418 Creationis
937 1355 1214 1420 Universi
1244 1356 1315 1420 ad
1348 1355 1548 1419 vivum
1580 1352 1720 1417 mihi
1750 1354 1825 1416 ab
1855 1350 2096 1441 Angelis
2123 1368 2321 1421 osten-

300 1476 403 1518 sus
446 1462 566 1517 est:
623 1455 937 1541 perductus
962 1476 1091 1519 sum
1132 1455 1191 1517 in
1221 1455 1501 1530 Caelum,
1554 1464 1611 1517 et
1642 1454 1845 1519 datum
1887 1463 1975 1520 est
2007 1457 2207 1522 videre
2238 1458 2321 1523 ibi

305 1555 508 1618 otrnia
531 1575 681 1639 quae
704 1555 898 1642 Regni
928 1555 1213 1631 animalis,
1243 1557 1440 1619 omnia
1461 1576 1614 1641 quae
1635 1555 1831 1641 Regni
1866 1557 2231 1643 vegetabilis,
2262 1569 2322 1622 et
2401 1564 2412 1575 '

249 1666 258 1671 ’
305 1655 507 1719 omnia
557 1677 710 1741 quae
755 1657 949 1742 Regni
1010 1656 1308 1721 minei-alis
1349 1666 1553 1730 erant,
1624 1677 1776 1741 quae
1824 1678 2064 1742 prorsus
2108 1658 2321 1724 similia

306 1765 482 1819 erant
510 1756 760 1840 objectis
801 1757 976 1819 trium
1016 1756 1249 1821 illorum
1281 1757 1635 1840 Regnorum
1675 1758 1732 1818 in
1775 1756 2000 1820 Mundo
2041 1759 2319 1837 na'turali,

307 1866 368 1917 et
396 1867 538 1920 tunc
574 1856 876 1930 dixerunt,
931 1858 1129 1921 omnia
1171 1857 1272 1919 illa
1312 1857 1370 1918 in
1411 1856 1593 1921 Caelo
1633 1867 1934 1920 momento
1977 1868 2257 1923 creantur
2283 1881 2318 1923 a

273 1980 280 1987 ·
312 1957 478 2030 Deo,
534 1964 592 2019 et
620 1958 975 2032 subsistunt,
1027 1957 1312 2043 ¹quamdiu
1342 1958 1554 2042 Angeli
1590 1958 1839 2021 interius
1879 1959 1937 2019 in
1965 1966 2120 2024 statu
2151 1979 2318 2024 amo·

311 2058 390 2120 ris
429 2066 489 2119 et
534 2054 666 2122 iidei
708 2059 904 2144 quoad
950 2058 1366 2143 cogitationem
1405 2066 1571 2128 surm
1626 2068 1684 2120 et
1713 2057 1871 2143 quod
1903 2068 2318 2124 momentanea

311 2156 408 2220 illa
461 2157 704 2222 Creatio
758 2158 1066 2222 evidenter
1104 2166 1355 2221 testetur
1401 2156 1774 2221 creationem
1820 2158 2126 2234 similium,
2197 2159 2317 2224 imo

310 2257 590 2335 similem,
645 2259 703 2320 in
754 2259 976 2322 Mundo
1017 2258 1305 2333 naturali,
1378 2279 1510 2320 cum
1557 2257 1687 2321 solo
1734 2259 2102 2335 discrimine,
2156 2259 2319 2347 quod

314 2357 628 2423 Naturalia
659 2359 974 2424 investiant
1001 2358 1350 2446 spiritualia,
1392 2366 1451 2422 et
1479 2359 1637 2446 quod
1664 2358 1964 2426 investitio
1994 2359 2093 2424 illa
2122 2381 2155 2426 a
2187 2360 2320 2426 Deo

318 2460 564 2542 provisa·
589 2462 663 2523 sit
699 2469 941 2548 propter
978 2460 1395 2546 generationes
1437 2461 1607 2522 unius
1647 2461 1725 2525 ab
1766 2460 1985 2538 altero,
2041 2483 2145 2549 per
2176 2484 2323 2550 quas

324 2556 550 2622 Creatio
597 2569 1011 2646 perpetuatur:
1080 2570 1510 2648 cousequenter
1548 2561 1708 2646 quod
1754 2561 1991 2626 Creatio
2042 2562 2319 2628 Universi

325 2656 581 2725 similitor
607 2661 781 2724 -facta
829 2662 935 2735 sit,
988 2662 1138 2726 sicut
1179 2659 1242 2723 fit
1290 2662 1452 2728 omni
1496 2672 1800 2725 momento
1843 2662 1904 2724 in
1948 2661 2145 2727 Caelo.
2239 2661 2321 2728 At

247 2787 254 2792 ⁴
325 2778 492 2835 vero,
547 2762 706 2848 quod
752 2762 980 2837 omnia,
1048 2782 1200 2849 quae
1242 2762 1302 2824 in
1349 2762 1536 2827 ttibus
1581 2762 1806 2847 Regnis
1852 2772 2103 2825 naturae
2145 2762 2320 2826 noxia

231 2877 238 2890 ·
315 2870 373 2922 et
413 2870 565 2924 tetra
603 2871 772 2935 sunt,
828 2883 981 2948 quae
1025 2872 1481 2938 enumerantur,
1535 2883 1654 2926 non
1701 2881 1735 2925 a
1775 2862 1904 2923 Deo
1944 2868 2144 2923 creata
2183 2860 2320 2937 sint,

307 2961 413 3024 sed
445 2983 557 3024 una
590 2984 724 3026 cum
754 2961 995 3026 Inferno
1029 2972 1267 3037 exorta,
1323 2985 1392 3025 n:
1446 2967 1546 3025 78.

207 3055 340 3122 XII.
399 3063 774 3149 Colloquium
807 3085 938 3126 cum
970 3062 1341 3149 quibusdam,
1396 3062 1494 3148 qui
1524 3063 1580 3124 in
1610 3058 1836 3124 Mundo
1864 3058 2144 3123 Celebres
2185 3079 2320 3122 eru-

310 3164 538 3227 ditione
564 3162 838 3239 suerunt,
887 3164 964 3226 de
991 3164 1307 3228 Creatione
1336 3161 1649 3235 Universi,
1696 3161 1799 3246 qui
1826 3181 1897 3222 ex
1925 3159 2126 3221 iisdem
2155 3158 2320 3234 ideis,

310 3286 460 3350 quas
487 3264 649 3350 prius
675 3257 985 3340 foverunt,
1027 3263 1256 3349 loquuti
1285 3263 1590 3331 dixerunt;
1646 3261 1846 3334 Unus»,
1896 3259 2055 3346 quod
2084 3258 2322 3325 Natura

305 3365 566 3451 seipsam
596 3366 916 3428 creaverit:
958 3361 1153 3437 Alter,
1190 3362 1346 3449 quod
1374 3363 1610 3426 Natura
1639 3381 1744 3423 sua
1774 3359 2066 3425 elementa
2093 3361 2152 3423 in
2181 3382 2322 3424 vor-

307 3466 456 3529 tices
481 3464 1047 3549 conglomeraverit,
1095 3473 1153 3526 et
1183 3462 1341 3548 quod
1371 3484 1441 3526 ex
1470 3460 1772 3525 collisione
1798 3459 2032 3525 illorum
2062 3460 2323 3526 conflata

304 3565 380 3630 sit
431 3564 664 3631 Tellus:
697 3567 778 3627 'et
815 3566 1086 3639 Tertius,
1141 3564 1300 3650 quod
1346 3585 1416 3626 ex
1458 3562 1656 3638 Chao,
1714 3562 1871 3648 quod
1917 3562 2325 3649 magnitudine

306 3666 590 3753 aequavit
641 3664 902 3730 multam·
942 3675 1168 3751 partem
1212 3665 1521 3739 Universi,
1573 3673 1630 3726 et
1674 3664 1834 3749 quod
1886 3663 2138 3749 primum
2185 3664 2323 3726 inde

304 3766 613 3853 eruperint
644 3768 967 3854 purissima,
1022 3786 1093 3828 ex
1122 3767 1337 3852 quibus
1359 3767 1464 3831 Sol
1493 3775 1552 3829 et
1576 3765 1819 3839 Stellae,
1862 3773 1920 3826 et
1964 3763 2123 3851 quod
2166 3771 2325 3849 post-

306 3888 380 3932 ea
424 3867 615 3930 minus
655 3888 835 3952 pura,
891 3887 964 3929 ex
1003 3866 1215 3952 quibus
1243 3865 1744 3953 Atmosphaerae,
1801 3874 1858 3928 et
1899 3863 2320 3951 quodssdemum

305 3987 539 4042 crassa,
594 3987 665 4030 ex
706 3968 920 4055 quibus
950 3965 1180 4031 Glohus
1221 3976 1606 4053 terraqueus:
1660 3965 1733 4030 ad
1773 3965 2323 4050 interrogationem,

269 4069 462 4132 unde
493 4068 745 4133 Animae
773 4068 1100 4142 humanae,
1156 4067 1481 4141 dixerunt,“
1519 4066 1676 4153 quod
1712 4064 1919 4128 aether
1957 4086 2018 4129 se
2058 4064 2325 4127 contule—

304 4169 383 4231 rit
409 4171 469 4231 in
505 4185 724 4254 parvus
752 4168 983 4255 glomos
1025 4168 1343 4242 discretos,
1399 4174 1459 4231 et
1496 4166 1656 4252 quod
1697 4164 1757 4227 hi
1798 4185 1861 4229 se
1910 4162 2225 4228 infundant
2262 4160 2325 4222 in

306 4269 674 4346 nascituros,
729 4279 786 4333 et
814 4268 1033 4334 faciant
1066 4269 1318 4343 animas,
1360 4276 1420 4332 et
1452 4266 1613 4353 quod
1642 4274 1782 4351 post
1805 4269 2056 4327 mortem
2087 4262 2325 4328 evolent

1732 4364 1782 4425 Α
1803 4385 1831 4423 a
1865 4361 1901 4396 ⁴⁶
