2750 4775
423 343 528 390 Μὰ
649 329 1114 384 UNIVERSA
1161 329 1703 385 THEOLOGIA
1746 329 1816 386 N.
1862 331 1924 384 C.
1968 331 2079 384 ΕΤ
2121 332 2189 387 Ν.
2233 332 2298 386 Ε.

420 488 478 549 5.
535 481 715 563 Quod
744 483 1033 548 Doctrina
1073 482 1375 550 Ecclesiae
1417 504 1489 547 ex
1516 482 1707 550 Sensu
1751 484 1959 549 literae
1987 485 2173 550 Verbi
2214 485 2540 551 haurienda

623 585 728 660 sit,
783 593 842 648 et
873 605 978 670 per
1006 582 1170 648 illum
1200 583 1644 661 confirmanda,
1698 606 1771 648 n:
1821 589 1968 648 225.
2000 590 2150 650 229.
2184 590 2332 651 230.

521 725 620 739 -
674 683 850 766 Quod
904 684 1169 749 Verbum
1224 686 1451 774 absque
1507 685 1797 751 Doctrina
1841 708 1962 750 uon
2017 686 2421 773 intelligatur,
2475 711 2544 753 n:

623 789 771 851 226.
815 790 966 851 22Ἷ.
1013 789 1161 849 228.

524 923 611 934 --
672 886 851 967 Quod
880 886 1198 971 genuinum
1231 886 1451 950 Verum
1470 934 1487 960 ,
1528 886 1691 973 quod
1718 886 2045 951 Doctrinae
2074 889 2221 962 erit,
2260 889 2327 952 in
2353 889 2541 955 Sensu

485 1025 494 1030 -
626 988 834 1053 literae
865 986 1080 1061 Verbi,
1133 1009 1251 1052 non
1291 998 1578 1075 appareat
1607 987 1767 1062 aliis,
1819 1007 2001 1072 quam
2040 989 2143 1075 qui
2182 990 2243 1052 in
2282 990 2544 1055 illustra-

624 1089 781 1153 tione
810 1097 949 1153 sunt
976 1109 1010 1151 a
1036 1088 1327 1163 Domino,
1384 1108 1453 1149 n=
1506 1092 1656 1152 231.
1688 1090 1836 1151 232.
1871 1091 2025 1153 233.
2114 1141 2119 1146 .

424 1195 480 1252 6.
538 1188 713 1269 Quod
744 1210 848 1278 per
873 1187 1122 1254 Sensum
1151 1189 1358 1253 literae
1389 1187 1571 1254 Verbi
1611 1188 1689 1253 sit
1724 1188 2066 1274 conjunctio
2096 1208 2228 1252 cum
2259 1188 2545 1266 Domino,

626 1299 684 1354 et
712 1289 1074 1354 consociatio
1101 1310 1233 1354 cum
1263 1286 1551 1374 Angelis?
1587 1311 1658 1352 n:
1711 1292 1841 1352 234
1874 1291 1947 1353 ad
1979 1294 2129 1354 239.

427 1396 484 1454 Ἶ.
539 1390 716 1472 Quod
744 1391 1007 1456 Verbum
1036 1390 1095 1453 in
1127 1391 1401 1454 omnibus
1432 1388 1624 1454 Caelis
1650 1390 1755 1465 sit,
1797 1397 1859 1453 et
1887 1391 2046 1477 quod
2076 1389 2211 1454 inde
2238 1387 2545 1478 Sapientia

627 1492 945 1577 Angelica,
998 1512 1069 1553 n:
1117 1494 1265 1555 240.
1300 1493 1452 1554 241.
1486 1494 1638 1555 242.

428 1598 485 1657 8.
541 1592 719 1674 Quod
750 1591 1013 1657 Ecclesia
1043 1590 1116 1656 sit
1141 1612 1216 1656 ex
1244 1591 1471 1664 Verbo,
1496 1601 1554 1655 et
1582 1590 1743 1678 quod
1772 1591 1905 1656 talis
1930 1592 2005 1657 sit
2031 1590 2187 1679 apud
2218 1589 2541 1667 bominem,

625 1692 816 1780 qualis
844 1695 894 1759 ei
922 1703 1008 1757 est
1038 1692 1368 1756 intellectus
1395 1692 1612 1767 Verbi,
1660 1713 1728 1754 n:
1779 1693 1909 1756 243
1942 1693 2018 1756 ad
2049 1694 2198 1756 247.
2240 1719 2247 1724 ·

429 1800 484 1858 9.
542 1792 721 1873 Quod
747 1794 807 1856 in
833 1792 1077 1878 singulis
1103 1793 1288 1857 Verbi
1329 1793 1405 1856 sit
1445 1792 1788 1878 conjugium
1831 1793 2072 1859 Domini
2116 1801 2175 1855 et
2216 1792 2534 1868 Ecclesiae,

628 1903 686 1958 et
712 1893 847 1958 inde
877 1893 1215 1979 conjugium
1246 1892 1402 1958 Boni
1430 1904 1489 1958 et
1522 1894 1688 1967 Veri,
1737 1915 1809 1956 n:
1852 1897 1983 1957 248
2012 1894 2087 1957 ad
2119 1896 2269 1964 253.

434 2000 530 2057 10.
584 1992 765 2078 Quod
797 1994 1090 2059 Haereses
1116 2014 1188 2056 ex
1214 1993 1405 2058 Sensu
1435 1994 1640 2057 literae
1669 1994 1853 2058 Verbi
1882 1995 2108 2081 captari
2137 1995 2394 2081 possint,
2436 1993 2530 2058 sed

627 2093 783 2182 quod
815 2093 1166 2158 confirmare
1195 2094 1322 2157 illas
1350 2094 1703 2160 damnosum
1730 2095 1839 2169 sit,
1888 2117 1959 2157 n:
2002 2097 2130 2158 254
2164 2095 2239 2156 ad
2262 2099 2417 2160 260.
2560 2105 2565 2110 ’

452 2233 460 2238 -
528 2231 622 2246 —-
677 2194 837 2281 quod
880 2195 1046 2278 plura
1093 2197 1152 2259 in
1195 2196 1397 2261 Verbo
1436 2197 1552 2259 sint
1582 2195 1963 2282 apparentiae
2003 2195 2164 2270 veri,
2218 2196 2280 2258 in
2327 2195 2530 2283 quibus

629 2316 771 2359 vera
801 2295 1053 2379 genuina
1084 2296 1300 2371 latent,
1352 2318 1426 2357 n:
1471 2299 1618 2359 257.

495 2422 626 2447 ⁴-—
677 2395 858 2475 Quod
903 2418 1007 2482 per
1043 2394 1399 2463 confirmare
1442 2397 1818 2486 apparentias
1865 2398 2023 2472 veri,
2078 2397 2330 2463 existant
2373 2397 2532 2462 falla·

627 2496 788 2570 ciac,
833 2518 901 2559 n:
953 2502 1099 2563 258.
2134 2532 2179 2564 x

526 2594 703 2675 Quod
739 2597 962 2663 Sensus
1003 2597 1208 2664 literae
1250 2598 1433 2666 Verbi
1475 2597 1548 2663 sit
1589 2598 1877 2664 Custodia
1910 2620 2019 2684 pro
2050 2599 2324 2684 genuinis
2364 2597 2526 2671 veris,
2654 2496 2692 2715 ς

630 2719 779 2786 quae
806 2699 966 2764 intus
994 2700 1213 2775 latent,
1263 2721 1332 2761 n:
1383 2702 1531 2762 260.

525 2841 625 2854 -
675 2799 853 2881 Quod
879 2801 1100 2866 Sensus
1136 2799 1343 2864 literae
1371 2798 1553 2867 Verbi
1596 2816 1703 2886 per
1726 2798 2034 2863 Gberubos
2060 2808 2529 2887 repraesentatus

624 2901 730 2976 sit,
781 2910 843 2964 et
872 2902 933 2964 in
960 2900 1164 2968 Verbo
1192 2899 1588 2986 significetur,
1639 2920 1713 2962 n:
1762 2903 1911 2963 260.

431 3007 529 3075 11.
587 3002 763 3083 Quod
808 3002 1099 3067 Dominus
1139 3002 1199 3065 in
1239 3001 1465 3067 Mundo
1496 2998 1829 3086 impleverit
1859 3000 2056 3064 omnia
2087 2998 2302 3077 Verbi,
2348 3010 2407 3064 et
2434 3020 2527 3086 per

625 3102 681 3167 id
716 3101 908 3169 factus
949 3104 1024 3167 sit
1053 3103 1353 3178 Verbum,
1401 3101 1514 3165 boc
1551 3109 1669 3177 est,
1724 3099 2304 3177 DivinumVerum,
2357 3101 2523 3165 etiam

625 3203 687 3266 in
714 3203 959 3280 ultimis,
1005 3227 1074 3268 n:
1122 3206 1269 3269 261.
1302 3206 1450 3266 262.
1486 3205 1635 3266 263.

426 3309 525 3366 12.
582 3301 759 3382 Quod
790 3314 925 3368 ante
952 3304 1067 3367 boe
1093 3305 1357 3369 Verbum
1378 3351 1392 3376 ,
1439 3302 1594 3388 quod
1624 3299 1800 3366 bodie
1842 3308 1929 3366 est
1957 3301 2016 3363 in
2046 3301 2275 3367 Mundo
2296 3351 2315 3377 ,
2361 3298 2523 3367 fuerit

625 3404 885 3469 Verbum
917 3405 1074 3489 quod
1103 3404 1471 3489 deperditum
1502 3412 1621 3477 est,
1662 3424 1728 3464 n:
1773 3404 1920 3464 264.
1953 3406 2104 3466 265.
2136 3406 2285 3466 266.

427 3508 526 3567 13.
583 3505 761 3585 Quod
792 3525 894 3592 per
921 3504 1183 3568 Verbum
1214 3505 1391 3568 etiam
1422 3503 1492 3567 sit
1523 3503 1651 3569 Lux
1674 3501 1820 3577 iuis,
1873 3502 1974 3587 qui
2013 3512 2178 3567 extra
2209 3503 2518 3568 Ecclesiam
2581 3522 2587 3527 ·

622 3614 789 3680 sunt,
836 3613 897 3665 et
921 3625 1042 3666 non
1071 3602 1292 3667 babent
1320 3603 1621 3679 Verbum,
1664 3623 1734 3665 nt
1784 3605 1911 3668 26Ί
1944 3602 2021 3673 ad
2049 3607 2199 3667 2Ἶ2.

429 3707 529 3768 14.
587 3703 762 3782 Quod
794 3703 900 3766 nisi
931 3703 1195 3767 Verbum
1225 3705 1412 3778 foret,
1467 3726 1640 3767 nemo
1679 3701 1857 3768 sciret
1900 3703 2126 3776 Deum,
2183 3702 2424 3769 Caelum
2464 3706 2519 3762 et

625 3803 962 3880 laser-num,
1015 3815 1073 3868 et
1116 3805 1312 3895 Vitam
1355 3815 1486 3893 post
1529 3813 1814 3878 mortem,
1869 3814 1926 3867 et
1969 3804 2161 3869 minus
2186 3802 2517 3873 Dominum,

629 3925 695 3967 n:
744 3908 871 3968 273
902 3904 973 3970 ad
1008 3909 1153 3968 276.
