2750 4775
499 351 774 409 INDEX
818 351 1341 406 GENERLLIS
1385 352 2094 414 CONTENTORUM.
2235 366 2343 422 35⁷

386 533 478 552 --
531 503 706 585 Quod
751 505 926 569 etiam
983 502 1163 569 homo
1217 503 1326 568 sibi
1367 525 1716 593 comparare
1743 501 1947 593 'possit
1981 510 2165 576 vitam
2206 504 2342 572 fidei

433 614 492 666 et
532 603 884 683 Charitatis,
937 627 1006 668 n:
1035 608 1203 669 358.

377 739 481 753 —
531 704 709 782 Quod
753 717 953 771 tamen
996 727 1179 792 usque
1222 703 1367 769 nihil
1407 702 1577 779 fidei,
1630 717 1686 769 et
1728 705 1873 772 nihil
1903 707 2233 783 eharitatis,
2286 719 2345 774 et

433 804 577 869 nihil
605 807 762 871 vitae
793 807 1126 893 utriusque,
1180 807 1254 870 sit
1283 806 1360 869 ab
1390 805 1663 883 homine,
1715 807 1882 897 sed-a
1910 806 2037 871 solo
2066 808 2345 884 Domino,

434 927 504 968 n:
553 909 703 972 359.

357 1033 482 1066 .-·-
533 1007 864 1072 Discrimen
909 1009 1064 1070 inter
1093 1006 1299 1071 Fidem
1334 1006 1702 1084 naturalem,
1751 1018 1808 1070 et
1839 1005 2041 1072 Fidem
2071 1005 2345 1093 spiritua·

433 1107 579 1182 lem,
633 1118 692 1173 et
733 1108 894 1194 quod
933 1105 1083 1170 haec
1127 1106 1200 1169 sit
1238 1107 1397 1169 intus
1437 1108 1495 1168 in
1531 1106 1626 1171 illa
1658 1128 1690 1168 a
1722 1107 2017 1184 Domino,
2070 1128 2140 1169 n:
2196 1111 2342 1171 360.

435 1210 585 1273 361.

277 1353 337 1410 6.
396 1342 575 1425 Quod
603 1346 930 1421 Dominus,
987 1347 1289 1424 Charitas,
1342 1357 1401 1411 et
1445 1346 1651 1421 Fides,
1702 1365 1878 1407 unum
1908 1342 2160 1420 saciant,
2196 1346 2347 1410 sicut

433 1435 602 1524 Vita,
655 1449 949 1514 Voluntas
975 1458 1033 1513 et
1065 1448 1406 1514 Intellectus
1435 1449 1493 1511 in
1525 1445 1797 1517 homine;
1852 1454 1910 1507 et
1938 1446 2095 1532 quod
2123 1446 2170 1509 si
2199 1447 2347 1509 divi-

431 1549 687 1626 duntur,
744 1550 1181 1638 unumquodvis
1223 1561 1458 1642 pereat,
1511 1551 1660 1614 sicut
1702 1547 1843 1608 unio
1884 1545 2105 1633 dilapsa
2133 1547 2194 1609 in
2224 1546 2346 1634 pol-

430 1649 645 1726 linem,
697 1673 767 1714 n:
816 1657 943 1716 352
975 1653 1047 1715 ad
1077 1655 1224 1716 367.

378 1786 473 1799 -
534 1747 710 1829 Quod
758 1753 1052 1818 Dominus
1098 1774 1231 1816 cum
1278 1751 1438 1815 omni
1484 1750 1704 1814 Divino
1748 1768 1856 1811 suo
1896 1746 2144 1823 Amore,
2211 1769 2343 1812 cum

430 1853 591 1915 omni
633 1875 735 1916 sua
781 1854 994 1918 Divina
1048 1852 1387 1940 Sapientia,
1458 1853 1538 1915 ita
1589 1873 1719 1914 cum
1768 1849 1929 1912 omni
1975 1870 2078 1912 sna
2124 1848 2343 1913 Divina

430 1951 604 2027 Vita,
657 1951 869 2017 inlluat
910 1955 1067 2038 apud
1097 1975 1332 2026 omnem
1361 1950 1695 2022 hominem,
1745 1973 1813 2013 n:
1864 1949 2008 2012 364.

381 2091 477 2102 -
533 2052 792 2116 Proinde
836 2053 994 2139 quod
1041 2054 1334 2117 Dominus
1378 2073 1510 2114 cum
1564 2050 1724 2115 omni
1768 2048 2018 2113 essentia
2068 2047 2232 2115 Fidei
2284 2059 2344 2114 et

434 2151 757 2217 Charitatis
785 2153 941 2239 apud
970 2174 1206 2214 omnem
1236 2151 1535 2238 hominem
1565 2150 1804 2224 influat,
1859 2173 1928 2212 n:
1979 2152 2127 2213 365.

384 2286 478 2299 ·—
532 2250 711 2331 Quod
741 2251 838 2314 illa
872 2273 1023 2335 quae
1052 2250 1305 2314 influunt
1337 2270 1367 2311 a
1402 2249 1688 2324 Domino,
1742 2250 2103 2338 recipiantur
2131 2250 2208 2315 ab
2238 2250 2343 2315 bo·-

435 2350 592 2413 mine
622 2352 948 2429 secundum
978 2350 1105 2436 ejus
1133 2359 1348 2413 statum
1380 2360 1436 2413 et
1466 2349 1748 2429 formam,
1802 2373 1869 2414 n:
1921 2354 2069 2416 366.

390 2486 492 2501 -—-
546 2449 721 2530 Quod
776 2460 971 2513 autem
1014 2448 1225 2527 homo,
1280 2452 1379 2536 qui
1421 2450 1627 2513 dividit
1667 2453 2019 2528 Dominum,
2074 2450 2345 2520 Charita-

438 2556 554 2612 tem
603 2559 661 2612 et
702 2548 941 2626 Fidem,
995 2572 1113 2615 non
1153 2554 1227 2616 sit
1256 2552 1474 2616 Forma
1504 2550 1819 2642 recipiens,
1873 2554 1977 2618 sed
2013 2552 2203 2620 forma
2237 2557 2343 2637 ,de-

427 2662 699 2726 struens,
748 2673 818 2712 n:
874 2655 1020 2714 367.

270 2791 338 2854 Ἰ.
399 2786 582 2865 Quod
627 2790 919 2855 Dominus
959 2791 1031 2854 sit
1062 2788 1334 2855 Charitas
1375 2802 1434 2855 et
1474 2793 1649 2857 Fides
1688 2791 2060 2867 inhomine,
2100 2801 2158 2855 et
2186 2794 2341 2877 quod

429 2886 610 2954 homo
637 2892 712 2955 sit
742 2891 1015 2956 Charitas
1039 2902 1102 2954 et
1133 2891 1277 2957 fides
1306 2893 1366 2957 iu
1397 2894 1688 2967 Domino,
1744 2916 1815 2957 n:
1863 2897 1990 2957 368
2020 2892 2093 2957 ad
2126 2895 2274 2956 372.

370 3024 471 3038 --
525 2993 700 3072 Quod
730 2992 1068 3076 conjunctio
1096 3015 1226 3056 cum
1257 2995 1388 3058 Deo
1417 2994 1523 3071 sit,
1581 3014 1684 3078 per
1713 3014 1901 3080 quam·
1922 2993 2144 3057 homini
2181 2991 2340 3057 salus

422 3099 484 3154 et
513 3092 630 3156 vita
661 3102 935 3169 aeterna,
977 3113 1044 3155 n:
1096 3098 1246 3177 369.

370 3233 474 3245 --
525 3193 702 3279 Quod
736 3216 854 3256 non
903 3190 1112 3257 dabilis
1151 3195 1224 3257 sit
1268 3193 1607 3275 conjunctio
1649 3216 1782 3257 curn
1814 3195 1946 3258 Deo
1973 3194 2185 3270 Patre,
2237 3193 2342 3258 sed

293 3304 304 3309 “
424 3310 559 3356 curn
591 3293 885 3368 Domino,
938 3306 993 3356 et
1028 3315 1132 3378 per
1158 3294 1357 3379 Ipsum
1392 3314 1522 3356 cuni
1555 3295 1681 3357 Deo
1710 3294 1921 3366 Patre,
1968 3315 2038 3355 n:
2088 3297 2234 3358 3⁶10.

368 3429 467 3443 —
527 3391 703 3472 Quod
734 3396 1069 3477 conjunctio
1104 3415 1234 3456 cum
1267 3394 1526 3456 Domino
1556 3396 1629 3456 sit
1675 3396 2012 3479 reciproca,
2073 3416 2223 3481 quae
2253 3405 2341 3459 est

405 3495 582 3580 ,quod
615 3492 794 3558 homo
822 3495 897 3559 sit
926 3496 983 3557 in
1006 3494 1265 3558 Domino
1294 3504 1352 3557 et
1374 3494 1666 3559 Dominus
1695 3497 1751 3558 in
1779 3493 2042 3571 homine,
2073 3518 2141 3558 n:
2187 3500 2336 3561 371.

365 3631 465 3645 -—
524 3596 704 3675 Quod
754 3592 904 3657 haec
940 3595 1244 3680 reciproca
1293 3596 1632 3681 conjunctio
1679 3596 1920 3677 Domini
1975 3606 2034 3661 et
2087 3595 2341 3661 hominis

418 3695 521 3761 fiat
553 3717 660 3781 per
688 3695 1052 3759 Charitatem
1084 3704 1144 3757 et
1173 3695 1414 3769 Fidem,
1464 3716 1535 3757 n:
1583 3701 1733 3760 372.

260 3824 318 3882 8.
374 3822 560 3901 Quod
596 3820 870 3884 Charitas
898 3828 955 3883 et
984 3820 1161 3885 Fides
1187 3820 1357 3885 simul
1400 3822 1515 3883 sint
1562 3820 1621 3883 in
1663 3821 1833 3886 bonis
1876 3816 2209 3909 Operibus,
2262 3843 2335 3883 n:

420 3927 505 3988 87
513 3927 552 3986 3
588 3922 660 3984 ad
693 3923 844 3983 377.

361 4057 461 4072 -
516 4021 699 4102 Quod
739 4019 1012 4084 Charitas
1055 4020 1130 4085 sit
1170 4021 1320 4084 bene
1371 4019 1559 4095 velle,
1613 4031 1673 4084 et
1714 4018 1872 4108 quod
1931 4018 2086 4084 bona
2131 4020 2336 4108 Opera

415 4125 531 4188 sint
565 4124 718 4187 bene
748 4120 944 4187 facere
976 4142 1047 4184 ex
1077 4123 1227 4185 bene
1257 4119 1444 4196 velle‘,
1497 4142 1569 4182 n:
1619 4124 1768 4185 374.

366 4265 464 4278 -.
517 4222 696 4305 Quod
720 4220 991 4289 Charitas
1019 4228 1076 4285 et
1097 4220 1273 4284 Fides
1298 4220 1414 4283 sint
1437 4219 1614 4286 modo
1644 4215 1793 4311 [res]
1814 4217 2121 4292 mentales,
2149 4229 2206 4281 et
2237 4239 2339 4281 ca·
