2750 4775
438 396 549 450 ΝΛ
664 383 1121 438 UMVERSA
1176 383 1714 439 TREOLOGIA
1757 384 1825 439 N.
1869 384 1933 437 C.
1972 384 2079 437 ET
2123 384 2191 439 N.
2235 385 2299 436 E.

435 558 673 627 quoque
696 537 758 602 iu
780 537 1027 603 Caelum
1045 586 1061 612 ‚
1100 546 1162 600 et
1185 535 1280 612 bi,
1326 536 1464 624 qnia
1496 536 1608 600 sub
1633 536 1894 623 auspicio
1921 537 2159 601 Domini
2186 538 2521 614 educantur,

437 642 567 729 plus
592 649 653 704 et
679 639 809 728 plus
834 646 1295 726 regenerantur,
1346 648 1406 702 et
1435 637 1582 703 fiunt
1609 638 1711 703 filii
1744 638 1962 725 Ipsius:
2014 659 2135 703 non
2170 641 2322 703 enim
2357 640 2523 703 alium

438 744 677 809 Patrem
707 751 946 806 norunt.
1021 738 1284 805 Infantes
1310 749 1509 803 autem
1538 749 1597 801 et
1618 740 1815 828 pueri,
1866 741 1988 803 nati
2016 751 2181 804 extra
2213 741 2525 807 Ecclesiam

439 842 868 918 Christianam,
921 862 1027 929 per
1076 840 1236 905 aliud
1280 842 1569 915 medium,
1639 862 1815 927 quam
1867 862 1975 929 per
2020 841 2426 927 Baptismum,
2471 846 2527 906 in

441 945 683 1011 Caelum
722 942 1024 1030 Religioni
1063 940 1298 1007 illorum
1340 942 1741 1028 designatum,
1796 951 1926 1027 post
1967 945 2365 1030 receptionem
2408 943 2530 1007 fidei

441 1048 501 1109 in
527 1046 884 1122 Dominum,
936 1043 1423 1119 introducuntur,
1474 1043 1576 1107 sed
1605 1064 1725 1106 non
1770 1044 2224 1108 commiscentur
2252 1043 2392 1121 illis,
2443 1044 2532 1131 qui

442 1147 502 1211 in
532 1145 710 1211 Caelo
740 1145 1074 1211 Christiano
1098 1156 1253 1209 sunt.
1307 1143 1447 1209 Non
1476 1145 1631 1207 enim
1661 1144 1837 1208 datur
1864 1145 1979 1208 ulla
2008 1164 2152 1230 gens
2178 1147 2234 1207 in
2266 1148 2534 1211 universo

446 1260 735 1312 terrarum
783 1247 961 1324 orbe,
1026 1266 1179 1332 quae
1219 1268 1338 1310 non
1386 1247 1605 1311 salvari
1649 1254 1870 1333 potest,
1920 1247 1967 1310 si
2015 1248 2284 1331 agnoscit
2327 1249 2533 1322 Deum,

447 1358 506 1412 et
536 1347 686 1412 hene
712 1348 892 1422 vivit:
945 1347 1236 1413 Dominus
1262 1348 1419 1410 enim
1449 1348 1694 1410 redemit
1724 1368 1926 1411 omnes
1951 1347 2093 1422 hos,
2144 1357 2204 1410 et
2230 1347 2410 1413 bomo
2437 1370 2534 1412 na-

445 1461 540 1514 tus
566 1460 653 1516 est
682 1449 1028 1538 spiritualis,
1084 1470 1188 1537 per
1230 1448 1388 1537 quod
1426 1447 1509 1511 illi
1552 1458 1639 1512 est
1677 1447 1926 1512 facultas
1964 1447 2290 1533 recipiendi
2326 1449 2535 1514 donum

446 1551 880 1642 redemptionis.
948 1551 1043 1615 Illi
1080 1549 1182 1636 qui
1226 1550 1547 1615 Dominum
1587 1550 1910 1638 recipiunt,
1964 1548 2077 1613 hoc
2112 1560 2237 1626 est,
2282 1549 2458 1616 fidem
2482 1552 2535 1614 in

448 1653 644 1741 Ipsum
671 1652 925 1728 babent,
979 1662 1038 1716 et
1066 1672 1182 1715 non
1211 1651 1271 1714 in
1303 1650 1471 1715 malis
1498 1653 1658 1714 vitae
1686 1661 1822 1715 sunt
1839 1700 1855 1728 ,
1908 1658 2203 1715 vocantur
2225 1672 2380 1717 mm
2406 1653 2536 1729 Dm,

447 1764 505 1819 et
531 1754 698 1820 Nm
728 1776 763 1818 a
792 1754 942 1829 Deo,
994 1753 1131 1817 Joh.
1187 1753 1382 1817 1212.
1417 1757 1517 1817 13.
1564 1750 1702 1839 Cap.
1751 1751 1868 1816 XI:
1915 1757 2033 1822 52;
2081 1761 2204 1815 tum
2245 1772 2401 1818 mur
2442 1775 2539 1818 RE-

448 1876 581 1933 nm,
617 1854 831 1921 Mattbz
862 1854 1043 1921 XIII:
1077 1857 1192 1917 382
1247 1863 1306 1917 et
1333 1876 1570 1943 quoque
1598 1872 1936 1926 nAEREDES,
1987 1853 2199 1918 Manli.
2225 1853 2407 1919 XIX:
2437 1857 2531 1919 29.

451 1957 590 2043 Cap.
647 1956 846 2023 XXV:
901 1957 1008 2019 3⁴.
1079 1973 1390 2020 mscirum
1460 1955 1709 2019 Donum
1770 1955 1946 2018 etiam
2017 1963 2312 2018 vocantur
2378 1975 2536 2029 mm,

449 2056 586 2123 Job.
629 2057 813 2123 XIII:
875 2060 989 2130 83;
1045 2049 1211 2148 [Cap.
1259 2055 1436 2121 XXI:
1488 2050 1572 2148 5.]
1625 2065 1685 2118 et
1729 2063 2041 2143 praeterea
2092 2075 2310 2120 omers-
2343 2053 2541 2121 Auos-

446 2178 547 2233 m,
608 2158 774 2222 Hiob
816 2158 879 2220 I:
925 2161 981 2221 6.
1037 2156 1176 2243 Cap.
1223 2155 1316 2221 II:
1369 2160 1425 2220 1.
2321 2165 2334 2170 ’
2385 2192 2390 2194 Α

604 2264 751 2324 730.
807 2258 955 2322 Cum
976 2258 1197 2323 Sancta
1226 2257 1424 2324 Caena
1453 2257 1640 2322 simile
1669 2264 1756 2321 est
1784 2266 1848 2320 ut
1879 2278 2008 2319 cum
2042 2257 2091 2321 F
2093 2257 2331 2334 aedem,
2384 2258 2538 2345 quod

454 2369 582 2445 post
629 2368 798 2448 pacta
847 2368 1140 2424 conventa
1189 2359 1497 2449 pangitur,
1554 2368 1613 2423 et
1658 2358 1892 2424 demum
1938 2357 2129 2443 sigillo
2173 2360 2536 2447 obsignatur.

453 2461 630 2541 Quod
657 2461 908 2547 Sanguis
936 2461 1175 2526 Domini
1202 2452 1276 2526 sit
1303 2460 1529 2538 faedus,
1585 2462 1759 2524 docet
1786 2460 1946 2547 Ipse:
2000 2460 2141 2523 dixit
2167 2461 2361 2538 enim,
2417 2483 2539 2526 cum

452 2560 657 2626 sumsit
684 2562 991 2649 poculum,
1020 2572 1102 2626 ‘et
1133 2562 1324 2638 dedit,
1369 2561 1569 2628 Bibite
1605 2586 1686 2627 ex
1723 2582 1797 2626 eo
1832 2580 2068 2635 omnes,
2119 2558 2233 2627 hoc
2268 2577 2362 2627 est
2396 2560 2544 2629 San-

442 2665 593 2753 guis
636 2678 832 2739 meus,
885 2661 990 2729 ille
1027 2664 1208 2730 Novi
1253 2665 1647 2739 Testamenti,
1699 2662 1913 2728 Mattb.
1943 2661 2178 2730 XXVI:
2207 2667 2322 2731 28„
2364 2665 2538 2729 Marc.
2669 2638 2680 2683 ⁸

457 2763 634 2830 XIV:
679 2765 782 2829 24.
835 2764 977 2829 Luc.
1018 2765 1229 2830 XXII:
1273 2771 1376 2830 20.
1429 2765 1670 2833 Novum
1697 2764 2144 2834 Testamentum
2192 2775 2281 2828 est
2306 2765 2541 2831 Novum

455 2858 720 2941 Faedus}
776 2887 958 2954 quare
987 2866 1255 2931 Verbum
1294 2877 1430 2930 ante
1459 2865 1703 2929 Domini
1742 2866 2060 2929 adventum
2090 2885 2195 2955 per
2217 2865 2543 2955 Prophetas

451 2967 844 3056 conscriptum
875 2980 1124 3032 vocatur
1143 2967 1324 3034 Vetus
1351 2967 1798 3033 Testamentum
1830 2987 1898 3029 ac
1916 2966 1965 3030 F
1969 2966 2164 3043 aeduS,
2195 2976 2254 3030 et
2281 2968 2540 3033 Verbum

455 3080 584 3158 post
613 3069 798 3158 Ipsius
818 3071 1134 3134 adventum
1168 3088 1271 3155 per
1295 3066 1702 3155 Evangelistas
1729 3077 1786 3130 et
1814 3062 2148 3155 Apostolos,
2172 3067 2420 3133 Novum
2435 3069 2543 3134 Te·

454 3180 808 3235 stamentum
836 3194 938 3235 seu
959 3171 1220 3259 Faedus:
1263 3169 1421 3256 quod
1440 3170 1720 3234 Divinum
1742 3168 1963 3232 Verum
1981 3167 2164 3232 Verbi
2189 3169 2545 3258 intelligatur

456 3272 935 3360 perSanguinem
968 3276 1025 3334 et
1052 3271 1320 3335 similiter
1347 3292 1452 3357 per
1470 3270 1686 3335 Vinum
1708 3270 1770 3331 in
1794 3268 2013 3335 Sancta
2029 3269 2252 3345 Caena,
2281 3271 2546 3336 videatur

455 3394 630 3459 supra
675 3373 737 3434 in
766 3370 956 3436 ‘Artio
1003 3372 1090 3435 II:
1138 3396 1205 3435 n:
1238 3374 1311 3435 ’7.
1356 3376 1470 3434 10:
1516 3365 1597 3464 [n.
1629 3375 1798 3434 ·706.·
1838 3363 2010 3461 708]
2062 3379 2122 3432 et
2162 3370 2428 3459 Verbum
2465 3381 2545 3435 est

455 3476 643 3562 ipsum
676 3472 947 3550 Faedus,
997 3474 1154 3558 quod
1174 3458 1474 3538 Dominus
1520 3472 1735 3558 pepigit
1785 3492 1916 3533 cum
1961 3460 2238 3548 bomine,
2290 3484 2351 3537 et
2373 3473 2547 3538 homo

457 3594 588 3635 cum
619 3574 877 3637 Domino
897 3623 912 3650 ,
953 3594 1089 3636 nam
1120 3574 1408 3645 Dominus
1438 3570 1734 3637 descendit
1763 3581 1825 3635 ut
1851 3572 2147 3646 Verbum,
2189 3571 2318 3637 ‘hoc
2345 3585 2455 3651 est,
2491 3582 2552 3637 ut

428 3673 741 3765 ‚Divinum
770 3675 992 3737 'Verum
1018 3703 1031 3747 ;
1085 3684 1144 3737 et
1173 3677 1308 3763 quia
1338 3672 1454 3738 hoc
1481 3684 1567 3737 est
1592 3674 1844 3759 Sanguis
1872 3672 2091 3760 Ipsius,
2144 3673 2279 3738 ideo
2304 3675 2554 3762 Sanguis

455 3773 515 3835 in
575 3771 835 3849 Ecclesia
891 3774 1286 3848 Israelitica,ae
1331 3794 1492 3862 quae·
1540 3775 1662 3839 fnit.
1708 3775 2208 3860 repraesentativa
2255 3774 2554 3840 Ecclesiae

459 3871 843 3948 Christianae,
885 3875 1080 3939 dictus
1115 3884 1202 3939 est
1222 3876 1501 3941 sinam
1538 3892 1868 3949 ratianum,
1919 3873 2100 3938 Exod.
2133 3875 2373 3943 XXIV:
2407 3882 2467 3942 7.
2497 3880 2550 3941 8.

432 3972 627 4038 sach.
658 3974 774 4039 IX:
822 3972 936 4047 11:
991 3996 1062 4038 ac
1099 3975 1395 4057 Dominus
1438 3977 1690 4042 Fal-:nus
1730 3994 1982 4052 Porum,
2035 3975 2195 4060 Esaj.
2238 3978 2450 4044 XLII:
2498 3982 2551 4042 6.

459 4073 596 4164 Gap.
642 4076 871 4141 XLIX:
916 4081 975 4142 8.
1041 4071 1264 4141 Jerem.
1308 4077 1546 4143 XXXI:
1589 4075 1796 4142 stad
1842 4080 1944 4141 34.
2002 4078 2218 4142 Psalm.
2268 4078 2448 4145 CXI:
2493 4083 2552 4143 9.

458 4176 633 4254 Quod
680 4179 919 4242 omnino
950 4179 1294 4264 'obsignatio
1335 4180 1548 4242 debeat
1577 4198 1735 4255 esse,
1781 4187 1845 4241 ut
1888 4179 1961 4243 sit
1993 4170 2199 4263 ,alit‘lua
2241 4180 2555 4255 certitudo,

350 4344 357 4351 ,
454 4286 513 4340 e't
545 4277 700 4364 quod
732 4278 1154 4368 illa-sequatur
1188 4289 1320 4365 post
1360 4287 1491 4342 acta
1530 4279 1886 4356 deliberata,
1939 4288 2026 4342 est
2065 4273 2299 4366 quoque
2346 4301 2552 4347 secun·
2682 4260 2691 4385 J
