2750 4775
431 351 537 402 186
657 336 1117 392 UNIVERSA
1167 338 1704 391 THEOLOGIA
1762 339 1829 391 N.
1875 338 1938 391 C.
1983 338 2090 390 ET
2133 339 2199 395 Ν.
2241 338 2302 390 Ε.

426 507 598 558 trans
634 495 697 556 in
740 488 940 565 illum,
1010 489 1183 583 quod
1209 504 1416 582 potest
1457 487 1631 555 illum
1676 489 2048 556 immundum
2092 489 2374 567 reddere,
2430 492 2537 558 sed

425 596 714 659 exeuntia
738 615 822 655 ex
848 587 958 655 illo
986 591 1354 657 immundum
1385 589 1645 657 reddunt
1673 589 1883 667 illum,
1935 592 2123 656 Marc.
2170 592 2318 658 Vll:
2381 596 2435 657 t.
2478 597 2532 657 2.

429 695 712 758 8.4.14.
756 697 855 755 15.
911 691 1125 757 Matth.
1161 692 1305 759 XV:
1357 695 1417 757 2.
1453 697 1551 757 11.
1588 696 2100 768 17.18.19.20,
2153 702 2211 755 et
2252 693 2418 766 aiibi,
2457 703 2534 771 ut,

434 794 582 863 Vae
616 792 797 859 vobis
820 789 1068 858 Scribae
1104 806 1163 857 et
1191 792 1552 868 Pharisaei,
1604 796 1751 886 quia
1769 797 2054 884 purgatis
2084 808 2410 858 externum
2431 818 2537 888 po-

427 893 555 962 culi
589 908 647 959 et
674 896 959 987 patinae,
1024 897 1266 960 interna
1309 917 1461 960 vero
1501 909 1643 959 sunt
1674 892 1865 986 plena
1903 898 2126 986 rapina
2168 908 2228 959 et
2264 900 2539 988 intempe-

428 998 667 1067 rantia3
729 993 1073 1060 Pharisaee
1124 1018 1299 1060 caece
1314 1043 1331 1069 ,
1393 1018 1595 1088 purga
1638 999 1815 1088 prius
1847 994 2177 1059 Internum
2225 994 2447 1086 poculi
2489 1008 2542 1060 et

419 1100 709 1190 patinae,
762 1108 826 1159 ut
858 1093 995 1183 fiat
1043 1099 1225 1160 etiam
1267 1095 1608 1160 Externum
1665 1094 1953 1160 mundum
1976 1143 1992 1170 ,
2043 1095 2259 1158 Mam..
2306 1095 2539 1160 XXIII:

431 1202 536 1261 25.
568 1199 670 1259 26.
753 1194 843 1258 Ex
872 1192 961 1258 his
990 1196 1233 1261 evidens
1260 1205 1378 1269 est,
1438 1197 1595 1282 quod
1624 1218 1730 1283 per
1758 1197 2182 1271 Lavationem,
2242 1218 2400 1282 quae
2446 1219 2542 1261 vo-

425 1307 594 1362 catur
644 1295 1018 1383 Baptismus,
1088 1296 1453 1381 intelligatur
1506 1296 1758 1362 Lavatio
1813 1295 2164 1384 spiritualis,
2249 1317 2415 1382 quae
2465 1305 2543 1361 est

426 1396 777 1462 Purificatio
819 1419 853 1460 a
896 1397 1063 1462 malis
1107 1407 1166 1460 et
1207 1397 1383 1461 salsis.

583 1502 730 1562 572.
788 1497 936 1577 Quis
974 1497 1156 1563 homo
1194 1519 1374 1563 sanae
1414 1497 1660 1563 rationis
1698 1519 1819 1561 nou
1864 1495 2066 1562 videre
2104 1507 2329 1583 potest,
2392 1496 2539 1585 quod

430 1598 652 1664 lavatio
685 1598 890 1675 faciei,
944 1619 1224 1663 manuum
1271 1608 1330 1663 et
1375 1597 1622 1686 pedum,
1676 1601 2060 1684 omniumque
2098 1609 2381 1673 artuum,
2435 1600 2542 1661 imo

432 1701 617 1764 totius
654 1700 916 1786 corporis
957 1700 1017 1762 in
1064 1699 1308 1774 balneo,
1359 1722 1479 1763 non
1520 1699 1731 1763 efficiat
1774 1699 1966 1772 aliud,
2018 1721 2197 1785 quam
2242 1701 2412 1786 quod
2452 1698 2545 1762 ab·

430 1800 676 1864 {uantur
699 1802 936 1876 sordes,
989 1808 1051 1863 ut
1092 1822 1293 1865 coram
1337 1798 1674 1866 homiuibus
1712 1801 1771 1863 in
1811 1800 2003 1865 forma
2044 1800 2307 1863 humana
2350 1799 2543 1863 mundi

431 1910 788 1989 appareaut;
841 1909 900 1963 et
929 1899 1060 1984 quis
1087 1921 1206 1963 non
1237 1911 1430 1988 potest
1470 1900 1833 1986 intelligere,
1871 1900 2045 1987 ¹quod
2083 1901 2282 1986 aliqua
2330 1900 2544 1966 lavatio

428 2023 550 2065 non
577 2002 758 2065 intret
784 2001 844 2063 in
872 1999 1142 2088 spiritum
1171 1998 1455 2077 hominis,
1509 2011 1568 2064 et
1592 2000 1749 2065 huuc
1779 2021 1968 2086 aeque
1997 2002 2279 2064 mundum
2311 2002 2543 2072 reddam

429 2110 623 2189 potest
651 2102 807 2164 euim
843 2100 1034 2163 omnis
1072 2099 1348 2177 furcifer,
1402 2101 1625 2189 praedo
1667 2110 1724 2165 et
1770 2101 1955 2176 latro,
2008 2123 2071 2164 se
2113 2102 2322 2165 lavare
2369 2122 2541 2187 usque

426 2202 504 2267 ad
546 2203 832 2275 nitorem,
888 2221 1027 2263 num
1069 2201 1152 2264 sic
1194 2201 1571 2279 furciferum,
1624 2202 2043 2292 praedonicum
2089 2212 2150 2266 et
2190 2201 2539 2265 latronicum

429 2302 817 2389 abstergitur3
867 2321 1065 2365 nonne
1099 2302 1396 2365 internum
1426 2301 1616 2365 influit
1658 2303 1718 2365 in
1761 2311 2102 2379 externum,
2156 2312 2216 2366 et
2262 2311 2543 2387 operatur

426 2420 570 2468 suae
600 2401 923 2467 voluntatis
960 2412 1017 2467 et
1045 2403 1376 2468 intellectus
1404 2402 1676 2478 effectus,
1731 2425 1853 2469 non
1893 2413 2089 2468 autem
2133 2413 2451 2469 externum
2490 2404 2542 2466 in

427 2504 766 2577 internum,
817 2499 930 2567 hoc
975 2504 1130 2567 enim
1165 2513 1251 2569 est
1281 2513 1489 2568 contra
1529 2510 1832 2580 naturam,
1889 2506 2025 2591 quia
2067 2514 2152 2569 est
2192 2514 2414 2569 contra
2458 2523 2543 2567 or·

433 2603 687 2677 dinem,-
731 2602 872 2667 illud
916 2614 1114 2670 ‘autem
1162 2603 1486 2670 secundum
1531 2614 1843 2680 naturam,
1895 2605 2031 2693 quia
2084 2613 2172 2670 est
2221 2605 2539 2669 secundum

429 2702 718 2769 ordinem.

586 2807 730 2867 673.
787 2802 879 2869 Ex
917 2804 1008 2869 his
1036 2805 1322 2891 sequitur,
1375 2805 1534 2892 quod
1576 2805 1954 2882 Lavatioues,
2005 2815 2064 2868 et
2104 2826 2349 2892 quoque
2392 2805 2540 2890 Bap-

428 2904 696 2982 tismata‚
762 2904 869 2969 nisi
927 2906 1231 2969 Internum
1282 2905 1536 2971 hominis
1577 2905 1921 2994 purificetur
1964 2924 1998 2971 a
2044 2907 2214 2970 malis
2259 2916 2323 2969 et
2372 2905 2541 2980 salsis,

429 3004 576 3068 nihil
620 3005 749 3093 plus
795 3006 1082 3081 efficiant,
1151 3026 1328 3093 quam
1371 3007 1713 3094 paropsides
1756 3016 1815 3071 et
1860 3008 2095 3094 patinae
2143 3007 2471 3071 mundatae
2510 3025 2541 3071 a

430 3106 707 3181 Judaeis‚
763 3126 833 3169 ac
860 3116 924 3170 ut
967 3106 1047 3168 ibi
1079 3126 1321 3194 quoque
1358 3107 1658 3193 sequitur,
1712 3129 1887 3195 quam
1930 3117 1993 3171 ut
2038 3106 2352 3196 sepulchra
2401 3125 2542 3194 quae

430 3205 577 3272 soris
607 3217 895 3294 apparent
926 3204 1206 3291 pulchra,
1258 3208 1416 3270 intus
1444 3229 1591 3273 vero
1626 3210 1794 3295 plena
1836 3218 1973 3271 sunt
2011 3209 2239 3271 ossibus
2279 3217 2543 3271 mortuo-

431 3327 562 3372 rum
593 3316 649 3372 et
680 3309 841 3370 omni
871 3306 1273 3382 immunditie,
1303 3306 1516 3374 Matth.
1552 3308 1795 3372 XXIII:
1844 3313 1926 3371 25
1959 3307 2031 3372 ad
2062 3312 2165 3371 28.
2236 3308 2418 3389 Quod
2445 3305 2541 3371 ad-

429 3406 549 3472 huc
579 3418 739 3496 patet
770 3432 840 3473 ex
867 3429 975 3482 eo,
1027 3406 1187 3493 quod
1229 3406 1467 3473 Inferna
1501 3408 1617 3473 sint
1646 3410 1818 3498 plena
1845 3408 2088 3473 Satanis
2111 3429 2183 3471 ex
2208 3407 2541 3472 hominihus

429 3517 551 3571 tam
586 3507 892 3594 baptizatis
919 3527 1096 3593 quam
1127 3527 1244 3571 uon
1275 3509 1598 3596 baptizatis.
1681 3510 1837 3589 Quid
1871 3518 2068 3573 autem
2099 3518 2363 3596 praestat
2391 3508 2539 3595 Bap-

431 3607 665 3682 tismu5‚
723 3607 1018 3671 videbitur
1045 3607 1104 3669 in
1131 3609 1546 3694 sequentihus3
1603 3630 1789 3695 quare
1818 3609 2042 3697 absque
2082 3608 2281 3673 usibus
2327 3616 2384 3671 et
2424 3606 2540 3671 sru-

429 3707 619 3771 ctibus
646 3707 802 3791 ejus,
856 3728 975 3772 non
1006 3707 1134 3794 plus
1162 3708 1236 3771 ad
1263 3708 1515 3773 salutem
1544 3710 1851 3785 conducit-,
1895 3724 2070 3796 quam
2101 3709 2332 3773 Cidaris
2362 3707 2540 3794 tripli-

429 3816 561 3872 cata
605 3828 783 3894 supra
822 3818 999 3897 caput
1040 3809 1271 3896 Papae,
1326 3820 1384 3873 et
1426 3809 1670 3895 Signum
1717 3811 1907 3875 crucis
1943 3830 2121 3899 super
2159 3811 2375 3874 calceis
2400 3809 2538 3894 ejus»,

426 3907 501 3972 ad
528 3906 905 3974 pontificiam
930 3909 1057 3993 ejus
1081 3910 1676 3998 supereminentiam3
1730 3930 1842 3974 nee
1881 3909 2012 3998 plus
2038 3931 2218 3996 quam
2248 3926 2536 3996 purpurea

429 4008 638 4083 vestis,
703 4010 935 4073 circum
982 4009 1357 4075 cardinalem
1406 4010 1482 4075 ad
1525 4012 1652 4098 ejus
1696 4012 2079 4097 dignitatem;
2152 4019 2256 4075 aut
2302 4008 2534 4099 pallium

426 4108 651 4177 circum
670 4108 1040 4201 Episcopum
1064 4110 1138 4175 ad
1168 4131 1370 4177 veram
1403 4111 1711 4177 ministerii
1747 4114 1872 4199 ejus
1899 4110 2299 4185 functionem
2354 4125 2533 4195 neque

422 4210 557 4319 plus
612 4230 790 4298 quam
844 4211 1158 4287 ThrouuS,
1231 4210 1507 4286 Corona,
1578 4212 1890 4300 Sceptrum
1943 4221 2012 4274 et.
2053 4210 2338 4302 Chlamys
2390 4203 2533 4297 apud
