2750 4775
0 4339 22 4412 ἱ

835 1052 1179 1121 CAPUT
1250 1051 1760 1122 OCTAVUM

1254 1231 1352 1281 DE

568 1357 1155 1469 Lmuno
1241 1382 2046 1470 ARBITRIO.

405 1586 552 1647 463.
619 1580 955 1671 Antequam
1004 1583 1300 1647 accinctus
1343 1583 1565 1648 accedo
1609 1584 1683 1647 ad
1733 1584 2085 1648 tradendum
2123 1585 2361 1649 Doctri-

248 1684 384 1747 nale
423 1684 637 1749 Novae
674 1684 972 1748 Ecclesiae
1010 1685 1083 1747 de
1124 1685 1368 1748 lesno
1409 1681 1753 1760 Anerrmo,
1819 1706 2122 1750 necessum
2157 1694 2254 1750 est
2297 1695 2363 1749 ut

250 1786 708 1870 praemittantur
749 1786 846 1848 illa
887 1807 1040 1870 quae
1086 1785 1395 1849 Hodierna
1428 1783 1693 1850 Ecclesia
1734 1786 1795 1848 in
1834 1785 2029 1849 Libris
2069 1785 2190 1850 suis
2216 1784 2363 1873 dog-

248 1885 480 1948 maticis
507 1885 578 1949 de
604 1885 706 1948 illo
743 1885 941 1962 tradit,
993 1887 1274 1972 quoniam
1306 1884 1417 1976 nisi
1444 1884 1560 1948 hoc
1586 1884 1719 1961 fiat,
1775 1894 1967 1973 potest
1994 1883 2210 1962 bomo,
2268 1886 2361 1949 cui

155 2010 160 2015 ·
246 2005 392 2048 sana
421 1988 574 2049 ratio
601 1996 661 2050 et
689 1986 898 2071 religio
927 1995 1045 2058 est,
1101 1985 1343 2049 credere
1363 2033 1380 2060 ,
1434 1986 1593 2072 quod
1624 2008 1741 2049 non
1782 1986 1977 2071 operis
2004 1986 2256 2072 pretium
2283 1985 2359 2051 sit
2389 2047 2400 2058 ‚

246 2084 320 2146 de
358 2085 458 2147 illo
501 2087 737 2172 aliquod
777 2108 997 2149 novum
1031 2085 1325 2159 scribere,
1370 2086 1593 2149 diceret
1618 2086 1773 2149 enim
1800 2108 2034 2162 seeum,
2080 2086 2209 2173 quis
2237 2107 2357 2154 non

240 2186 373 2261 seit,
428 2187 587 2270 quod
617 2186 840 2249 bomini
867 2186 1148 2250 Liberum
1173 2183 1503 2250 Arbitrium
1543 2186 1602 2245 in
1629 2186 2034 2268 spiritualibus
2057 2187 2165 2261 sit,
2215 2186 2360 2273 quid

245 2285 510 2370 alioquin
550 2285 737 2361 foret,
792 2286 951 2370 quod
992 2279 1347 2348 Sacerdotes
1387 2283 1836 2370 praedicarent,
1902 2297 1965 2351 ut
2006 2287 2251 2351 credant
2297 2286 2358 2349 iu

246 2385 473 2461 Deum,
533 2395 594 2448 ut
640 2395 991 2462 convertant
1035 2406 1128 2460 se,
1198 2395 1261 2449 ut
1308 2386 1511 2451 vivant
1563 2387 1885 2450 secundum
1933 2397 2250 2476 praecepta
2293 2387 2356 2451 in

246 2486 481 2561 Verbo,
538 2495 601 2549 ut
647 2484 907 2574 pugnent
950 2495 1154 2550 contra
1189 2486 1693 2572 concupiscentias
1722 2489 1917 2552 carnis
1944 2508 2118 2565 suae,
2172 2496 2357 2574 utque

242 2608 308 2651 se
339 2596 548 2672 parent
583 2609 802 2652 novam
843 2586 1227 2662 Creaturam,
1281 2595 1518 2674 praeter
1546 2587 1754 2652 similia
1781 2589 1983 2676 plura;
2038 2609 2225 2676 quare
2264 2610 2376 2675 se<

246 2708 381 2749 cum
423 2709 540 2750 non
582 2698 774 2774 potest
821 2688 991 2751 aliter
1040 2687 1336 2773 cogitare,
1404 2709 1581 2773 quam
1624 2689 1780 2774 quod
1821 2688 1920 2755 illa
1963 2688 2140 2753 modo
2180 2709 2359 2757 voces

245 2786 412 2851 venti
438 2798 664 2864 essent,
718 2789 766 2852 si
795 2810 916 2851 non
945 2787 1184 2873 aliquod
1213 2787 1494 2851 Liberum
1525 2784 1851 2852 Arbitrium
1881 2790 1942 2852 in
1984 2790 2164 2854 rebus
2201 2788 2357 2854 salu-

244 2888 321 2951 tis
358 2888 542 2964 soret,
598 2899 657 2952 et
697 2889 855 2975 quod
890 2888 1033 2951 illud
1062 2909 1280 2975 negare
1309 2897 1460 2952 esset
1503 2888 1774 2977 delirum:
1789 2889 1929 2977 quia
1972 2896 2179 2955 contra
2220 2909 2357 2954 seu-

243 3009 375 3053 sum
418 3009 820 3057 communem:
875 2998 937 3052 at
977 2988 1136 3075 quod
1174 3009 1359 3075 usque
1400 2986 1689 3053 hodierna
1719 2990 1984 3057 Ecclesia
2024 2990 2084 3052 in
2116 2999 2360 3054 contra-

243 3088 401 3152 rium
431 3098 560 3162 eat,
612 3100 671 3153 et
698 3090 838 3164 illud
878 3099 1043 3152 extra
1074 3088 1325 3176 Templa
1350 3109 1454 3153 sua
1486 3089 1710 3175 ejiciat,
1765 3100 2038 3154 constare
2067 3099 2261 3177 potest
2284 3106 2360 3153 ex

243 3189 431 3254 Libro
473 3189 795 3255 Fonmum.
831 3190 1242 3254 CoNconmAss
1286 3189 1614 3277 appellato,
1681 3190 1740 3252 in
1790 3211 1965 3275 quem
2011 3189 2360 3276 Evangelici
2453 3212 2462 3223 ·

241 3290 476 3375 jurant,
529 3311 601 3353 ex
645 3290 756 3355 illis
786 3291 867 3353 ibi
915 3311 1068 3375 quae
1113 3299 1473 3375 sequuntur;
1528 3289 1687 3375 quod
1730 3290 1931 3355 similis
1970 3290 2260 3354 Doctrina
2298 3298 2360 3352 et

240 3390 384 3454 inde
424 3389 568 3454 fides
606 3390 678 3454 de
717 3391 938 3454 Libero
969 3388 1235 3455 Arbitrio
1271 3390 1345 3454 sit
1384 3388 1539 3476 apud
1573 3389 1991 3464 ReformatoS,
2044 3389 2125 3454 ita
2153 3388 2358 3454 similis

242 3492 308 3554 in
358 3490 656 3556 Universo
696 3490 1035 3555 Christiano
1072 3489 1271 3567 Orbe,
1325 3490 1571 3577 proinde
1611 3491 1672 3553 in
1712 3490 2070 3566 Germania,
2120 3490 2355 3567 Suecia,

244 3592 474 3667 Dania,
527 3589 739 3676 Anglia
779 3602 836 3656 et
866 3590 1211 3666 Hollandia,
1266 3600 1498 3655 constat
1526 3613 1597 3655 ex
1626 3591 1819 3657 Libris
1847 3590 2199 3676 dogmaticis
2224 3591 2356 3657 illo-

241 3713 398 3756 rum.
443 3692 612 3756 Haec
634 3691 836 3778 itaque
861 3700 994 3756 sunt
1019 3692 1449 3777 Transsumpta
1478 3713 1550 3756 ex
1578 3692 1895 3757 Fonmum
1922 3691 2353 3769 Concoumass,

245 3792 538 3856 Editionis
575 3791 890 3878 Lipsiensis
926 3790 1102 3857 Anno
1147 3796 1336 3855 1756.

401 3895 549 3956 464.
603 3891 693 3968 „1.
742 3893 1034 3957 Doctores
1072 3889 1458 3978 Augustanae
1498 3892 1895 3958 confessionis
1940 3902 2208 3958 asserunt
2248 3893 2358 3958 bo-

241 3993 502 4069 „minem
543 4013 615 4056 ex
660 3993 827 4079 lapsu
867 3993 1191 4079 primorum
1233 3992 1559 4057 Parentum
1601 3994 1682 4056 ita
1733 3993 1965 4081 penitus
2009 4001 2356 4081 corruptum

241 4114 446 4169 „esse,
514 4102 579 4156 ut
621 4093 684 4155 in
726 4093 904 4160 rebus
946 4091 1396 4179 spiritualibus,
1470 4114 1623 4179 quae
1669 4094 1745 4157 ad
1794 4093 2247 4158 conversionem
2295 4104 2357 4157 et

242 4193 533 4268 „salutem
562 4201 826 4258 nostram
861 4202 1159 4281 spectant,
1215 4201 1430 4257 natura
1459 4214 1669 4258 caecus
1696 4193 1807 4269 sit,
1859 4203 1918 4257 et
1949 4194 2214 4261 Verbum
2242 4193 2358 4261 Dei

243 4295 687 4378 „praedicatum
732 4315 926 4381 neque
980 4293 1301 4380 intelligat,
1373 4315 1567 4381 neque
1606 4294 1936 4453 intelliget}
1953 4292 2196 4378 ‚possin
2251 4288 2356 4353 sed

1148 4497 1321 4517 ‹aas›

989 4510 1003 4525 ς·

986 4544 1099 4575 ιιγι
