<?xml version="1.0" encoding="UTF-8"?>
<!DOCTYPE html PUBLIC "-//W3C//DTD XHTML 1.0 Transitional//EN"
    "http://www.w3.org/TR/xhtml1/DTD/xhtml1-transitional.dtd">
<html xmlns="http://www.w3.org/1999/xhtml" xml:lang="en" lang="en">
 <head>
  <title>
</title>
<meta http-equiv="Content-Type" content="text/html;charset=utf-8" />
  <meta name='ocr-system' content='tesseract 3.04.00' />
  <meta name='ocr-capabilities' content='ocr_page ocr_carea ocr_par ocr_line ocrx_word'/>
</head>
<body>
  <div class='ocr_page' id='page_1' title='image "./verachristianar00unkngoog_0227.png"; bbox 0 0 2750 4775; ppageno 0'>
   <div class='ocr_carea' id='block_1_1' title="bbox 886 368 2324 431">
    <p class='ocr_par' dir='ltr' id='par_1_1' title="bbox 886 368 2324 431">
     <span class='ocr_line' id='line_1_1' title="bbox 886 368 2324 431; baseline 0.006 -9"><span class='ocrx_word' id='word_1_1' title='bbox 886 368 1008 424; x_wconf 80' lang='grc' dir='ltr'><strong>ΧΠ.</strong></span> <span class='ocrx_word' id='word_1_2' title='bbox 1088 368 1624 426; x_wconf 82' lang='lat' dir='ltr'><strong>BAPTISMUS.</strong></span> <span class='ocrx_word' id='word_1_3' title='bbox 2218 383 2324 431; x_wconf 76' lang='lat'><strong>205</strong></span> 
     </span>
    </p>
   </div>
   <div class='ocr_carea' id='block_1_2' title="bbox 152 522 2331 4348">
    <p class='ocr_par' dir='ltr' id='par_1_2' title="bbox 152 522 2331 4348">
     <span class='ocr_line' id='line_1_2' title="bbox 220 522 2324 612; baseline 0.002 -24"><span class='ocrx_word' id='word_1_4' title='bbox 220 523 538 612; x_wconf 78' lang='lat' dir='ltr'><strong>prudentia</strong></span> <span class='ocrx_word' id='word_1_5' title='bbox 589 543 776 610; x_wconf 85' lang='lat' dir='ltr'><strong>aeque</strong></span> <span class='ocrx_word' id='word_1_6' title='bbox 824 543 894 588; x_wconf 87' lang='lat' dir='ltr'><strong>ac</strong></span> <span class='ocrx_word' id='word_1_7' title='bbox 932 522 1213 587; x_wconf 87' lang='lat' dir='ltr'><strong>homines.</strong></span> <span class='ocrx_word' id='word_1_8' title='bbox 1311 527 1367 585; x_wconf 76' lang='lat'><strong>5.</strong></span> <span class='ocrx_word' id='word_1_9' title='bbox 1425 522 1600 602; x_wconf 84' lang='lat' dir='ltr'><strong>Quod</strong></span> <span class='ocrx_word' id='word_1_10' title='bbox 1640 523 1976 590; x_wconf 72' lang='lat' dir='ltr'><strong>Intellectus</strong></span> <span class='ocrx_word' id='word_1_11' title='bbox 2021 527 2096 590; x_wconf 88' lang='lat' dir='ltr'><strong>sit</strong></span> <span class='ocrx_word' id='word_1_12' title='bbox 2134 526 2324 596; x_wconf 83' lang='lat' dir='ltr'><strong>solum</strong></span> 
     </span>
     <span class='ocr_line' id='line_1_3' title="bbox 216 621 2325 708; baseline 0.001 -21"><span class='ocrx_word' id='word_1_13' title='bbox 216 621 589 694; x_wconf 71' lang='lat' dir='ltr'><strong>modificatio</strong></span> <span class='ocrx_word' id='word_1_14' title='bbox 635 625 779 688; x_wconf 85' lang='lat' dir='ltr'><strong>lucis</strong></span> <span class='ocrx_word' id='word_1_15' title='bbox 830 646 864 688; x_wconf 90' lang='lat' dir='ltr'><strong>e</strong></span> <span class='ocrx_word' id='word_1_16' title='bbox 916 623 1089 692; x_wconf 63' lang='lat' dir='ltr'><strong>Sole.</strong></span> <span class='ocrx_word' id='word_1_17' title='bbox 1139 634 1497 708; x_wconf 69' lang='lat' dir='ltr'><strong>cooperante</strong></span> <span class='ocrx_word' id='word_1_18' title='bbox 1552 625 1778 700; x_wconf 82' lang='lat' dir='ltr'><strong>calore,</strong></span> <span class='ocrx_word' id='word_1_19' title='bbox 1832 625 2026 690; x_wconf 90' lang='lat' dir='ltr'><strong>medio</strong></span> <span class='ocrx_word' id='word_1_20' title='bbox 2070 626 2325 703; x_wconf 84' lang='lat' dir='ltr'><strong>aethere,</strong></span> 
     </span>
     <span class='ocr_line' id='line_1_4' title="bbox 212 724 2327 814; baseline -0 -24"><span class='ocrx_word' id='word_1_21' title='bbox 212 727 298 790; x_wconf 84' lang='lat' dir='ltr'><strong>ita</strong></span> <span class='ocrx_word' id='word_1_22' title='bbox 330 735 398 789; x_wconf 86' lang='lat' dir='ltr'><strong>ut</strong></span> <span class='ocrx_word' id='word_1_23' title='bbox 428 724 605 788; x_wconf 87' lang='lat' dir='ltr'><strong>modo</strong></span> <span class='ocrx_word' id='word_1_24' title='bbox 631 725 705 789; x_wconf 84' lang='lat' dir='ltr'><strong>sit</strong></span> <span class='ocrx_word' id='word_1_25' title='bbox 733 725 1002 792; x_wconf 86' lang='lat' dir='ltr'><strong>activitas</strong></span> <span class='ocrx_word' id='word_1_26' title='bbox 1037 725 1336 794; x_wconf 77' lang='lat' dir='ltr'><strong>interioris</strong></span> <span class='ocrx_word' id='word_1_27' title='bbox 1372 734 1652 800; x_wconf 88' lang='lat' dir='ltr'><strong>naturae,</strong></span> <span class='ocrx_word' id='word_1_28' title='bbox 1704 735 1762 790; x_wconf 84' lang='lat' dir='ltr'><strong>et</strong></span> <span class='ocrx_word' id='word_1_29' title='bbox 1789 727 1947 813; x_wconf 90' lang='lat' dir='ltr'><strong>quod</strong></span> <span class='ocrx_word' id='word_1_30' title='bbox 1976 725 2122 790; x_wconf 83' lang='lat' dir='ltr'><strong>haec</strong></span> <span class='ocrx_word' id='word_1_31' title='bbox 2150 729 2327 814; x_wconf 87' lang='lat' dir='ltr'><strong>possit</strong></span> 
     </span>
     <span class='ocr_line' id='line_1_5' title="bbox 212 823 2326 913; baseline 0 -21"><span class='ocrx_word' id='word_1_32' title='bbox 212 826 504 902; x_wconf 79' lang='lat' dir='ltr'><strong>exaltari,</strong></span> <span class='ocrx_word' id='word_1_33' title='bbox 556 847 629 889; x_wconf 90' lang='lat' dir='ltr'><strong>eo</strong></span> <span class='ocrx_word' id='word_1_34' title='bbox 662 849 842 913; x_wconf 80' lang='lat' dir='ltr'><strong>usque</strong></span> <span class='ocrx_word' id='word_1_35' title='bbox 872 838 937 890; x_wconf 87' lang='lat' dir='ltr'><strong>ut</strong></span> <span class='ocrx_word' id='word_1_36' title='bbox 977 825 1262 913; x_wconf 80' lang='lat' dir='ltr'><strong>appareat</strong></span> <span class='ocrx_word' id='word_1_37' title='bbox 1298 826 1447 890; x_wconf 89' lang='lat' dir='ltr'><strong>sicut</strong></span> <span class='ocrx_word' id='word_1_38' title='bbox 1484 823 1785 912; x_wconf 78' lang='lat' dir='ltr'><strong>sapientia.</strong></span> <span class='ocrx_word' id='word_1_39' title='bbox 1869 833 1924 891; x_wconf 84' lang='lat'><strong>6.</strong></span> <span class='ocrx_word' id='word_1_40' title='bbox 1979 827 2152 907; x_wconf 89' lang='lat' dir='ltr'><strong>Quod</strong></span> <span class='ocrx_word' id='word_1_41' title='bbox 2193 827 2326 892; x_wconf 90' lang='lat' dir='ltr'><strong>ideo</strong></span> 
     </span>
     <span class='ocr_line' id='line_1_6' title="bbox 210 925 2324 1014; baseline -0.001 -22"><span class='ocrx_word' id='word_1_42' title='bbox 210 950 440 994; x_wconf 86' lang='lat' dir='ltr'><strong>vanum</strong></span> <span class='ocrx_word' id='word_1_43' title='bbox 471 927 544 991; x_wconf 91' lang='lat' dir='ltr'><strong>sit</strong></span> <span class='ocrx_word' id='word_1_44' title='bbox 574 928 844 1002; x_wconf 81' lang='lat' dir='ltr'><strong>credere,</strong></span> <span class='ocrx_word' id='word_1_45' title='bbox 896 927 1056 1013; x_wconf 89' lang='lat' dir='ltr'><strong>quod</strong></span> <span class='ocrx_word' id='word_1_46' title='bbox 1096 925 1280 992; x_wconf 87' lang='lat' dir='ltr'><strong>homo</strong></span> <span class='ocrx_word' id='word_1_47' title='bbox 1323 936 1452 1013; x_wconf 86' lang='lat' dir='ltr'><strong>post</strong></span> <span class='ocrx_word' id='word_1_48' title='bbox 1494 935 1742 990; x_wconf 87' lang='lat' dir='ltr'><strong>mortem</strong></span> <span class='ocrx_word' id='word_1_49' title='bbox 1788 927 1916 1014; x_wconf 84' lang='lat' dir='ltr'><strong>plus</strong></span> <span class='ocrx_word' id='word_1_50' title='bbox 1956 928 2121 994; x_wconf 71' lang='lat' dir='ltr'><strong>vivat</strong></span> <span class='ocrx_word' id='word_1_51' title='bbox 2148 948 2324 1012; x_wconf 85' lang='lat' dir='ltr'><strong>quam</strong></span> 
     </span>
     <span class='ocr_line' id='line_1_7' title="bbox 208 1026 2326 1116; baseline -0.002 -21"><span class='ocrx_word' id='word_1_52' title='bbox 208 1027 441 1103; x_wconf 86' lang='lat' dir='ltr'><strong>bestia,</strong></span> <span class='ocrx_word' id='word_1_53' title='bbox 493 1028 800 1113; x_wconf 85' lang='lat' dir='ltr'><strong>nisi.quod</strong></span> <span class='ocrx_word' id='word_1_54' title='bbox 841 1028 998 1093; x_wconf 85' lang='lat' dir='ltr'><strong>forte</strong></span> <span class='ocrx_word' id='word_1_55' title='bbox 1038 1027 1214 1115; x_wconf 86' lang='lat' dir='ltr'><strong>possit</strong></span> <span class='ocrx_word' id='word_1_56' title='bbox 1258 1048 1362 1112; x_wconf 86' lang='lat' dir='ltr'><strong>per</strong></span> <span class='ocrx_word' id='word_1_57' title='bbox 1405 1026 1632 1113; x_wconf 84' lang='lat' dir='ltr'><strong>aliquot</strong></span> <span class='ocrx_word' id='word_1_58' title='bbox 1669 1027 1791 1104; x_wconf 85' lang='lat' dir='ltr'><strong>dies</strong></span> <span class='ocrx_word' id='word_1_59' title='bbox 1832 1037 1959 1116; x_wconf 89' lang='lat' dir='ltr'><strong>post</strong></span> <span class='ocrx_word' id='word_1_60' title='bbox 2002 1028 2227 1093; x_wconf 83' lang='lat' dir='ltr'><strong>obitum</strong></span> <span class='ocrx_word' id='word_1_61' title='bbox 2256 1049 2326 1091; x_wconf 84' lang='lat' dir='ltr'><strong>ex</strong></span> 
     </span>
     <span class='ocr_line' id='line_1_8' title="bbox 209 1128 2331 1216; baseline -0.002 -20"><span class='ocrx_word' id='word_1_62' title='bbox 209 1129 601 1196; x_wconf 83' lang='lat' dir='ltr'><strong>exhalatione</strong></span> <span class='ocrx_word' id='word_1_63' title='bbox 628 1129 786 1210; x_wconf 76' lang='lat' dir='ltr'><strong>yitae</strong></span> <span class='ocrx_word' id='word_1_64' title='bbox 815 1128 1080 1216; x_wconf 86' lang='lat' dir='ltr'><strong>corporis</strong></span> <span class='ocrx_word' id='word_1_65' title='bbox 1108 1148 1393 1215; x_wconf 86' lang='lat' dir='ltr'><strong>apparere</strong></span> <span class='ocrx_word' id='word_1_66' title='bbox 1421 1129 1568 1192; x_wconf 88' lang='lat' dir='ltr'><strong>sicut</strong></span> <span class='ocrx_word' id='word_1_67' title='bbox 1596 1128 1832 1194; x_wconf 86' lang='lat' dir='ltr'><strong>nimbus</strong></span> <span class='ocrx_word' id='word_1_68' title='bbox 1856 1129 1965 1193; x_wconf 90' lang='lat' dir='ltr'><strong>sub</strong></span> <span class='ocrx_word' id='word_1_69' title='bbox 1993 1130 2183 1216; x_wconf 81' lang='lat' dir='ltr'><strong>specie</strong></span> <span class='ocrx_word' id='word_1_70' title='bbox 2214 1129 2331 1193; x_wconf 91' lang='lat' dir='ltr'><strong>lar-</strong></span> 
     </span>
     <span class='ocr_line' id='line_1_9' title="bbox 210 1229 2326 1317; baseline -0.001 -22"><span class='ocrx_word' id='word_1_71' title='bbox 210 1254 328 1297; x_wconf 84' lang='lat' dir='ltr'><strong>vae</strong></span> <span class='ocrx_word' id='word_1_72' title='bbox 353 1279 373 1306; x_wconf 90' lang='lat'><strong>,</strong></span> <span class='ocrx_word' id='word_1_73' title='bbox 427 1240 744 1316; x_wconf 77' lang='lat' dir='ltr'><strong>antequam</strong></span> <span class='ocrx_word' id='word_1_74' title='bbox 794 1230 1107 1315; x_wconf 86' lang='lat' dir='ltr'><strong>dissipatur</strong></span> <span class='ocrx_word' id='word_1_75' title='bbox 1146 1232 1204 1294; x_wconf 89' lang='lat' dir='ltr'><strong>in</strong></span> <span class='ocrx_word' id='word_1_76' title='bbox 1246 1239 1550 1303; x_wconf 56' lang='lat' dir='ltr'><strong>naturatum</strong></span> <span class='ocrx_word' id='word_1_77' title='bbox 1606 1230 1704 1295; x_wconf 81' lang='lat' dir='ltr'><strong>vix</strong></span> <span class='ocrx_word' id='word_1_78' title='bbox 1743 1229 1912 1293; x_wconf 87' lang='lat' dir='ltr'><strong>aliter</strong></span> <span class='ocrx_word' id='word_1_79' title='bbox 1952 1252 2125 1317; x_wconf 90' lang='lat' dir='ltr'><strong>quam</strong></span> <span class='ocrx_word' id='word_1_80' title='bbox 2174 1230 2326 1298; x_wconf 89' lang='lat' dir='ltr'><strong>sicut</strong></span> 
     </span>
     <span class='ocr_line' id='line_1_10' title="bbox 210 1330 2327 1417; baseline -0.001 -19"><span class='ocrx_word' id='word_1_81' title='bbox 210 1332 547 1417; x_wconf 74' lang='lat' dir='ltr'><strong>virgultum</strong></span> <span class='ocrx_word' id='word_1_82' title='bbox 576 1352 649 1394; x_wconf 83' lang='lat' dir='ltr'><strong>ex</strong></span> <span class='ocrx_word' id='word_1_83' title='bbox 691 1330 886 1396; x_wconf 82' lang='lat' dir='ltr'><strong>cinere</strong></span> <span class='ocrx_word' id='word_1_84' title='bbox 926 1332 1340 1396; x_wconf 82' lang='lat' dir='ltr'><strong>exsuscitatum</strong></span> <span class='ocrx_word' id='word_1_85' title='bbox 1385 1341 1634 1416; x_wconf 85' lang='lat' dir='ltr'><strong>apparet</strong></span> <span class='ocrx_word' id='word_1_86' title='bbox 1671 1330 1729 1393; x_wconf 89' lang='lat' dir='ltr'><strong>in</strong></span> <span class='ocrx_word' id='word_1_87' title='bbox 1769 1330 2141 1398; x_wconf 80' lang='lat' dir='ltr'><strong>similitudine</strong></span> <span class='ocrx_word' id='word_1_88' title='bbox 2184 1353 2327 1396; x_wconf 83' lang='lat' dir='ltr'><strong>suae</strong></span> 
     </span>
     <span class='ocr_line' id='line_1_11' title="bbox 208 1431 2321 1520; baseline -0.003 -20"><span class='ocrx_word' id='word_1_89' title='bbox 208 1435 470 1500; x_wconf 81' lang='lat' dir='ltr'><strong>formae.</strong></span> <span class='ocrx_word' id='word_1_90' title='bbox 582 1437 636 1494; x_wconf 73' lang='grc' dir='ltr'><strong>Ἴ.</strong></span> <span class='ocrx_word' id='word_1_91' title='bbox 693 1431 1138 1519; x_wconf 78' lang='lat' dir='ltr'><strong>consequenter</strong></span> <span class='ocrx_word' id='word_1_92' title='bbox 1181 1432 1338 1520; x_wconf 86' lang='lat' dir='ltr'><strong>quod</strong></span> <span class='ocrx_word' id='word_1_93' title='bbox 1386 1431 1657 1517; x_wconf 77' lang='lat' dir='ltr'><strong>Religio,</strong></span> <span class='ocrx_word' id='word_1_94' title='bbox 1726 1453 1879 1518; x_wconf 85' lang='lat' dir='ltr'><strong>quae</strong></span> <span class='ocrx_word' id='word_1_95' title='bbox 1925 1432 2096 1496; x_wconf 88' lang='lat' dir='ltr'><strong>docet</strong></span> <span class='ocrx_word' id='word_1_96' title='bbox 2142 1432 2321 1497; x_wconf 89' lang='lat' dir='ltr'><strong>vitam</strong></span> 
     </span>
     <span class='ocr_line' id='line_1_12' title="bbox 208 1533 2328 1623; baseline -0.001 -23"><span class='ocrx_word' id='word_1_97' title='bbox 208 1544 356 1623; x_wconf 87' lang='lat' dir='ltr'><strong>post</strong></span> <span class='ocrx_word' id='word_1_98' title='bbox 385 1543 668 1608; x_wconf 82' lang='lat' dir='ltr'><strong>mortem,</strong></span> <span class='ocrx_word' id='word_1_99' title='bbox 718 1534 792 1598; x_wconf 88' lang='lat' dir='ltr'><strong>sit</strong></span> <span class='ocrx_word' id='word_1_100' title='bbox 823 1535 1156 1609; x_wconf 88' lang='lat' dir='ltr'><strong>inventum,</strong></span> <span class='ocrx_word' id='word_1_101' title='bbox 1208 1543 1273 1597; x_wconf 89' lang='lat' dir='ltr'><strong>ut</strong></span> <span class='ocrx_word' id='word_1_102' title='bbox 1302 1534 1602 1620; x_wconf 37' lang='lat' dir='ltr'><strong>simplices,</strong></span> <span class='ocrx_word' id='word_1_103' title='bbox 1624 1542 1941 1597; x_wconf 84' lang='lat' dir='ltr'><strong>teneantur</strong></span> <span class='ocrx_word' id='word_1_104' title='bbox 1980 1533 2328 1598; x_wconf 87' lang='lat' dir='ltr'><strong>intrinsecus</strong></span> 
     </span>
     <span class='ocr_line' id='line_1_13' title="bbox 207 1632 2328 1721; baseline -0.003 -20"><span class='ocrx_word' id='word_1_105' title='bbox 207 1638 275 1701; x_wconf 90' lang='lat' dir='ltr'><strong>in</strong></span> <span class='ocrx_word' id='word_1_106' title='bbox 311 1635 551 1699; x_wconf 81' lang='lat' dir='ltr'><strong>vinculo</strong></span> <span class='ocrx_word' id='word_1_107' title='bbox 581 1657 683 1721; x_wconf 88' lang='lat' dir='ltr'><strong>per</strong></span> <span class='ocrx_word' id='word_1_108' title='bbox 719 1636 844 1721; x_wconf 79' lang='lat' dir='ltr'><strong>ejus</strong></span> <span class='ocrx_word' id='word_1_109' title='bbox 871 1635 1058 1721; x_wconf 85' lang='lat' dir='ltr'><strong>leges,</strong></span> <span class='ocrx_word' id='word_1_110' title='bbox 1109 1634 1258 1698; x_wconf 84' lang='lat' dir='ltr'><strong>sicut</strong></span> <span class='ocrx_word' id='word_1_111' title='bbox 1301 1644 1580 1699; x_wconf 87' lang='lat' dir='ltr'><strong>tenentur</strong></span> <span class='ocrx_word' id='word_1_112' title='bbox 1623 1632 1984 1702; x_wconf 82' lang='lat' dir='ltr'><strong>extrinsecus</strong></span> <span class='ocrx_word' id='word_1_113' title='bbox 2025 1655 2129 1719; x_wconf 91' lang='lat' dir='ltr'><strong>per</strong></span> <span class='ocrx_word' id='word_1_114' title='bbox 2171 1634 2328 1698; x_wconf 86' lang='lat' dir='ltr'><strong>Civi-</strong></span> 
     </span>
     <span class='ocr_line' id='line_1_14' title="bbox 208 1734 2326 1821; baseline -0.004 -17"><span class='ocrx_word' id='word_1_115' title='bbox 208 1739 360 1804; x_wconf 76' lang='lat' dir='ltr'><strong>tatis</strong></span> <span class='ocrx_word' id='word_1_116' title='bbox 387 1736 562 1821; x_wconf 85' lang='lat' dir='ltr'><strong>leges.</strong></span> <span class='ocrx_word' id='word_1_117' title='bbox 617 1736 728 1801; x_wconf 89' lang='lat' dir='ltr'><strong>His</strong></span> <span class='ocrx_word' id='word_1_118' title='bbox 753 1736 1135 1811; x_wconf 83' lang='lat' dir='ltr'><strong>addiderunt,</strong></span> <span class='ocrx_word' id='word_1_119' title='bbox 1173 1736 1331 1821; x_wconf 88' lang='lat' dir='ltr'><strong>quod</strong></span> <span class='ocrx_word' id='word_1_120' title='bbox 1361 1757 1521 1802; x_wconf 87' lang='lat' dir='ltr'><strong>mere</strong></span> <span class='ocrx_word' id='word_1_121' title='bbox 1550 1734 1836 1821; x_wconf 79' lang='lat' dir='ltr'><strong>ingeniosi</strong></span> <span class='ocrx_word' id='word_1_122' title='bbox 1864 1735 1944 1798; x_wconf 91' lang='lat' dir='ltr'><strong>ita</strong></span> <span class='ocrx_word' id='word_1_123' title='bbox 1961 1735 2326 1806; x_wconf 76' lang='lat' dir='ltr'><strong>,ratiocinen-</strong></span> 
     </span>
     <span class='ocr_line' id='line_1_15' title="bbox 211 1835 2325 1923; baseline -0.001 -22"><span class='ocrx_word' id='word_1_124' title='bbox 211 1848 317 1903; x_wconf 81' lang='lat' dir='ltr'><strong>tur</strong></span> <span class='ocrx_word' id='word_1_125' title='bbox 339 1886 355 1911; x_wconf 91' lang='lat'><strong>,</strong></span> <span class='ocrx_word' id='word_1_126' title='bbox 407 1858 525 1901; x_wconf 89' lang='lat' dir='ltr'><strong>non</strong></span> <span class='ocrx_word' id='word_1_127' title='bbox 557 1847 749 1901; x_wconf 88' lang='lat' dir='ltr'><strong>autem</strong></span> <span class='ocrx_word' id='word_1_128' title='bbox 781 1837 1211 1922; x_wconf 84' lang='lat' dir='ltr'><strong>Intelligentes;</strong></span> <span class='ocrx_word' id='word_1_129' title='bbox 1265 1846 1323 1900; x_wconf 91' lang='lat' dir='ltr'><strong>et</strong></span> <span class='ocrx_word' id='word_1_130' title='bbox 1362 1837 1784 1922; x_wconf 85' lang='lat' dir='ltr'><strong>quaesiverunt</strong></span> <span class='ocrx_word' id='word_1_131' title='bbox 1812 1835 1950 1921; x_wconf 89' lang='lat' dir='ltr'><strong>quid</strong></span> <span class='ocrx_word' id='word_1_132' title='bbox 1991 1835 2325 1923; x_wconf 85' lang='lat' dir='ltr'><strong>Intelligen-</strong></span> 
     </span>
     <span class='ocr_line' id='line_1_16' title="bbox 210 1936 2220 2024; baseline -0.001 -21"><span class='ocrx_word' id='word_1_133' title='bbox 210 1950 312 2004; x_wconf 85' lang='lat' dir='ltr'><strong>tes</strong></span> <span class='ocrx_word' id='word_1_134' title='bbox 336 1986 352 2013; x_wconf 91' lang='lat'><strong>,</strong></span> <span class='ocrx_word' id='word_1_135' title='bbox 405 1939 674 2002; x_wconf 83' lang='lat' dir='ltr'><strong>dixerunt</strong></span> <span class='ocrx_word' id='word_1_136' title='bbox 702 1940 857 2024; x_wconf 90' lang='lat' dir='ltr'><strong>quod</strong></span> <span class='ocrx_word' id='word_1_137' title='bbox 888 1960 1006 2001; x_wconf 88' lang='lat' dir='ltr'><strong>non</strong></span> <span class='ocrx_word' id='word_1_138' title='bbox 1035 1937 1409 2012; x_wconf 84' lang='lat' dir='ltr'><strong>audiverint,</strong></span> <span class='ocrx_word' id='word_1_139' title='bbox 1460 1937 1562 2001; x_wconf 89' lang='lat' dir='ltr'><strong>sed</strong></span> <span class='ocrx_word' id='word_1_140' title='bbox 1590 1937 1748 2022; x_wconf 89' lang='lat' dir='ltr'><strong>quod</strong></span> <span class='ocrx_word' id='word_1_141' title='bbox 1776 1936 1860 2000; x_wconf 87' lang='lat' dir='ltr'><strong>sic</strong></span> <span class='ocrx_word' id='word_1_142' title='bbox 1889 1938 2220 2024; x_wconf 83' lang='lat' dir='ltr'><strong>opinentur.</strong></span> 
     </span>
     <span class='ocr_line' id='line_1_17' title="bbox 374 2037 2323 2124; baseline -0.001 -21"><span class='ocrx_word' id='word_1_143' title='bbox 374 2039 504 2103; x_wconf 88' lang='lat' dir='ltr'><strong>His·</strong></span> <span class='ocrx_word' id='word_1_144' title='bbox 531 2040 743 2102; x_wconf 87' lang='lat' dir='ltr'><strong>auditis</strong></span> <span class='ocrx_word' id='word_1_145' title='bbox 784 2039 1302 2103; x_wconf 83' lang='lat' dir='ltr'><strong>dixerunt-omnes</strong></span> <span class='ocrx_word' id='word_1_146' title='bbox 1347 2039 1445 2124; x_wconf 88' lang='lat' dir='ltr'><strong>qui</strong></span> <span class='ocrx_word' id='word_1_147' title='bbox 1487 2038 1559 2101; x_wconf 88' lang='lat' dir='ltr'><strong>ad</strong></span> <span class='ocrx_word' id='word_1_148' title='bbox 1600 2038 1838 2104; x_wconf 87' lang='lat' dir='ltr'><strong>Mensas</strong></span> <span class='ocrx_word' id='word_1_149' title='bbox 1876 2038 2214 2114; x_wconf 62' lang='lat' dir='ltr'><strong>sedebant,‚</strong></span> <span class='ocrx_word' id='word_1_150' title='bbox 2246 2037 2323 2102; x_wconf 86' lang='lat' dir='ltr'><strong>oh</strong></span> 
     </span>
     <span class='ocr_line' id='line_1_18' title="bbox 210 2136 2326 2229; baseline -0.002 -24"><span class='ocrx_word' id='word_1_151' title='bbox 210 2141 420 2229; x_wconf 88' lang='lat' dir='ltr'><strong>qualia</strong></span> <span class='ocrx_word' id='word_1_152' title='bbox 449 2141 691 2220; x_wconf 78' lang='lat' dir='ltr'><strong>nuncin</strong></span> <span class='ocrx_word' id='word_1_153' title='bbox 719 2139 923 2204; x_wconf 87' lang='lat' dir='ltr'><strong>Terris</strong></span> <span class='ocrx_word' id='word_1_154' title='bbox 949 2149 1249 2225; x_wconf 87' lang='lat' dir='ltr'><strong>tempora;</strong></span> <span class='ocrx_word' id='word_1_155' title='bbox 1301 2136 1417 2201; x_wconf 84' lang='lat' dir='ltr'><strong>heu</strong></span> <span class='ocrx_word' id='word_1_156' title='bbox 1445 2137 1742 2225; x_wconf 84' lang='lat' dir='ltr'><strong>Sapientia</strong></span> <span class='ocrx_word' id='word_1_157' title='bbox 1772 2159 1918 2223; x_wconf 90' lang='lat' dir='ltr'><strong>quas</strong></span> <span class='ocrx_word' id='word_1_158' title='bbox 1946 2139 2102 2204; x_wconf 85' lang='lat' dir='ltr'><strong>vices</strong></span> <span class='ocrx_word' id='word_1_159' title='bbox 2126 2139 2326 2214; x_wconf 89' lang='lat' dir='ltr'><strong>subiit,</strong></span> 
     </span>
     <span class='ocr_line' id='line_1_19' title="bbox 207 2237 2321 2325; baseline -0 -19"><span class='ocrx_word' id='word_1_160' title='bbox 207 2262 473 2306; x_wconf 80' lang='lat' dir='ltr'><strong>versane</strong></span> <span class='ocrx_word' id='word_1_161' title='bbox 502 2249 589 2303; x_wconf 89' lang='lat' dir='ltr'><strong>est</strong></span> <span class='ocrx_word' id='word_1_162' title='bbox 617 2241 678 2303; x_wconf 88' lang='lat' dir='ltr'><strong>in</strong></span> <span class='ocrx_word' id='word_1_163' title='bbox 701 2238 1173 2325; x_wconf 84' lang='lat' dir='ltr'><strong>ingeniositatem</strong></span> <span class='ocrx_word' id='word_1_164' title='bbox 1201 2237 1457 2311; x_wconf 57' lang='lat' dir='ltr'><strong>fatuam,</strong></span> <span class='ocrx_word' id='word_1_165' title='bbox 1511 2239 1613 2303; x_wconf 90' lang='lat' dir='ltr'><strong>Sol</strong></span> <span class='ocrx_word' id='word_1_166' title='bbox 1646 2239 1886 2315; x_wconf 89' lang='lat' dir='ltr'><strong>occidit,</strong></span> <span class='ocrx_word' id='word_1_167' title='bbox 1940 2249 2000 2303; x_wconf 79' lang='lat' dir='ltr'><strong>et</strong></span> <span class='ocrx_word' id='word_1_168' title='bbox 2024 2240 2136 2305; x_wconf 88' lang='lat' dir='ltr'><strong>sub</strong></span> <span class='ocrx_word' id='word_1_169' title='bbox 2164 2243 2321 2305; x_wconf 80' lang='lat' dir='ltr'><strong>terra</strong></span> 
     </span>
     <span class='ocr_line' id='line_1_20' title="bbox 211 2337 2321 2427; baseline 0 -19"><span class='ocrx_word' id='word_1_170' title='bbox 211 2352 310 2408; x_wconf 87' lang='lat' dir='ltr'><strong>est</strong></span> <span class='ocrx_word' id='word_1_171' title='bbox 341 2363 376 2406; x_wconf 90' lang='lat' dir='ltr'><strong>a</strong></span> <span class='ocrx_word' id='word_1_172' title='bbox 404 2341 696 2406; x_wconf 76' lang='lat' dir='ltr'><strong>diametro</strong></span> <span class='ocrx_word' id='word_1_173' title='bbox 724 2342 1024 2427; x_wconf 88' lang='lat' dir='ltr'><strong>oppositus</strong></span> <span class='ocrx_word' id='word_1_174' title='bbox 1049 2359 1204 2411; x_wconf 62' lang='lat' dir='ltr'><strong>suae,</strong></span> <span class='ocrx_word' id='word_1_175' title='bbox 1214 2337 1483 2421; x_wconf 82' lang='lat' dir='ltr'><strong>meridiei</strong></span> <span class='ocrx_word' id='word_1_176' title='bbox 1506 2368 1521 2412; x_wconf 84' lang='lat'><strong>;</strong></span> <span class='ocrx_word' id='word_1_177' title='bbox 1569 2341 1697 2427; x_wconf 88' lang='lat' dir='ltr'><strong>quis</strong></span> <span class='ocrx_word' id='word_1_178' title='bbox 1724 2360 1843 2404; x_wconf 93' lang='lat' dir='ltr'><strong>non</strong></span> <span class='ocrx_word' id='word_1_179' title='bbox 1870 2361 1942 2405; x_wconf 85' lang='lat' dir='ltr'><strong>ex</strong></span> <span class='ocrx_word' id='word_1_180' title='bbox 1967 2341 2321 2408; x_wconf 86' lang='lat' dir='ltr'><strong>documento</strong></span> 
     </span>
     <span class='ocr_line' id='line_1_21' title="bbox 211 2440 2316 2529; baseline 0 -22"><span class='ocrx_word' id='word_1_181' title='bbox 211 2464 295 2507; x_wconf 84' lang='lat' dir='ltr'><strong>ex</strong></span> <span class='ocrx_word' id='word_1_182' title='bbox 338 2441 557 2504; x_wconf 87' lang='lat' dir='ltr'><strong>relictis</strong></span> <span class='ocrx_word' id='word_1_183' title='bbox 590 2451 652 2504; x_wconf 85' lang='lat' dir='ltr'><strong>et</strong></span> <span class='ocrx_word' id='word_1_184' title='bbox 693 2441 947 2507; x_wconf 86' lang='lat' dir='ltr'><strong>inventis</strong></span> <span class='ocrx_word' id='word_1_185' title='bbox 986 2442 1045 2503; x_wconf 91' lang='lat' dir='ltr'><strong>in</strong></span> <span class='ocrx_word' id='word_1_186' title='bbox 1085 2440 1269 2529; x_wconf 73' lang='lat' dir='ltr'><strong>sylvis</strong></span> <span class='ocrx_word' id='word_1_187' title='bbox 1304 2442 1454 2506; x_wconf 89' lang='lat' dir='ltr'><strong>scire</strong></span> <span class='ocrx_word' id='word_1_188' title='bbox 1499 2450 1724 2526; x_wconf 85' lang='lat' dir='ltr'><strong>potest,</strong></span> <span class='ocrx_word' id='word_1_189' title='bbox 1772 2442 1931 2529; x_wconf 86' lang='lat' dir='ltr'><strong>quod</strong></span> <span class='ocrx_word' id='word_1_190' title='bbox 1979 2441 2157 2508; x_wconf 89' lang='lat' dir='ltr'><strong>homo</strong></span> <span class='ocrx_word' id='word_1_191' title='bbox 2198 2466 2316 2508; x_wconf 91' lang='lat' dir='ltr'><strong>non</strong></span> 
     </span>
     <span class='ocr_line' id='line_1_22' title="bbox 215 2541 2321 2633; baseline 0.001 -26"><span class='ocrx_word' id='word_1_192' title='bbox 215 2546 548 2607; x_wconf 86' lang='lat' dir='ltr'><strong>instructus</strong></span> <span class='ocrx_word' id='word_1_193' title='bbox 577 2542 709 2606; x_wconf 85' lang='lat' dir='ltr'><strong>talis</strong></span> <span class='ocrx_word' id='word_1_194' title='bbox 738 2542 844 2617; x_wconf 90' lang='lat' dir='ltr'><strong>sit,</strong></span> <span class='ocrx_word' id='word_1_195' title='bbox 896 2551 1056 2606; x_wconf 89' lang='lat' dir='ltr'><strong>estne</strong></span> <span class='ocrx_word' id='word_1_196' title='bbox 1101 2543 1252 2607; x_wconf 87' lang='lat' dir='ltr'><strong>sicut</strong></span> <span class='ocrx_word' id='word_1_197' title='bbox 1292 2541 1629 2618; x_wconf 88' lang='lat' dir='ltr'><strong>instruitur,</strong></span> <span class='ocrx_word' id='word_1_198' title='bbox 1685 2545 2016 2608; x_wconf 85' lang='lat' dir='ltr'><strong>nasciturne</strong></span> <span class='ocrx_word' id='word_1_199' title='bbox 2054 2546 2114 2608; x_wconf 90' lang='lat' dir='ltr'><strong>in</strong></span> <span class='ocrx_word' id='word_1_200' title='bbox 2152 2545 2321 2633; x_wconf 88' lang='lat' dir='ltr'><strong>igno-</strong></span> 
     </span>
     <span class='ocr_line' id='line_1_23' title="bbox 210 2642 2321 2730; baseline 0.001 -21"><span class='ocrx_word' id='word_1_201' title='bbox 210 2642 418 2710; x_wconf 81' lang='lat' dir='ltr'><strong>rantia</strong></span> <span class='ocrx_word' id='word_1_202' title='bbox 461 2663 601 2730; x_wconf 90' lang='lat' dir='ltr'><strong>prae</strong></span> <span class='ocrx_word' id='word_1_203' title='bbox 653 2643 885 2718; x_wconf 84' lang='lat' dir='ltr'><strong>bestiis,</strong></span> <span class='ocrx_word' id='word_1_204' title='bbox 940 2643 1196 2706; x_wconf 86' lang='lat' dir='ltr'><strong>discetne</strong></span> <span class='ocrx_word' id='word_1_205' title='bbox 1251 2643 1418 2730; x_wconf 84' lang='lat' dir='ltr'><strong>gradi</strong></span> <span class='ocrx_word' id='word_1_206' title='bbox 1469 2652 1528 2707; x_wconf 86' lang='lat' dir='ltr'><strong>et</strong></span> <span class='ocrx_word' id='word_1_207' title='bbox 1567 2643 1760 2730; x_wconf 88' lang='lat' dir='ltr'><strong>loqui,</strong></span> <span class='ocrx_word' id='word_1_208' title='bbox 1812 2646 1862 2710; x_wconf 89' lang='lat' dir='ltr'><strong>si</strong></span> <span class='ocrx_word' id='word_1_209' title='bbox 1915 2667 2033 2709; x_wconf 89' lang='lat' dir='ltr'><strong>non</strong></span> <span class='ocrx_word' id='word_1_210' title='bbox 2072 2647 2321 2715; x_wconf 82' lang='lat' dir='ltr'><strong>disceret</strong></span> 
     </span>
     <span class='ocr_line' id='line_1_24' title="bbox 211 2743 2319 2835; baseline 0.001 -26"><span class='ocrx_word' id='word_1_211' title='bbox 211 2743 425 2833; x_wconf 80' lang='lat' dir='ltr'><strong>gradi,</strong></span> <span class='ocrx_word' id='word_1_212' title='bbox 479 2766 617 2827; x_wconf 80' lang='lat' dir='ltr'><strong>num</strong></span> <span class='ocrx_word' id='word_1_213' title='bbox 656 2766 720 2809; x_wconf 91' lang='lat' dir='ltr'><strong>se</strong></span> <span class='ocrx_word' id='word_1_214' title='bbox 759 2766 937 2832; x_wconf 86' lang='lat' dir='ltr'><strong>super</strong></span> <span class='ocrx_word' id='word_1_215' title='bbox 975 2743 1150 2831; x_wconf 89' lang='lat' dir='ltr'><strong>pedes</strong></span> <span class='ocrx_word' id='word_1_216' title='bbox 1185 2745 1473 2831; x_wconf 80' lang='lat' dir='ltr'><strong>erigeret,</strong></span> <span class='ocrx_word' id='word_1_217' title='bbox 1526 2754 1585 2808; x_wconf 89' lang='lat' dir='ltr'><strong>et</strong></span> <span class='ocrx_word' id='word_1_218' title='bbox 1611 2746 1658 2810; x_wconf 88' lang='lat' dir='ltr'><strong>si</strong></span> <span class='ocrx_word' id='word_1_219' title='bbox 1697 2767 1816 2810; x_wconf 91' lang='lat' dir='ltr'><strong>non</strong></span> <span class='ocrx_word' id='word_1_220' title='bbox 1856 2746 2104 2812; x_wconf 86' lang='lat' dir='ltr'><strong>disceret</strong></span> <span class='ocrx_word' id='word_1_221' title='bbox 2138 2747 2319 2835; x_wconf 88' lang='lat' dir='ltr'><strong>loqui,</strong></span> 
     </span>
     <span class='ocr_line' id='line_1_25' title="bbox 207 2845 2322 2935; baseline 0 -25"><span class='ocrx_word' id='word_1_222' title='bbox 207 2868 358 2910; x_wconf 86' lang='lat' dir='ltr'><strong>num</strong></span> <span class='ocrx_word' id='word_1_223' title='bbox 389 2846 629 2935; x_wconf 83' lang='lat' dir='ltr'><strong>mutiret</strong></span> <span class='ocrx_word' id='word_1_224' title='bbox 667 2847 886 2933; x_wconf 88' lang='lat' dir='ltr'><strong>aliquid</strong></span> <span class='ocrx_word' id='word_1_225' title='bbox 931 2845 1334 2931; x_wconf 83' lang='lat' dir='ltr'><strong>cogitationis;</strong></span> <span class='ocrx_word' id='word_1_226' title='bbox 1388 2855 1550 2910; x_wconf 90' lang='lat' dir='ltr'><strong>estne</strong></span> <span class='ocrx_word' id='word_1_227' title='bbox 1593 2847 1787 2911; x_wconf 81' lang='lat' dir='ltr'><strong>omnis</strong></span> <span class='ocrx_word' id='word_1_228' title='bbox 1829 2845 2006 2912; x_wconf 85' lang='lat' dir='ltr'><strong>homo</strong></span> <span class='ocrx_word' id='word_1_229' title='bbox 2045 2848 2194 2911; x_wconf 83' lang='lat' dir='ltr'><strong>sicut</strong></span> <span class='ocrx_word' id='word_1_230' title='bbox 2232 2848 2322 2911; x_wconf 87' lang='lat' dir='ltr'><strong>in—</strong></span> 
     </span>
     <span class='ocr_line' id='line_1_26' title="bbox 206 2945 2318 3033; baseline -0.001 -19"><span class='ocrx_word' id='word_1_231' title='bbox 206 2945 495 3022; x_wconf 68' lang='lat' dir='ltr'><strong>struitur,</strong></span> <span class='ocrx_word' id='word_1_232' title='bbox 547 2947 847 3013; x_wconf 84' lang='lat' dir='ltr'><strong>insaniens</strong></span> <span class='ocrx_word' id='word_1_233' title='bbox 868 2968 941 3011; x_wconf 84' lang='lat' dir='ltr'><strong>ex</strong></span> <span class='ocrx_word' id='word_1_234' title='bbox 967 2945 1158 3023; x_wconf 83' lang='lat' dir='ltr'><strong>falsis,</strong></span> <span class='ocrx_word' id='word_1_235' title='bbox 1210 2968 1283 3012; x_wconf 88' lang='lat' dir='ltr'><strong>ac</strong></span> <span class='ocrx_word' id='word_1_236' title='bbox 1307 2947 1538 3033; x_wconf 90' lang='lat' dir='ltr'><strong>sapiens</strong></span> <span class='ocrx_word' id='word_1_237' title='bbox 1576 2968 1649 3010; x_wconf 83' lang='lat' dir='ltr'><strong>ex</strong></span> <span class='ocrx_word' id='word_1_238' title='bbox 1686 2946 1876 3022; x_wconf 83' lang='lat' dir='ltr'><strong>veris,</strong></span> <span class='ocrx_word' id='word_1_239' title='bbox 1926 2957 1985 3027; x_wconf 83' lang='lat' dir='ltr'><strong>et</strong></span> <span class='ocrx_word' id='word_1_240' title='bbox 2022 2947 2318 3011; x_wconf 82' lang='lat' dir='ltr'><strong>insaniens</strong></span> 
     </span>
     <span class='ocr_line' id='line_1_27' title="bbox 208 3046 2317 3136; baseline -0.001 -23"><span class='ocrx_word' id='word_1_241' title='bbox 208 3071 291 3114; x_wconf 85' lang='lat' dir='ltr'><strong>ex</strong></span> <span class='ocrx_word' id='word_1_242' title='bbox 322 3046 480 3113; x_wconf 84' lang='lat' dir='ltr'><strong>falsis</strong></span> <span class='ocrx_word' id='word_1_243' title='bbox 506 3050 564 3110; x_wconf 90' lang='lat' dir='ltr'><strong>in</strong></span> <span class='ocrx_word' id='word_1_244' title='bbox 591 3050 753 3113; x_wconf 89' lang='lat' dir='ltr'><strong>omni</strong></span> <span class='ocrx_word' id='word_1_245' title='bbox 780 3048 1083 3136; x_wconf 84' lang='lat' dir='ltr'><strong>phantasia</strong></span> <span class='ocrx_word' id='word_1_246' title='bbox 1106 3049 1263 3133; x_wconf 89' lang='lat' dir='ltr'><strong>quod</strong></span> <span class='ocrx_word' id='word_1_247' title='bbox 1292 3049 1366 3112; x_wconf 87' lang='lat' dir='ltr'><strong>sit</strong></span> <span class='ocrx_word' id='word_1_248' title='bbox 1394 3049 1716 3136; x_wconf 88' lang='lat' dir='ltr'><strong>sapientior</strong></span> <span class='ocrx_word' id='word_1_249' title='bbox 1741 3047 2004 3132; x_wconf 88' lang='lat' dir='ltr'><strong>sapiente</strong></span> <span class='ocrx_word' id='word_1_250' title='bbox 2034 3068 2102 3111; x_wconf 87' lang='lat' dir='ltr'><strong>ex</strong></span> <span class='ocrx_word' id='word_1_251' title='bbox 2132 3047 2317 3121; x_wconf 85' lang='lat' dir='ltr'><strong>veris;</strong></span> 
     </span>
     <span class='ocr_line' id='line_1_28' title="bbox 207 3146 2318 3235; baseline -0.002 -21"><span class='ocrx_word' id='word_1_252' title='bbox 207 3150 512 3214; x_wconf 83' lang='lat' dir='ltr'><strong>danturne</strong></span> <span class='ocrx_word' id='word_1_253' title='bbox 539 3149 804 3214; x_wconf 89' lang='lat' dir='ltr'><strong>homines</strong></span> <span class='ocrx_word' id='word_1_254' title='bbox 829 3150 975 3214; x_wconf 85' lang='lat' dir='ltr'><strong>fatui</strong></span> <span class='ocrx_word' id='word_1_255' title='bbox 1004 3159 1065 3212; x_wconf 85' lang='lat' dir='ltr'><strong>et</strong></span> <span class='ocrx_word' id='word_1_256' title='bbox 1103 3149 1335 3225; x_wconf 83' lang='lat' dir='ltr'><strong>vesani,</strong></span> <span class='ocrx_word' id='word_1_257' title='bbox 1389 3150 1488 3233; x_wconf 88' lang='lat' dir='ltr'><strong>qui</strong></span> <span class='ocrx_word' id='word_1_258' title='bbox 1531 3171 1652 3213; x_wconf 89' lang='lat' dir='ltr'><strong>non</strong></span> <span class='ocrx_word' id='word_1_259' title='bbox 1696 3148 1823 3235; x_wconf 89' lang='lat' dir='ltr'><strong>plus</strong></span> <span class='ocrx_word' id='word_1_260' title='bbox 1858 3146 2128 3221; x_wconf 85' lang='lat' dir='ltr'><strong>homines</strong></span> <span class='ocrx_word' id='word_1_261' title='bbox 2164 3158 2318 3225; x_wconf 88' lang='lat' dir='ltr'><strong>sunt,</strong></span> 
     </span>
     <span class='ocr_line' id='line_1_29' title="bbox 208 3246 2317 3340; baseline 0 -27"><span class='ocrx_word' id='word_1_262' title='bbox 208 3271 395 3338; x_wconf 87' lang='lat' dir='ltr'><strong>quam</strong></span> <span class='ocrx_word' id='word_1_263' title='bbox 425 3250 647 3317; x_wconf 85' lang='lat' dir='ltr'><strong>inventi</strong></span> <span class='ocrx_word' id='word_1_264' title='bbox 677 3251 736 3314; x_wconf 89' lang='lat' dir='ltr'><strong>in</strong></span> <span class='ocrx_word' id='word_1_265' title='bbox 773 3252 987 3340; x_wconf 72' lang='lat' dir='ltr'><strong>sylvis3</strong></span> <span class='ocrx_word' id='word_1_266' title='bbox 1039 3271 1236 3313; x_wconf 88' lang='lat' dir='ltr'><strong>nonne</strong></span> <span class='ocrx_word' id='word_1_267' title='bbox 1276 3250 1424 3314; x_wconf 85' lang='lat' dir='ltr'><strong>cassi</strong></span> <span class='ocrx_word' id='word_1_268' title='bbox 1468 3251 1753 3323; x_wconf 79' lang='lat' dir='ltr'><strong>memoria</strong></span> <span class='ocrx_word' id='word_1_269' title='bbox 1792 3246 1883 3313; x_wconf 86' lang='lat' dir='ltr'><strong>his</strong></span> <span class='ocrx_word' id='word_1_270' title='bbox 1906 3248 2122 3314; x_wconf 82' lang='lat' dir='ltr'><strong>similes</strong></span> <span class='ocrx_word' id='word_1_271' title='bbox 2162 3259 2317 3315; x_wconf 88' lang='lat' dir='ltr'><strong>sunt.</strong></span> 
     </span>
     <span class='ocr_line' id='line_1_30' title="bbox 206 3349 2315 3436; baseline -0.002 -18"><span class='ocrx_word' id='word_1_272' title='bbox 206 3352 345 3417; x_wconf 88' lang='lat' dir='ltr'><strong>Nos</strong></span> <span class='ocrx_word' id='word_1_273' title='bbox 371 3371 442 3415; x_wconf 84' lang='lat' dir='ltr'><strong>ex</strong></span> <span class='ocrx_word' id='word_1_274' title='bbox 467 3352 556 3415; x_wconf 85' lang='lat' dir='ltr'><strong>his</strong></span> <span class='ocrx_word' id='word_1_275' title='bbox 582 3361 641 3416; x_wconf 88' lang='lat' dir='ltr'><strong>et</strong></span> <span class='ocrx_word' id='word_1_276' title='bbox 667 3352 776 3416; x_wconf 86' lang='lat' dir='ltr'><strong>illis</strong></span> <span class='ocrx_word' id='word_1_277' title='bbox 804 3350 1227 3426; x_wconf 87' lang='lat' dir='ltr'><strong>conclusimus,</strong></span> <span class='ocrx_word' id='word_1_278' title='bbox 1280 3350 1437 3436; x_wconf 91' lang='lat' dir='ltr'><strong>quod</strong></span> <span class='ocrx_word' id='word_1_279' title='bbox 1480 3349 1656 3415; x_wconf 88' lang='lat' dir='ltr'><strong>homo</strong></span> <span class='ocrx_word' id='word_1_280' title='bbox 1683 3351 1904 3435; x_wconf 86' lang='lat' dir='ltr'><strong>absque</strong></span> <span class='ocrx_word' id='word_1_281' title='bbox 1933 3351 2315 3414; x_wconf 81' lang='lat' dir='ltr'><strong>instructione</strong></span> 
     </span>
     <span class='ocr_line' id='line_1_31' title="bbox 210 3450 2316 3539; baseline -0 -23"><span class='ocrx_word' id='word_1_282' title='bbox 210 3474 338 3516; x_wconf 88' lang='lat' dir='ltr'><strong>non</strong></span> <span class='ocrx_word' id='word_1_283' title='bbox 364 3452 434 3515; x_wconf 88' lang='lat' dir='ltr'><strong>sit</strong></span> <span class='ocrx_word' id='word_1_284' title='bbox 461 3452 670 3528; x_wconf 71' lang='lat' dir='ltr'><strong>homo,</strong></span> <span class='ocrx_word' id='word_1_285' title='bbox 724 3474 834 3516; x_wconf 86' lang='lat' dir='ltr'><strong>nec</strong></span> <span class='ocrx_word' id='word_1_286' title='bbox 863 3453 1074 3526; x_wconf 86' lang='lat' dir='ltr'><strong>bestia,</strong></span> <span class='ocrx_word' id='word_1_287' title='bbox 1127 3452 1230 3517; x_wconf 90' lang='lat' dir='ltr'><strong>sed</strong></span> <span class='ocrx_word' id='word_1_288' title='bbox 1271 3452 1430 3538; x_wconf 90' lang='lat' dir='ltr'><strong>quod</strong></span> <span class='ocrx_word' id='word_1_289' title='bbox 1472 3451 1544 3519; x_wconf 86' lang='lat' dir='ltr'><strong>sit</strong></span> <span class='ocrx_word' id='word_1_290' title='bbox 1584 3450 1805 3525; x_wconf 77' lang='lat' dir='ltr'><strong>forma,</strong></span> <span class='ocrx_word' id='word_1_291' title='bbox 1862 3472 2014 3535; x_wconf 89' lang='lat' dir='ltr'><strong>quae</strong></span> <span class='ocrx_word' id='word_1_292' title='bbox 2053 3451 2316 3539; x_wconf 79' lang='lat' dir='ltr'><strong>recipere</strong></span> 
     </span>
     <span class='ocr_line' id='line_1_32' title="bbox 213 3553 2318 3640; baseline 0.001 -23"><span class='ocrx_word' id='word_1_293' title='bbox 213 3562 408 3640; x_wconf 87' lang='lat' dir='ltr'><strong>potest</strong></span> <span class='ocrx_word' id='word_1_294' title='bbox 438 3553 495 3617; x_wconf 91' lang='lat' dir='ltr'><strong>in</strong></span> <span class='ocrx_word' id='word_1_295' title='bbox 522 3575 586 3621; x_wconf 90' lang='lat' dir='ltr'><strong>se</strong></span> <span class='ocrx_word' id='word_1_296' title='bbox 617 3554 674 3617; x_wconf 87' lang='lat' dir='ltr'><strong>id</strong></span> <span class='ocrx_word' id='word_1_297' title='bbox 702 3553 859 3638; x_wconf 86' lang='lat' dir='ltr'><strong>quod</strong></span> <span class='ocrx_word' id='word_1_298' title='bbox 891 3554 1030 3618; x_wconf 82' lang='lat' dir='ltr'><strong>facit</strong></span> <span class='ocrx_word' id='word_1_299' title='bbox 1073 3553 1403 3628; x_wconf 78' lang='lat' dir='ltr'><strong>hominem,</strong></span> <span class='ocrx_word' id='word_1_300' title='bbox 1456 3562 1515 3615; x_wconf 91' lang='lat' dir='ltr'><strong>et</strong></span> <span class='ocrx_word' id='word_1_301' title='bbox 1553 3553 1638 3616; x_wconf 88' lang='lat' dir='ltr'><strong>sic</strong></span> <span class='ocrx_word' id='word_1_302' title='bbox 1683 3553 1840 3638; x_wconf 90' lang='lat' dir='ltr'><strong>quod</strong></span> <span class='ocrx_word' id='word_1_303' title='bbox 1880 3574 1999 3617; x_wconf 88' lang='lat' dir='ltr'><strong>non</strong></span> <span class='ocrx_word' id='word_1_304' title='bbox 2041 3565 2318 3619; x_wconf 84' lang='lat' dir='ltr'><strong>nascatur</strong></span> 
     </span>
     <span class='ocr_line' id='line_1_33' title="bbox 209 3652 2317 3740; baseline 0.001 -22"><span class='ocrx_word' id='word_1_305' title='bbox 209 3653 445 3730; x_wconf 79' lang='lat' dir='ltr'><strong>homo,</strong></span> <span class='ocrx_word' id='word_1_306' title='bbox 482 3655 581 3723; x_wconf 87' lang='lat' dir='ltr'><strong>sed</strong></span> <span class='ocrx_word' id='word_1_307' title='bbox 610 3656 767 3740; x_wconf 91' lang='lat' dir='ltr'><strong>quod</strong></span> <span class='ocrx_word' id='word_1_308' title='bbox 799 3653 900 3718; x_wconf 84' lang='lat' dir='ltr'><strong>fiat</strong></span> <span class='ocrx_word' id='word_1_309' title='bbox 930 3653 1144 3726; x_wconf 86' lang='lat' dir='ltr'><strong>homo;</strong></span> <span class='ocrx_word' id='word_1_310' title='bbox 1198 3664 1256 3718; x_wconf 89' lang='lat' dir='ltr'><strong>et</strong></span> <span class='ocrx_word' id='word_1_311' title='bbox 1300 3652 1458 3739; x_wconf 89' lang='lat' dir='ltr'><strong>quod</strong></span> <span class='ocrx_word' id='word_1_312' title='bbox 1498 3652 1675 3718; x_wconf 85' lang='lat' dir='ltr'><strong>homo</strong></span> <span class='ocrx_word' id='word_1_313' title='bbox 1718 3655 1849 3718; x_wconf 90' lang='lat' dir='ltr'><strong>talis</strong></span> <span class='ocrx_word' id='word_1_314' title='bbox 1888 3654 2080 3720; x_wconf 85' lang='lat' dir='ltr'><strong>forma</strong></span> <span class='ocrx_word' id='word_1_315' title='bbox 2110 3677 2317 3722; x_wconf 87' lang='lat' dir='ltr'><strong>nasca-</strong></span> 
     </span>
     <span class='ocr_line' id='line_1_34' title="bbox 212 3744 2316 3843; baseline 0.001 -25"><span class='ocrx_word' id='word_1_316' title='bbox 212 3767 344 3833; x_wconf 82' lang='lat' dir='ltr'><strong>tur,</strong></span> <span class='ocrx_word' id='word_1_317' title='bbox 394 3752 464 3821; x_wconf 55' lang='lat' dir='ltr'><strong>‘ut</strong></span> <span class='ocrx_word' id='word_1_318' title='bbox 488 3756 565 3819; x_wconf 88' lang='lat' dir='ltr'><strong>sit</strong></span> <span class='ocrx_word' id='word_1_319' title='bbox 604 3775 891 3842; x_wconf 86' lang='lat' dir='ltr'><strong>organum</strong></span> <span class='ocrx_word' id='word_1_320' title='bbox 934 3744 1417 3840; x_wconf 40' lang='lat' dir='ltr'><strong>recipiens‘vitae</strong></span> <span class='ocrx_word' id='word_1_321' title='bbox 1457 3774 1491 3817; x_wconf 85' lang='lat' dir='ltr'><strong>a</strong></span> <span class='ocrx_word' id='word_1_322' title='bbox 1533 3755 1696 3830; x_wconf 91' lang='lat' dir='ltr'><strong>Deo,</strong></span> <span class='ocrx_word' id='word_1_323' title='bbox 1751 3766 1990 3843; x_wconf 86' lang='lat' dir='ltr'><strong>propter</strong></span> <span class='ocrx_word' id='word_1_324' title='bbox 2034 3757 2206 3823; x_wconf 87' lang='lat' dir='ltr'><strong>finem</strong></span> <span class='ocrx_word' id='word_1_325' title='bbox 2251 3767 2316 3822; x_wconf 88' lang='lat' dir='ltr'><strong>ut</strong></span> 
     </span>
     <span class='ocr_line' id='line_1_35' title="bbox 208 3855 2314 3945; baseline -0 -23"><span class='ocrx_word' id='word_1_326' title='bbox 208 3856 297 3922; x_wconf 72' lang='lat' dir='ltr'><strong>sit·</strong></span> <span class='ocrx_word' id='word_1_327' title='bbox 327 3857 692 3945; x_wconf 86' lang='lat' dir='ltr'><strong>subjectum,</strong></span> <span class='ocrx_word' id='word_1_328' title='bbox 744 3855 1002 3943; x_wconf 78' lang='lat' dir='ltr'><strong>inquod</strong></span> <span class='ocrx_word' id='word_1_329' title='bbox 1048 3856 1209 3921; x_wconf 87' lang='lat' dir='ltr'><strong>Deus</strong></span> <span class='ocrx_word' id='word_1_330' title='bbox 1244 3876 1418 3921; x_wconf 85' lang='lat' dir='ltr'><strong>omne</strong></span> <span class='ocrx_word' id='word_1_331' title='bbox 1452 3856 1671 3923; x_wconf 83' lang='lat' dir='ltr'><strong>bonurn</strong></span> <span class='ocrx_word' id='word_1_332' title='bbox 1717 3867 1912 3942; x_wconf 84' lang='lat' dir='ltr'><strong>posset</strong></span> <span class='ocrx_word' id='word_1_333' title='bbox 1949 3859 2202 3934; x_wconf 82' lang='lat' dir='ltr'><strong>inferre,</strong></span> <span class='ocrx_word' id='word_1_334' title='bbox 2253 3866 2314 3921; x_wconf 89' lang='lat' dir='ltr'><strong>et</strong></span> 
     </span>
     <span class='ocr_line' id='line_1_36' title="bbox 211 3956 2314 4048; baseline -0.001 -26"><span class='ocrx_word' id='word_1_335' title='bbox 211 3978 321 4045; x_wconf 84' lang='lat' dir='ltr'><strong>per</strong></span> <span class='ocrx_word' id='word_1_336' title='bbox 367 3960 644 4023; x_wconf 87' lang='lat' dir='ltr'><strong>unionem</strong></span> <span class='ocrx_word' id='word_1_337' title='bbox 689 3979 893 4023; x_wconf 88' lang='lat' dir='ltr'><strong>secum</strong></span> <span class='ocrx_word' id='word_1_338' title='bbox 938 3956 1277 4023; x_wconf 84' lang='lat' dir='ltr'><strong>beatificare</strong></span> <span class='ocrx_word' id='word_1_339' title='bbox 1329 3958 1388 4020; x_wconf 89' lang='lat' dir='ltr'><strong>in</strong></span> <span class='ocrx_word' id='word_1_340' title='bbox 1431 3967 1755 4021; x_wconf 84' lang='lat' dir='ltr'><strong>aeternum.</strong></span> <span class='ocrx_word' id='word_1_341' title='bbox 1833 3959 2196 4048; x_wconf 78' lang='lat' dir='ltr'><strong>Percipimus</strong></span> <span class='ocrx_word' id='word_1_342' title='bbox 2237 3979 2314 4029; x_wconf 70' lang='lat' dir='ltr'><strong>,ex</strong></span> 
     </span>
     <span class='ocr_line' id='line_1_37' title="bbox 207 4056 2315 4147; baseline -0.001 -24"><span class='ocrx_word' id='word_1_343' title='bbox 207 4080 486 4125; x_wconf 87' lang='lat' dir='ltr'><strong>sermone</strong></span> <span class='ocrx_word' id='word_1_344' title='bbox 515 4068 740 4138; x_wconf 86' lang='lat' dir='ltr'><strong>vestro,</strong></span> <span class='ocrx_word' id='word_1_345' title='bbox 794 4058 951 4145; x_wconf 89' lang='lat' dir='ltr'><strong>quod</strong></span> <span class='ocrx_word' id='word_1_346' title='bbox 976 4058 1263 4147; x_wconf 84' lang='lat' dir='ltr'><strong>sapientia</strong></span> <span class='ocrx_word' id='word_1_347' title='bbox 1301 4056 1477 4122; x_wconf 89' lang='lat' dir='ltr'><strong>hodie</strong></span> <span class='ocrx_word' id='word_1_348' title='bbox 1517 4057 1576 4120; x_wconf 88' lang='lat' dir='ltr'><strong>in</strong></span> <span class='ocrx_word' id='word_1_349' title='bbox 1620 4067 1845 4123; x_wconf 88' lang='lat' dir='ltr'><strong>tantum</strong></span> <span class='ocrx_word' id='word_1_350' title='bbox 1889 4062 2170 4124; x_wconf 85' lang='lat' dir='ltr'><strong>exstincta</strong></span> <span class='ocrx_word' id='word_1_351' title='bbox 2211 4065 2315 4122; x_wconf 90' lang='lat' dir='ltr'><strong>aut</strong></span> 
     </span>
     <span class='ocr_line' id='line_1_38' title="bbox 208 4156 2313 4237; baseline -0.003 -13"><span class='ocrx_word' id='word_1_352' title='bbox 208 4160 503 4226; x_wconf 85' lang='lat' dir='ltr'><strong>infatuata</strong></span> <span class='ocrx_word' id='word_1_353' title='bbox 548 4161 656 4237; x_wconf 86' lang='lat' dir='ltr'><strong>sit,</strong></span> <span class='ocrx_word' id='word_1_354' title='bbox 711 4170 775 4226; x_wconf 82' lang='lat' dir='ltr'><strong>ut</strong></span> <span class='ocrx_word' id='word_1_355' title='bbox 815 4161 888 4227; x_wconf 89' lang='lat' dir='ltr'><strong>de</strong></span> <span class='ocrx_word' id='word_1_356' title='bbox 926 4167 1083 4224; x_wconf 87' lang='lat' dir='ltr'><strong>statu</strong></span> <span class='ocrx_word' id='word_1_357' title='bbox 1135 4159 1288 4225; x_wconf 88' lang='lat' dir='ltr'><strong>vitae</strong></span> <span class='ocrx_word' id='word_1_358' title='bbox 1330 4158 1634 4222; x_wconf 85' lang='lat' dir='ltr'><strong>hominum</strong></span> <span class='ocrx_word' id='word_1_359' title='bbox 1682 4159 1935 4226; x_wconf 88' lang='lat' dir='ltr'><strong>relativo</strong></span> <span class='ocrx_word' id='word_1_360' title='bbox 1981 4161 2054 4224; x_wconf 92' lang='lat' dir='ltr'><strong>ad</strong></span> <span class='ocrx_word' id='word_1_361' title='bbox 2095 4156 2313 4225; x_wconf 80' lang='lat' dir='ltr'><strong>statum</strong></span> 
     </span>
     <span class='ocr_line' id='line_1_39' title="bbox 152 4258 2316 4348; baseline -0.005 -23"><span class='ocrx_word' id='word_1_362' title='bbox 152 4340 157 4347; x_wconf 30' lang='grc'><strong>,</strong></span> <span class='ocrx_word' id='word_1_363' title='bbox 210 4261 372 4329; x_wconf 81' lang='lat' dir='ltr'><strong>vitae</strong></span> <span class='ocrx_word' id='word_1_364' title='bbox 425 4262 779 4337; x_wconf 84' lang='lat' dir='ltr'><strong>bestiarum,</strong></span> <span class='ocrx_word' id='word_1_365' title='bbox 846 4281 1085 4348; x_wconf 88' lang='lat' dir='ltr'><strong>prorsus</strong></span> <span class='ocrx_word' id='word_1_366' title='bbox 1138 4258 1549 4332; x_wconf 72' lang='lat' dir='ltr'><strong>nihi1.sciaut;</strong></span> <span class='ocrx_word' id='word_1_367' title='bbox 1618 4260 1756 4322; x_wconf 84' lang='lat' dir='ltr'><strong>inde</strong></span> <span class='ocrx_word' id='word_1_368' title='bbox 1805 4268 1925 4332; x_wconf 88' lang='lat' dir='ltr'><strong>est,</strong></span> <span class='ocrx_word' id='word_1_369' title='bbox 1994 4258 2149 4343; x_wconf 84' lang='lat' dir='ltr'><strong>quod</strong></span> <span class='ocrx_word' id='word_1_370' title='bbox 2208 4273 2316 4316; x_wconf 84' lang='lat' dir='ltr'><strong>nec</strong></span> 
     </span>
    </p>
   </div>
  </div>
 </body>
</html>
