2750 4775
501 391 670 446 xlv,
754 386 1427 443 CONSUMMA-Tlo
1471 392 1862 447 SAECULI
1926 395 2089 447 ETC.
2251 408 2352 456 291

241 547 409 609 lucra
428 589 444 619 ,
488 564 643 629 quae
669 569 789 611 non
817 547 1006 611 solum
1031 554 1172 611 sunt
1203 544 1427 610 circum
1456 555 1648 609 totum
1676 544 2008 622 hominem,
2052 548 2154 612 sed
2180 549 2360 614 etiam

242 647 468 708 circum
497 644 728 729 singula
759 649 1006 724 viscera,
1044 655 1104 709 et
1132 646 1353 709 circum
1384 645 1647 730 singulas
1675 656 1871 731 partes
1898 667 2134 714 eornm:
2174 650 2364 715 simile

241 755 328 810 est
363 746 427 807 in
454 744 616 808 omni
660 748 883 823 bestia,
935 769 1047 812 ave
1093 755 1150 810 et
1198 767 1429 815 verme:
1485 754 1544 808 et
1588 747 1775 810 simile
1821 745 1878 809 in
1922 748 2083 810 omni
2127 750 2364 826 arbore,

238 845 494 919 frutice,
550 853 608 907 et
652 849 905 920 semine;
973 870 1081 911 nec
1126 857 1318 935 potest
1361 847 1559 910 Sonus
1603 833 1731 910 dari
1776 868 1845 910 ex
1890 845 2104 910 fidibus
2149 855 2207 911 et
2257 870 2363 934 per

238 945 486 1020 flatum,
538 939 647 1009 nisi
678 949 1215 1038 communissimum
1248 949 1351 1024 sit,
1406 968 1476 1010 ex
1517 970 1637 1034 quo
1678 948 1909 1033 singula
1952 947 2365 1014 modulaminis

238 1046 493 1109 trahunt
539 1067 711 1111 suum
759 1070 1107 1123 commune,
1161 1055 1225 1111 ut
1269 1048 1558 1119 existant:
1614 1047 1803 1111 simile
1855 1048 2033 1112 etiam
2088 1057 2177 1113 est
2229 1070 2362 1113 cum

243 1147 414 1210 omni
443 1147 633 1214 Sensu
663 1150 957 1236 corporis,
1013 1158 1237 1212 utcum
1270 1148 1432 1225 visu,
1485 1148 1725 1224 auditu,
1780 1147 2037 1224 olfactu,
2090 1158 2263 1235 gustu
2305 1160 2365 1214 et

240 1256 450 1323 tactu,
502 1247 560 1310 et
590 1268 828 1335 quoque
854 1249 1043 1313 simile
1084 1258 1171 1313 est
1202 1270 1333 1311 cum
1364 1248 1525 1312 omni
1550 1248 1741 1313 Sensu
1773 1248 2042 1326 interno,
2093 1251 2192 1336 qui
2227 1260 2365 1316 sunt

240 1347 481 1412 mentis.
550 1347 718 1414 Haec
745 1350 1153 1414 illustrationis
1180 1369 1355 1413 causa
1387 1349 1641 1412 adducta
1669 1358 1824 1422 sunt,
1866 1357 1930 1411 ut
1956 1350 2178 1414 sciatur
2202 1351 2366 1437 quod

239 1450 450 1514 etiam·
477 1448 538 1510 in
584 1450 844 1515 Ecclesia
886 1451 1001 1515 sint
1042 1449 1404 1514 Communia
1442 1457 1503 1513 et
1543 1448 1968 1527 Particularia,
2021 1459 2082 1513 et
2125 1470 2365 1538 quoque

242 1549 743 1615 communissima
762 1601 775 1624 ,
817 1560 875 1613 et
904 1551 1063 1638 quod
1093 1551 1230 1614 inde
1253 1551 1354 1625 sit,
1395 1549 1553 1638 qnod
1583 1560 1837 1635 quatuor
1866 1550 2166 1614 Ecclesiae
2196 1571 2367 1638 prae-

241 1650 535 1716 cesserint
562 1652 621 1714 in
649 1651 890 1727 ordine,
939 1671 1014 1714 ex
1044 1669 1163 1739 qua
1204 1650 1615 1739 progressione
1656 1660 1852 1713 ortum
1882 1658 1970 1713 est
1997 1649 2369 1717 Communis·

240 1751 462 1822 simum
493 1750 824 1824 Ecclesiae,
882 1763 937 1814 et
965 1750 1294 1816 successive
1326 1771 1642 1828 commune
1683 1758 1741 1812 et
1771 1751 2129 1835 particulare
2173 1752 2366 1836 cujus·

245 1852 356 1915 vis.
439 1850 507 1912 In
562 1851 799 1915 homine
853 1853 1034 1914 etiam
1088 1857 1224 1915 sunt
1270 1851 1388 1914 duo
1436 1850 1960 1923 communissima,
2030 1872 2101 1916 ex
2154 1852 2366 1938 quihus

243 1951 450 2032 omnia
508 1953 844 2015 communia
900 1962 960 2015 et
1011 1953 1240 2037 singula
1300 1950 1679 2037 particularia
1733 1953 1859 2036 ejus
1903 1950 2146 2015 trahunt
2198 1973 2366 2015 suam

241 2053 651 2125 existentiam:
705 2053 824 2116 duo
868 2053 970 2117 illa
1013 2052 1505 2117 Communissima
1552 2051 1610 2113 in
1660 2049 1910 2137 corpore
1956 2061 2093 2116 sunt
2141 2051 2260 2117 Cor
2306 2061 2367 2115 et

247 2152 499 2229 Pulmo,
552 2153 611 2217 in
654 2153 862 2238 spiritu
903 2154 1030 2237 ejus
1071 2152 1362 2215 Voluntas
1400 2162 1461 2214 et
1498 2150 1868 2225 Intellectus,
1921 2143 1992 2215 ex'
2029 2153 2117 2218 his
2159 2161 2217 2217 et
2258 2152 2368 2217 illis

246 2253 510 2339 pendent
539 2255 750 2318 omnia·
770 2254 926 2316 vitae
954 2254 1081 2337 ejus
1112 2262 1229 2316 tam
1260 2253 1318 2314 in
1352 2251 1649 2315 communi
1680 2275 1855 2338 quam
1900 2252 1956 2313 in
2002 2252 2368 2340 particulari,

131 2363 136 2368 ’
250 2373 412 2439 quae
448 2355 572 2417 sine
613 2354 721 2418 illis
760 2354 1168 2418 dilaberentur
1208 2362 1267 2417 et
1311 2362 1754 2417 emorerentur:
1805 2352 1995 2418 simile
2039 2352 2193 2418 foret
2233 2374 2366 2419 cum

256 2453 539 2518 universo
591 2455 770 2520 Caelo
802 2453 1124 2539 Angelico,
1191 2464 1248 2517 et
1290 2475 1426 2517 cum
1483 2453 1759 2518 universo
1801 2453 2037 2520 Genere
2080 2456 2365 2531 humano,

259 2555 386 2614 imo
427 2573 559 2615 cnm
602 2556 872 2620 universo
915 2553 1138 2619 Mundo
1169 2554 1419 2629 Creato,
1471 2553 1578 2617 nisi
1621 2575 1656 2618 a
1699 2555 1863 2631 Deo,
1920 2555 2105 2643 Ipsius
2144 2554 2367 2622 Amore

262 2661 325 2716 et
380 2651 703 2738 Sapientia,
755 2656 955 2723 omnia
1002 2657 1061 2718 in
1117 2656 1447 2729 communi,
1496 2664 1555 2717 et
1608 2655 1837 2743 singula
1892 2657 1950 2719 in
2008 2657 2366 2747 particulari,

253 2753 595 2840 penderent.
1327 2740 1346 2811 ᾖ*

261 2978 453 3063 Quod
489 2977 803 3046 Secundus
851 2979 946 3044 hic
1001 2977 1323 3047 Adventus
1376 2979 1624 3046 Domini
1677 3005 1799 3045 non
1842 2982 1920 3043 sit
1964 2982 2028 3042 in
2070 2979 2368 3055 Persona,

390 3080 506 3146 sed
542 3083 714 3175 quod
747 3085 825 3146 sit
866 3087 928 3146 in
974 3083 1224 3157 Verbo,
1277 3081 1447 3174 quod
1484 3095 1576 3146 est
1619 3081 1699 3146 ab
1741 3081 1930 3173 Ipso,
1980 3093 2036 3144 et
2079 3079 2240 3171 Ipse.

416 3261 562 3320 776.
616 3258 864 3344 Legitur
893 3258 1088 3323 multis
1114 3258 1175 3320 in
1209 3254 1384 3333 locis,
1437 3256 1596 3342 quod
1639 3256 1928 3320 Dominus
1967 3263 2254 3320 venturus
2295 3255 2371 3320 sit

250 3361 316 3422 in
360 3348 614 3423 nubibus
645 3359 847 3433 Caeli,
901 3367 965 3421 ut
993 3357 1206 3423 Matth.
1238 3355 1442 3422 XVII:
1493 3361 1551 3419 5.
1606 3355 1749 3440 Cap.
1786 3355 2018 3420 XXIV:
2063 3356 2164 3418 30.
2221 3353 2366 3443 Cap.

251 3458 493 3525 XXVI:
527 3462 628 3522 64.
685 3459 871 3523 Marc.
914 3453 1057 3549 [1X2
1092 3452 1176 3549 7.]
1204 3456 1385 3524 XIV:
1442 3460 1543 3519 ⁶1.
1592 3461 1693 3520 62.
1752 3455 1896 3520 Luc.
1941 3455 2057 3519 1X:
2108 3458 2210 3519 34.
2265 3459 2365 3520 35.

250 3558 401 3646 Cap.
432 3559 609 3623 XXI:
656 3563 757 3624 27.
787 3557 971 3644 Apoc.
1020 3559 1077 3622 I:
1112 3564 1168 3622 ⁵1.
1198 3557 1338 3642 Cap.
1369 3555 1544 3620 XIV:
1592 3560 1692 3620 14.
1726 3555 1882 3620 Dan.
1914 3556 2060 3621 VII:
2099 3559 2197 3621 13.
2251 3555 2370 3622 Sed

250 3661 545 3724 hactenus
588 3680 762 3724 nemo
806 3661 1002 3734 novit,
1058 3658 1197 3744 quid
1246 3679 1348 3744 per
1395 3657 1602 3722 Nubes
1649 3656 1808 3721 Caeli
1855 3657 2219 3727 intellectum
2265 3667 2374 3733 est,

248 3760 668 3829 crediderunt,
722 3760 880 3846 quod
928 3761 988 3823 in
1042 3760 1152 3822 illis
1190 3759 1250 3820 in
1298 3759 1562 3823 Persona
1611 3759 1983 3845 appariturus
2023 3760 2112 3824 sit.
2195 3757 2372 3839 Quod

249 3870 456 3925 autem
506 3881 611 3944 per
647 3861 856 3925 Nubes
893 3859 1052 3924 Caeli
1096 3860 1459 3945 intelligatur
1505 3859 1766 3921 Verbum
1813 3859 1873 3923 in
1912 3860 2102 3924 Sensu
2145 3859 2369 3932 literae,

245 3973 310 4026 et
358 3983 463 4048 per
495 3959 767 4024 Gloriam
812 3971 871 4023 et
909 3962 1237 4033 Virtutem,
1292 3961 1350 4021 in
1397 3961 1613 4046 quibus
1653 3960 1832 4022 etiam
1880 3966 2031 4023 tunc·
2068 3967 2373 4031 venturus,

244 4061 462 4125 Matth.
500 4060 732 4125 XXIV:
780 4065 893 4136 30,
932 4056 1293 4146 intelligatur
1327 4059 1549 4123 Sensus
1576 4058 1893 4147 spiritualis
1920 4059 2127 4134 Verbi,
2170 4057 2375 4122 hacte-

245 4182 359 4226 nns
387 4161 578 4236 latuit,
610 4160 745 4248 quia
775 4174 950 4225 nemo
979 4160 1097 4224 huc
1128 4179 1309 4246 usqne
1340 4178 1414 4221 ne
1445 4158 1683 4244 quidem
1716 4158 2059 4242 conjectura
2092 4176 2386 4242 assequu*

241 4272 340 4328 tus
368 4274 486 4337 est,
534 4262 691 4349 quod
724 4263 934 4349 aliquis
960 4261 1182 4326 Sensus
1214 4258 1568 4347 spiritualis,
1606 4258 1799 4347 qualis
1826 4255 1923 4320 hic
1953 4257 2011 4318 in
2050 4277 2115 4321 se
2144 4262 2261 4328 est,
2315 4250 2376 4314 in

1766 4353 1957 4418 ,ν
