2750 4775
926 354 1018 406 XI.
1099 354 1630 408 IMPUTATIO.
2215 363 2321 414 tw

247 508 527 573 fidendum
570 518 656 573 est
685 508 992 582 Conciliis,
1042 526 1176 570 cum
1204 505 1472 571 Concilia
1497 506 1771 573 Romano
1802 508 2102 575 Catholica
2143 511 2324 577 etiam

243 610 523 675 unanimis
547 607 837 696 suffragiis
879 608 1291 672 concluserunt
1318 607 1683 673 Vicariatum
1720 607 2032 694 Papalem,
2084 612 2327 678 invoca-

240 713 451 776 tionem
515 719 884 784 sanctorum,
965 709 1409 774 venerationem
1471 708 1916 775 simulacrorum
1972 722 2029 775 et
2081 713 2318 789 ossium,

236 812 575 878 divisionem
619 811 870 875 Sanctae
917 810 1353 884 Eucharistiae,
1407 810 1843 896 purgatorium,
1911 811 2322 898 indulgentias,

232 925 286 978 et
324 915 510 1001 plura.
590 913 667 977 Et
694 913 831 1000 quid
860 911 1154 976 fidendum
1195 920 1281 975 est
1319 910 1623 985 Conciliis,
1677 932 1807 973 cum
1843 912 2320 977 Dordrectanum

234 1015 411 1079 etiam
449 1014 741 1078 unanimis
780 1011 1070 1098 suffragiis
1098 1008 1359 1077 decrevit
1399 1012 1802 1076 detestabilem
1832 1013 2328 1079 l’raedestiuatio-

235 1138 401 1191 nem,
452 1125 509 1201 et
536 1115 741 1178 extulit
768 1115 925 1179 illam
958 1122 1020 1179 ut
1047 1112 1375 1178 Palladium
1407 1112 1720 1198 religionis.
1798 1113 1915 1178 Sed
1955 1116 2032 1179 mi
2060 1115 2322 1181 ‘Lector2

232 1239 304 1281 ne
343 1217 521 1281 crede
566 1214 881 1301 Conciliis,
926 1214 1027 1279 sed
1070 1224 1274 1278 sancto
1319 1214 1557 1288 Verbo,
1622 1224 1679 1278 et
1718 1215 1811 1279 adi
1858 1216 2213 1292 Dominum,
2266 1225 2326 1280 et

230 1317 644 1387 illustraberis;
694 1316 799 1380 llle
824 1317 978 1380 enim
1011 1323 1099 1379 est
1126 1315 1421 1391 Verbum,
1479 1313 1591 1380 boc
1629 1325 1747 1392 est,
1804 1315 1997 1402 lpsum
2039 1316 2321 1384 Divinum

231 1420 457 1484 Verum·
498 1419 595 1482 ibi.
791 1498 794 1507 ,

385 1523 530 1585 ⁶85.
611 1519 835 1584 Ultimo
868 1518 1174 1604 detegetur
1199 1517 1313 1580 hoc
1343 1516 1669 1581 Arcanum:
1725 1517 1783 1580 in
1824 1518 2058 1609 Septem
2107 1520 2327 1606 Capiti-

229 1622 336 1687 bus
380 1622 439 1683 in
484 1618 835 1710 Apocalypsi
881 1619 1233 1684 describitur
1272 1619 1718 1683 Consummatio
1759 1617 2080 1686 hodiernae
2120 1620 2325 1686 Eccle-

231 1725 382 1797 siae,
436 1722 700 1786 similiter
723 1722 868 1785 sicut
896 1720 1244 1784 describitur
1269 1720 1598 1787 devastatio
1628 1720 1914 1810 Aegypti,
1970 1741 2040 1786 ac
2073 1731 2324 1808 utraque

231 1846 335 1911 per
372 1824 587 1888 similes
629 1821 859 1910 plagas,
914 1819 1162 1907 quarum
1210 1821 1571 1907 unaquaevis
1613 1821 1994 1909 spiritualiter
2035 1820 2328 1909 significat

229 1922 467 2012 aliquod
512 1922 754 1996 salsum,
808 1923 963 2008 quod
1008 1922 1305 2006 promovit
1341 1922 1807 1986 devastationem
1850 1923 1976 2009 ejus
2019 1944 2204 2011 usque
2249 1924 2327 1988 ad

228 2025 560 2099 interitum,
626 2045 808 2110 quare
849 2023 1025 2084 etiam
1070 2020 1219 2084 haec
1259 2021 1553 2095 Ecclesia,
1608 2044 1760 2108 quae
1802 2022 1976 2088 bodie
2020 2023 2325 2112 deperdita

227 2135 355 2200 est,
407 2136 658 2215 vocatur
701 2123 1006 2212 Aegyptus
1049 2121 1428 2209 spiritualiter
1482 2122 1804 2197 intellecta,
1865 2124 2055 2214 Apoc.
2098 2125 2216 2189 XI:
2263 2131 2320 2190 8.

225 2227 541 2314 Plagae-iu
568 2224 842 2312 Aegypto
872 2222 1104 2286 fuerunt
1130 2222 1274 2297 hae,
1327 2225 1485 2309 quod
1515 2244 1700 2309 aquae
1728 2245 1933 2289 versae
1962 2226 2076 2290 sint
2101 2228 2160 2289 in
2187 2247 2324 2291 san-

227 2329 505 2412 guinem,
578 2327 733 2387 unde
781 2333 1046 2386 mortuus
1091 2333 1177 2386 est
1222 2324 1411 2389 omnis
1455 2324 1657 2412 piscis,
1728 2335 1784 2387 et
1827 2325 2035 2391 faetuit
2083 2325 2320 2407 flumen,

232 2427 422 2492 Exod.
467 2425 614 2491 VII:
660 2425 924 2489 similiter
948 2424 1163 2488 dicitur
1199 2426 1254 2487 in
1284 2424 1641 2514 Apocalypsi
1671 2427 1810 2513 Cap.
1843 2428 2022 2492 vlll:
2066 2434 2122 2493 8.
2178 2429 2319 2522 Cap.

232 2527 410 2593 XVI:
461 2531 531 2597 33
586 2549 690 2614 per
714 2526 1057 2611 sauguinem
1101 2525 1461 2612 significatur
1490 2528 1764 2592 Divinum
1794 2528 2011 2594 Verum
2052 2519 2323 2597 falsifica-

230 2639 390 2705 tum,
457 2628 728 2693 videatut
771 2625 1195 2693 Apocamcpsls
1238 2629 1610 2705 Ravana,
1671 2651 1741 2691 n:
1786 2634 1950 2693 379„
1982 2633 2126 2695 404.
2174 2635 2319 2696 681.

231 2734 383 2797 587.
420 2734 593 2803 688,
640 2738 707 2793 et
751 2739 856 2815 pe'r
894 2729 1107 2815 pisces,
1161 2729 1258 2815 qui
1304 2740 1444 2793 tunc
1486 2731 1731 2804 mortui,
1788 2752 1927 2795 vera
1971 2733 2030 2795 in
2070 2733 2325 2800 naturali

224 2831 463 2897 homine
490 2832 789 2905 similiter,
846 2852 913 2891 n:
959 2834 1111 2893 290.
1155 2831 1300 2893 405.
1360 2831 1428 2895 ln
1457 2831 1711 2921 Aegypti
1753 2841 1970 2897 terram
2002 2834 2324 2921 productae

223 2942 364 3004 sunt
417 2953 634 3007 ranae,
701 2932 885 2997 Exod.
942 2930 1123 2996 vul:
1189 2931 1410 3018 aliquid
1458 2933 1529 2996 de
1569 2932 1728 2997 ranis
1768 2932 1942 2995 etiam
1998 2935 2212 3000 dicitur
2262 2935 2323 2999 in

219 3030 580 3123 Apocalypsi
624 3033 764 3119 Cap.
806 3031 980 3097 XVI:
1030 3035 1129 3095 13.
1187 3054 1290 3117 per
1337 3054 1513 3103 ranas
1560 3030 1964 3119 significantur
2005 3034 2318 3101 ratiocina-

223 3135 419 3199 tiones
447 3157 517 3198 ex
547 3134 865 3222 cupiditate
911 3131 1252 3198 falsificandi
1294 3155 1473 3209 vera,
1526 3133 1795 3198 videatur
1830 3131 2031 3200 APoc:
2073 3137 2321 3201 anu:

219 3258 300 3302 n:
348 3239 493 3299 702.
575 3234 644 3298 In
690 3231 960 3323 Aegypto
992 3234 1189 3300 ulcera
1218 3234 1392 3312 noxia
1422 3232 1577 3298 facta
1606 3244 1740 3297 sunt
1777 3256 1952 3322 super
1995 3235 2232 3302 homine
2259 3245 2319 3300 et

219 3335 447 3411 hestia,
491 3336 675 3401 Exod.
725 3334 840 3406 IX:
893 3334 1157 3398 similiter
1194 3336 1254 3397 in
1293 3332 1649 3425 Apocalypsi
1695 3335 1834 3422 Cap.
1869 3335 2042 3401 XVI:
2090 3341 2163 3407 ’ἒς
2218 3356 2323 3424 per

218 3437 427 3501 ulcera
453 3435 858 3523 significantur
884 3435 1166 3499 interiora
1198 3435 1353 3499 mala
1395 3444 1454 3498 et
1493 3435 1637 3500 falsa
1678 3435 2035 3502 destructiva
2077 3437 2217 3506 boni
2262 3448 2323 3504 et

221 3538 355 3603 veri
384 3539 443 3600 in
473 3537 767 3611 Ecclesia,
813 3537 1085 3600 videatur
1109 3535 1323 3601 Aroes
1351 3557 1583 3601 m-:vssnz
1628 3558 1698 3602 n:
1748 3542 1826 3601 67
1840 3543 1894 3602 8.
1952 3537 2021 3602 In
2048 3536 2322 3631 Aegypto

220 3640 383 3704 facta
412 3649 499 3703 est
518 3638 751 3723 ‘grando
781 3638 956 3701 mixta
986 3637 1155 3720 igne,
1200 3637 1379 3701 Exod.
1412 3637 1525 3710 lx:
1567 3638 1832 3703 similiter
1858 3638 1917 3702 in
1946 3641 2325 3732 Apocalypsi,

221 3738 369 3825 Cap.
405 3739 584 3805 VIII:
635 3745 689 3803 Ἰ.
746 3739 884 3825 Cap.
919 3737 1093 3803 XVI:
1135 3737 1251 3810 21,
1308 3739 1535 3825 grando
1562 3738 1851 3825 significat
1891 3739 2103 3807 falsum
2143 3743 2324 3809 infer-

224 3840 398 3913 nale,
476 3841 748 3907 videatur
787 3838 975 3905 Aroe.
1024 3858 1240 3906 neven.
1294 3857 1367 3902 n:
1429 3844 1578 3904 399.
1626 3845 1776 3905 714.
1870 3841 1939 3907 In
1980 3842 2323 3934 Aegyptum

222 3941 491 4005 immissa
520 3953 604 4006 est
633 3942 889 4015 locusta,
933 3939 1116 4004 Exod.
1151 3940 1242 4005 Xz
1270 3940 1537 4005 similiter
1561 3940 1622 4003 in
1648 3938 2003 4034 Apocalypsi
2032 3944 2169 4033 Cap.
2201 3944 2322 4009 IX:

232 4047 262 4107 1
302 4042 379 4105 ad
411 4045 533 4117 11,
585 4041 844 4106 locustae
867 4038 1201 4127 significant
1226 4040 1371 4106 salsa
1397 4041 1458 4104 in
1486 4044 1792 4119 extremis,
1834 4046 2104 4116 videatur
2132 4043 2320 4109 Apoc.

228 4163 453 4207 aava.
497 4165 581 4207 nt.
604 4146 752 4207 424.
784 4144 930 4207 430.
1010 4140 1079 4206 In
1108 4140 1446 4231 Aegyptum
1474 4162 1689 4227 graves
1725 4145 2008 4209 tenebrae
2047 4144 2323 4207 inductae

227 4253 397 4320 sunt,
443 4244 627 4309 Exod.
665 4244 750 4308 X:
794 4242 1059 4309 similiter
1086 4242 1143 4305 in
1172 4239 1561 4330 Apocalypsi,
1600 4241 1739 4326 Cap.
1788 4241 1967 4306 VIII:
2013 4246 2111 4302 12.
2158 4240 2347 4300 tene-⁴

1786 4334 1906 4397 K*
