2750 4775
936 360 1059 414 xli.
1141 361 1688 416 BAPTISMUS.
2267 375 2370 425 189

228 516 659 583 cumcisionem
689 516 890 579 carnis
919 522 1364 602 repraesentata
1392 523 1483 578 est
1524 514 1890 581 circumcisio
1927 516 2147 594 cordis,
2208 540 2367 606 quae

228 619 421 683 etiam
446 614 740 701 significat
771 613 1239 702 purificationem
1270 635 1302 677 a
1336 616 1534 689 malis,
1589 636 1726 679 nam
1758 616 1911 680 mala
1947 619 2140 683 'omnis
2173 638 2363 705 gene-

227 719 312 785 ris
344 726 665 802 assurgunt
693 737 766 779 ex
793 736 992 789 carne,
1039 735 1110 786 ac
1138 716 1510 802 praeputium
1539 714 1829 802 significat
1857 739 2101 804 spurcos
2127 739 2363 785 amores

228 821 400 906 ejusz
454 818 736 902 quoniam
794 816 1163 879 circumcisio
1209 824 1267 878 et
1316 813 1590 903 baptismi
1642 811 1862 880 lavatio
1909 818 2096 882 simile
2143 817 2365 904 signifi-

219 929 411 994 cant,
466 919 600 987 ideo
632 916 845 980 dicitur
873 916 1025 1002 apud
1056 915 1382 980 Jcremiam
1430 916 1891 991 ..Circumcidite
1930 942 2049 984 vos
2074 914 2365 995 Jehovae,

233 1032 309 1086 ut
352 1031 654 1083 removeat
680 1020 1005 1109 praeputia
1046 1014 1250 1081 cordis·
1298 1020 1517 1092 vestri,
1574 1017 1716 1104 Cap.
1771 1016 1886 1081 lv:
1944 1021 2016 1092 43
2081 1027 2141 1082 ct
2186 1017 2365 1106 paulo

232 1128 406 1208 post,
472 1120 646 1183 Lava
697 1141 739 1182 a
795 1116 1030 1182 malitia
1088 1139 1195 1181 cor
1244 1129 1444 1193 tuum,
1520 1115 1988 1207 Hierosolyma,
2058 1131 2124 1182 ut
2165 1141 2363 1183 serve-

234 1225 361 1297 ris,
404 1219 572 1288 Vers.
626 1221 725 1281 14.
795 1217 1364 1298 QuidCircumcisio
1394 1227 1453 1280 et
1482 1218 1736 1282 Lavatio
1762 1218 1990 1294 cordis,
2035 1217 2210 1285 docet
2241 1220 2363 1286 Do·

229 1322 436 1389 minus
483 1318 639 1409 apud
683 1317 1084 1393 Matthaeum,
1136 1317 1277 1406 Cap.
1322 1318 1468 1384 XV:
1522 1322 1621 1382 18.
1674 1323 1773 1382 19.

399 1427 547 1486 676.
604 1417 874 1485 Fuerunt
928 1418 1124 1506 plures
1168 1417 1325 1505 apud
1384 1416 1535 1483 filios
1581 1418 1847 1494 Israelis,
1900 1429 1959 1483 et
1997 1417 2175 1483 hodie
2219 1429 2359 1485 sunt

232 1523 402 1610 apud
438 1521 735 1595 Judaeos,
788 1520 887 1607 qui
928 1521 1209 1594 credunt,
1265 1520 1423 1606 quod
1480 1541 1621 1609 prae
1674 1519 1950 1585 omnibus
2001 1519 2175 1583 electi
2229 1521 2365 1596 sint,

231 1624 382 1712 quia
410 1621 770 1693 circumcisi,
823 1631 880 1683 et
908 1622 1064 1685 inter
1091 1619 1492 1695 Christianos,
1534 1620 1672 1707 quia
1706 1618 1984 1706 baptizati
2011 1630 2179 1693 sunt;
2228 1641 2363 1686 cum

235 1735 443 1788 tamen
471 1723 713 1795 ambae,
766 1721 1150 1787 Circumcisio
1177 1729 1236 1784 et
1263 1720 1632 1806 Baptizatio‚
1687 1728 1826 1785 sunt
1868 1720 2045 1783 modo
2086 1720 2262 1784 datae
2302 1717 2365 1785 in

235 1826 489 1911 Signum
516 1832 576 1886 et
604 1823 661 1884 in
691 1822 1076 1897 Memoriale,
1130 1831 1194 1886 ut
1232 1819 1623 1908 purificentur
1664 1843 1695 1885 a
1740 1820 1937 1894 malis,
1992 1828 2050 1883 et
2091 1820 2175 1885 sic
2218 1820 2364 1885 fiant

236 1924 447 1991 electi:
513 1923 669 2010 quid·
708 1921 1036 1986 Externum
1092 1923 1317 2007 absque
1361 1920 1606 1987 Interno
1654 1921 1811 2007 apud
1860 1921 2194 1996 hominem,
2253 1922 2364 1987 nisi

237 2028 393 2091 sicut
435 2023 751 2112 Templum
796 2025 1019 2108 absque
1062 2022 1275 2095 Cultu,
1327 2021 1485 2106 quod
1527 2043 1644 2088 non
1689 2022 1859 2086 alicui
1905 2021 2036 2085 usui
2076 2030 2196 2097 est,
2253 2009 2364 2087 iiisi

239 2126 529 2190 inserviat
577 2145 684 2212 pro
728 2124 997 2187 stabulo:
1071 2132 1129 2185 et
1177 2142 1388 2209 porro,
1426 2110 1584 2208 *quid
1626 2123 1947 2187 Externum
1992 2122 2218 2209 absque
2267 2122 2368 2187 In-

242 2236 450 2299 terno‚
506 2225 615 2288 nisi
643 2223 792 2286 sicut
822 2221 983 2308 Ager
1012 2244 1086 2286 ex
1129 2222 1306 2285 meris
1333 2222 1538 2287 cannis
1577 2231 1656 2286 et·
1676 2223 1914 2287 calamis
1949 2224 2171 2308 absque
2199 2241 2367 2309 sege-

242 2336 330 2398 te;
385 2325 494 2389 nisi
536 2326 686 2389 sicut
715 2324 888 2387 vinea
932 2343 1004 2386 ex
1050 2322 1229 2386 meris
1276 2320 1611 2408 palmitibus
1654 2333 1710 2386 et
1751 2322 1905 2387 foliis
1944 2324 2169 2411 absque
2203 2323 2365 2390 uvise

228 2427 363 2490 'nisi
417 2425 567 2487 sicut
627 2422 775 2487 ficus
829 2424 1051 2510 absque
1103 2444 1212 2486 suo
1267 2421 1495 2499 fructu,
1548 2424 1640 2487 cui
1693 2424 1984 2488 Dominus
2039 2425 2360 2502 maledixit,

249 2522 472 2593 Matth.
529 2523 711 2588 XXI:
760 2526 856 2588 19.
928 2524 1037 2588 nisi
1081 2524 1231 2588 sicut
1276 2524 1576 2610 lampades
1632 2524 1689 2588 in
1746 2525 2017 2590 manibus
2068 2526 2365 2612 virginum

245 2626 570 2693 stultarum
611 2626 835 2711 absque
876 2624 1043 2701 oleo,
1096 2623 1308 2690 Matth.
1349 2624 1555 2690 XXV:
1598 2629 1653 2688 3.
1712 2625 1865 2702 imo,
1918 2625 2026 2690 nisi
2070 2627 2221 2690 sicut
2261 2625 2368 2690 ba-

244 2725 464 2792 bitatio
505 2726 565 2791 in
607 2725 952 2802 Mausoleo,
1003 2725 1104 2789 ubi
1143 2724 1436 2791 cadavera
1476 2726 1587 2790 sub
1630 2725 1909 2813 pedibus,
1961 2748 2090 2791 ossa
2145 2727 2366 2791 circum

248 2827 539 2915 parietes,
590 2835 650 2890 et
705 2834 1030 2891 nocturnae
1080 2826 1285 2891 larvae
1340 2826 1610 2892 volantes
1652 2827 1764 2891 sub
1817 2834 2010 2890 tecto:
2064 2835 2165 2891 aut
2218 2826 2370 2890 sicut

247 2948 459 2994 currus
488 2936 712 2993 tractus
740 2949 773 2991 a
806 2927 1022 3015 pardis,
1049 2945 1226 3015 snper
1253 2947 1374 3015 quo
1406 2926 1580 3015 lupus
1601 2927 1829 3013 auriga,
1859 2934 1917 2989 et
1945 2935 2150 2991 vectus
2177 2925 2235 2986 in
2263 2924 2367 2989 illo

240 3026 482 3092 fatuus:
541 3029 742 3093 Homo
789 3029 945 3092 enim
993 3039 1271 3093 externus
1312 3047 1431 3092 non
1461 3038 1547 3092 est
1577 3027 1790 3102 bomo,
1836 3026 1940 3090 sed
1970 3024 2146 3090 modo
2173 3022 2366 3111 figura

245 3127 534 3206 hominis,
577 3128 882 3193 Internum
924 3130 1115 3203 enim,
1157 3127 1316 3216 quod
1360 3137 1448 3192 est
1489 3112 1697 3215 sapere
1744 3148 1777 3190 a
1822 3126 1969 3203 Deo,
2009 3123 2149 3191 facit
2176 3124 2368 3189 homi-

245 3251 416 3300 nem
469 3230 737 3293 similiter
778 3229 1154 3295 circumcisus
1200 3238 1259 3292 et
1302 3228 1661 3315 baptizatus,
1687 3227 1813 3292 ·nisi
1856 3226 2236 3292 circumcidat
2266 3234 2368 3289 aut

248 3332 411 3396 lavet
440 3352 544 3395 cor
571 3350 760 3394 suum.

252 3505 441 3589 Quod
481 3510 716 3599 primus
776 3505 943 3571 Usus
996 3504 1301 3597 Baptismi
1349 3508 1431 3570 sit
1484 3503 1864 3574 Introductio
1913 3507 1978 3567 in
2028 3501 2367 3570 Ecclesiam

254 3604 663 3672 Christianam
681 3656 696 3682 ‚
770 3621 829 3672 et
879 3604 1067 3671 simul
1132 3620 1274 3670 tunc
1342 3609 1593 3671 insertio
1658 3607 1812 3670 inter
1874 3603 2252 3672 Christianos
2303 3610 2371 3671 in

999 3704 1244 3772 Mundo
1295 3703 1618 3798 spirituali.

411 3836 561 3896 677.
617 3831 795 3913 Quod
823 3832 1162 3920 Baptismus
1202 3831 1276 3896 sit
1319 3830 1691 3896 Introductio
1733 3832 1793 3893 in
1833 3830 2157 3897 Ecclesiam
2203 3829 2374 3896 Chri-

246 3934 538 4009 stianam,
593 3941 824 3998 constat
873 3954 944 3996 ex
992 3932 1218 4007 multis,
1287 3941 1349 3996 ut
1396 3948 1469 3995 ex
1516 3931 1623 3996 his.
1723 3930 1768 3995 l.
1809 3932 1988 4013 Quod
2033 3931 2371 4018 Baptismus

248 4034 386 4098 loco
442 4033 919 4099 Circumcisionis
971 4034 1270 4096 institutus
1314 4033 1422 4110 sit,
1487 4041 1546 4096 et
1593 4031 1751 4118 quod
1796 4032 1946 4097 sicut
1991 4029 2375 4094 Circumcisio

249 4134 362 4199 suit
389 4135 622 4221 signum
653 4135 813 4224 quod
857 4143 1050 4199 essent
1089 4133 1168 4196 ab
1206 4132 1474 4199 Ecclesia
1512 4131 1871 4208 Israelitica,
1922 4131 2003 4193 ita
2032 4128 2378 4214 Baptismus

226 4232 485 4323 'signum
515 4236 675 4324 quod
703 4235 819 4301 sint
855 4233 1229 4313 absscclesia
1256 4230 1588 4298 Christiana
1609 4278 1626 4308 ,
1681 4240 1745 4297 ut
1787 4233 1848 4296 in
1888 4228 2182 4315 superiori
2215 4222 2377 4290 Arti-
