2750 4775
516 400 622 452 11⁸8
763 389 1220 444 UNIVERSA
1263 389 1796 445 THEOLOGIA
1835 391 1903 443 N.
1945 390 2010 446 C.
2054 390 2156 442 ET
2196 392 2260 447 N.
2299 387 2358 444 Ε.

510 547 665 611 brae·
695 542 1022 631 significant
1062 541 1207 609 falsa
1244 544 1495 608 oriunda
1539 545 1631 611 vel
1670 566 1743 609 ex
1783 545 2146 632 ignorantia,
2197 546 2287 610 vel
2322 567 2384 615 ex
2418 543 2538 608 falsis

508 645 837 735 religionis,
893 648 986 711 vel
1013 668 1083 710 ex
1112 646 1278 710 malis
1306 647 1497 720 vitae,
1553 647 1825 711 videatur
1855 644 2039 710 Apoc.
2073 667 2286 712 never„
2323 669 2388 709 n:
2432 650 2542 708 110.

511 752 656 813 413.
708 751 855 811 695.
953 748 1131 829 Quod
1178 746 1414 810 tandem
1461 746 1736 838 Aegyptii
1785 748 2065 837 perierint
2109 749 2168 812 in
2219 749 2363 814 Mari
2401 745 2543 833 suph,

508 849 692 916 Exod.
721 847 897 916 xlv:
938 848 997 911 in
1029 847 1384 939 Apocalypsi
1417 860 1613 915 autem
1645 850 1842 914 Draco
1883 859 1941 911 et
1980 849 2472 940 pseudopropheta
2495 848 2548 908 in

503 962 715 1040 stagno
766 951 918 1037 ignis
969 960 1027 1014 et
1079 948 1401 1037 sulphuris,
1472 951 1616 1037 Cap.
1678 949 1853 1015 xlx:
1909 954 2009 1014 20.
2082 949 2221 1036 Cap.
2271 952 2404 1015 XX:
2459 953 2545 1020 10;

505 1063 857 1139 utrumque,
913 1072 1073 1115 mare
1101 1050 1263 1136 Suph
1291 1062 1350 1114 et
1388 1052 1674 1138 Stagnum
1721 1051 1896 1129 illud,
1949 1050 2240 1138 significat
2278 1051 2547 1115 Infernum.

503 1148 681 1235 Quod
712 1153 783 1216 de
811 1142 1082 1243 Aegypto
1124 1162 1182 1215 et
1227 1153 1297 1216 de
1340 1152 1632 1227 Ecclesia,
1690 1153 1855 1236 cujus
1896 1155 2321 1218 consummatio
2361 1164 2415 1214 et
2455 1148 2551 1214 finis

506 1254 861 1319 describitur
885 1254 945 1318 in
974 1252 1351 1343 Apocalypsi,
1382 1254 1589 1318 similia
1620 1255 1909 1328 dicantur,
1953 1264 2039 1318 est
2068 1257 2205 1339 quia
2238 1276 2337 1342 per
2360 1252 2552 1340 Aegyp·

507 1366 632 1419 tum
660 1355 1003 1442 intelligitur
1035 1354 1324 1429 Ecclesia,
1381 1376 1533 1441 quae
1576 1356 1632 1417 in
1666 1356 1949 1443 principio
1987 1377 2094 1418 suo
2136 1355 2245 1419 suit
2283 1363 2554 1443 praestans,

511 1478 694 1544 quare
726 1453 1048 1547 Aegyptus,
1096 1465 1411 1544 antequam
1443 1456 1703 1521 Ecclesia
1752 1458 1879 1544 ejus
1922 1458 2229 1521 devastata
2258 1466 2361 1530 est,
2401 1453 2557 1541 aequi-

492 1568 748 1645 paratur
788 1557 965 1622 horto
1011 1558 1257 1633 Edenis,
1309 1566 1370 1620 et
1413 1555 1588 1622 horto
1633 1558 1937 1636 Jehovae,
1991 1556 2203 1623 Genes.
2257 1557 2434 1623 XIII:
2480 1559 2555 1619 10.

506 1657 717 1725 Ezech.
763 1658 1000 1725 XXXI:
1046 1665 1100 1721 8.
1157 1669 1215 1722 et
1243 1681 1479 1746 quoque
1513 1668 1758 1723 vocatur
1788 1659 1961 1745 Lapis
1994 1660 2297 1745 angularis
2325 1659 2555 1727 tribuum,

508 1761 690 1826 Filius
717 1763 1076 1850 sapientum,
1131 1769 1188 1824 et
1233 1781 1438 1846 regum
1482 1760 1873 1846 antiquitatis,
1928 1758 2081 1846 Esaj.
2123 1759 2303 1824 XIX:
2353 1762 2441 1822 11.
2483 1759 2557 1820 13.

508 1862 676 1950 plura
699 1861 778 1927 ‚de
804 1859 1080 1949 Aegypto
1110 1861 1166 1923 in
1192 1869 1345 1924 statu
1380 1860 1684 1947 primaevo
1711 1862 1865 1945 eim,
1921 1869 1978 1925 et
2006 1862 2064 1924 in
2091 1870 2252 1926 statu
2281 1861 2560 1930 devastato,

509 1964 780 2028 videatur
819 1960 1248 2026 ArocALnsis
1275 1958 1651 2037 Remini-A,
1695 1984 1764 2024 n:
1813 1967 1960 2027 503.
2013 1950 2016 1953 Α

511 2189 692 2275 Quod
736 2187 922 2255 Fides
977 2191 1324 2281 imputativa
1388 2192 1582 2254 meriti
1631 2186 1854 2255 Christi
1916 2214 2036 2255 non
2094 2183 2289 2273 fuerit
2345 2203 2477 2254 nota
2520 2187 2563 2248 in

509 2290 789 2357 Ecclesia
843 2288 1240 2381 Apostolica,
1306 2315 1463 2380 quae
1508 2294 1875 2383 praecessit;
1937 2306 1993 2355 et
2031 2289 2258 2356 nullibi
2309 2287 2564 2356 intellecta

1382 2396 1443 2457 in
1495 2393 1566 2459 V
1564 2382 1722 2459 erbo.

665 2571 808 2631 636.
892 2569 1184 2646 Ecclesia,
1233 2591 1385 2656 quae
1410 2569 1716 2660 Synodnm
1744 2571 2069 2635 Nicaenam
2102 2571 2446 2657 praecessit,
2494 2586 2568 2632 vo·

508 2678 638 2733 cata
686 2678 787 2733 est*
810 2668 1071 2735 Ecclesia
1117 2666 1488 2756 Apostolica,
1543 2692 1694 2756 quae
1737 2673 1896 2758 quod
1945 2671 2118 2736 fuerit
2164 2672 2391 2761 ampla,
2421 2680 2492 2733 ·et
2525 2668 2567 2728 iu

508 2782 629 2835 tres
686 2780 879 2856 partes
924 2772 1133 2845 Orbis,
1201 2769 1448 2846 Asiam,
1503 2771 1761 2835 Africam
1811 2783 1869 2836 et
1914 2772 2213 2858 Europam
2263 2778 2570 2861 propagata,

508 2880 738 2937 constat
766 2894 885 2937 non
929 2874 1104 2938 modo
1140 2894 1210 2936 ex
1256 2871 1620 2960 imperatore
1649 2871 2036 2938 Constantino
2078 2891 2333 2959 magno,
2388 2883 2442 2936 et
2477 2872 2572 2957 ejus
2655 2927 2656 2932 ,

507 2972 860 3038 Monarchia
911 2996 1088 3059 super
1140 2973 1311 3060 ‘plura
1368 2974 1578 3059 Regna
1631 2974 1904 3063 Europae
1953 2983 2158 3063 'postea
2212 2974 2437 3051 divisa,
2497 2968 2574 3036 sed

507 3073 683 3138 etiam
713 3097 894 3162 super
922 3069 1205 3139 viciniora
1234 3083 1399 3138 extra
1433 3073 1761 3164 Europam,
1817 3076 1975 3162 quod
2017 3074 2193 3139 suerit
2217 3073 2575 3145 Christianus,

508 3196 579 3239 ac
605 3174 838 3240 Zelotes
867 3197 973 3262 pro
1002 3174 1317 3262 religione;
1372 3196 1590 3262 quare,
1640 3186 1705 3239 ut
1732 3198 1908 3262 supra
1948 3176 2163 3240 dictum
2208 3184 2327 3251 est,
2385 3194 2577 3241 convo-

508 3277 664 3342 cavit
711 3277 1032 3366 Episcopos
1079 3297 1150 3339 ex
1192 3274 1361 3354 Asia,
1416 3275 1614 3341 Africa
1661 3285 1720 3340 et
1768 3278 2005 3365 Europa
2043 3278 2101 3339 in
2146 3277 2400 3363 Regiam
2436 3293 2577 3341 suam

507 3378 769 3443 Nicaeae
799 3378 960 3442 urbis
987 3375 1324 3467 Bithyniae,
1355 3387 1419 3440 ut
1445 3375 1570 3441 Arii
1599 3378 1872 3442 scandala
1915 3399 1983 3441 ex
2014 3377 2267 3466 Imperio
2293 3377 2579 3461 suo-ejice-

506 3488 616 3544 ret.
697 3480 833 3543 Hoc
872 3478 1094 3541 factum
1125 3487 1213 3544 est
1243 3499 1315 3541 ex
1344 3479 1562 3543 Divina
1594 3479 1830 3541 Domini
1859 3479 2274 3554 Providentia,
2319 3478 2579 3565 quoniam

506 3580 551 3643 si
583 3578 834 3665 ne'gatur
864 3578 1153 3647 Divinitas
1184 3579 1455 3654 Domini,
1516 3578 1773 3644 Ecclesia
1804 3580 2131 3644 Christiana
2174 3579 2491 3653 emoritur,
2536 3584 2581 3638 et

508 3678 574 3743 fit
599 3680 747 3743 sicut
774 3679 1143 3768 sepulchrum
1173 3690 1446 3744 ornatum
1480 3679 1790 3768 Epitaphio
1819 3680 1961 3756 hoe,
2014 3679 2109 3744 hic
2148 3681 2318 3766 jacet.
2401 3679 2581 3743 Eccle-

507 3781 623 3855 sia,
689 3800 840 3866 quae
889 3779 997 3843 fuit
1042 3793 1178 3845 ante
1224 3781 1335 3845 hoc
1384 3792 1646 3868 tempus,
1714 3791 1921 3845 vocata
1978 3792 2064 3845 est
2105 3779 2476 3866 Apostolica;
2536 3785 2581 3838 et

505 3880 836 3966 Scriptores
876 3882 1130 3969 insignes
1173 3885 1337 3947 istius
1385 3883 1681 3947 Ecclesiae
1718 3884 1856 3946 dicti
1896 3893 2031 3946 sunt
2072 3883 2307 3957 PatreS‚
2363 3902 2433 3946 ac
2474 3875 2583 3947 veri

508 3980 820 4046 Christiani
848 3999 881 4046 a
911 3982 1092 4048 latere
1128 3984 1354 4049 fratres,
1439 3984 1614 4066 Quod
1649 3983 1796 4048 haec
1831 3981 2091 4048 Ecclesia
2133 4004 2248 4045 nou
2291 3974 2583 4070 agnoverit

507 4092 626 4147 tres
652 4084 944 4149 Personas
971 4085 1217 4152 Divinas
1248 4096 1305 4149 e‘t
1344 4084 1480 4148 inde
1511 4085 1857 4150 nec’Filium
1902 4085 2007 4148 Dei
2053 4086 2128 4148 ah
2170 4093 2445 4159 aeterno,
2496 4078 2582 4145 sed

468 4275 473 4280 Ι
510 4184 686 4249 modo
713 4184 924 4251 Filium
952 4187 1066 4251 Dei
1093 4196 1293 4252 natum
1327 4184 1386 4247 in
1419 4195 1701 4272 tempore,
1736 4191 1965 4249 constat
1994 4208 2064 4249 ex
2089 4185 2394 4275 symbolo,
2440 4176 2584 4269 quod

506 4284 588 4349 ab
615 4283 874 4352 Ecclesia
901 4285 1135 4351 illorum
1166 4293 1438 4352 vocatum
1469 4295 1554 4350 est
1581 4284 2011 4372 Apostolicum,
2070 4286 2165 4350 ubi
2210 4285 2359 4351 haec
2394 4285 2584 4371 legun-
