2750 4775
243 361 1021 418 Annl'rAMENTUM.
1069 392 1134 403 —-
1179 361 1885 421 MELANCnTu.1N
1928 365 2006 418 M.
2047 366 2175 424 SP.
2259 379 2362 428 511

243 539 327 582 ex
357 538 477 603 quo
509 538 626 581 uon
657 515 828 580 aliter
852 514 1077 590 sciunt,
1129 535 1308 601 quam
1340 515 1499 601 quod
1536 515 1729 580 adhuc
1766 518 1841 580 in·
1856 517 2082 584 Mundo
2108 520 2373 590 naturali

244 620 409 693 sint,
465 628 523 680 et
550 616 710 704 quod
738 624 970 702 tempus
995 637 1029 680 a
1058 616 1256 680 Morte
1285 616 1749 702 praeterlapsum
1794 616 1967 684 fuerit
2015 620 2191 684 modo
2216 623 2368 686 sicut

246 739 546 791 somnus5‘
584 718 642 780 in
683 713 967 781 Conclavi
1015 716 1141 800 ejus
1185 718 1360 781 etiam
1417 717 1613 779 omnia
1656 717 1864 779 similia
1909 729 2112 795 erant,
2165 721 2366 788 similis

248 819 500 892 Mensa,
552 816 738 882 simile
769 815 1330 906 Chartaphylacium
1363 839 1495 879 cum
1525 816 1980 893 loculamentis,
2033 828 2091 888 et
2132 841 2366 907 quoque

247 917 628 990 Libra-ium
679 926 958 1003 quarem
988 917 1236 1004 primum
1266 917 1406 980 illuc
1434 918 1625 992 venit,
1679 918 1836 981 illico
1861 919 2013 981 sicut
2057 920 2372 1005 evigilatus

249 1042 288 1083 a
317 1040 564 1093 somno,
614 1017 886 1104 adposuit
909 1039 976 1082 se
1003 1019 1278 1089 Mensae,
1332 1027 1391 1081 et
1420 1019 1789 1084 continuavit
1814 1021 2109 1095 scribere,
2142 1031 2203 1084 et
2231 1030 2370 1086 tunc

248 1120 334 1185 de
357 1117 792 1184 Justificatione
822 1141 927 1205 per
949 1118 1134 1184 solam
1165 1118 1406 1194 Fidem,
1458 1129 1516 1181 et
1543 1120 1821 1183 similiter.
1840 1142 1944 1205 per
1971 1120 2196 1207 aliquot
2224 1121 2367 1198 dies,

248 1229 314 1283 et
341 1233 585 1310 prorsus
612 1218 755 1281 nihil
782 1220 853 1281 de
885 1219 1221 1292 Chai-itatem
1278 1219 1390 1283 hoc
1420 1230 1697 1304 percepto
1742 1220 1817 1281 ab
1844 1219 2120 1306 Angelis,
2187 1244 2368 1310 quae·

247 1322 401 1385 situs
426 1331 515 1384 est
545 1341 651 1405 per
678 1321 947 1394 nuntios,
1001 1341 1108 1383 cur
1133 1342 1252 1382 non
1283 1319 1460 1383 etiam
1486 1321 1773 1384 scriberet
1803 1321 1873 1381 de
1904 1319 2227 1398 Charilam,
2272 1346 2365 1387 re·

246 1420 524 1505 spondit,
578 1419 734 1505 quod
765 1420 822 1482 in
853 1419 1155 1484 Charitate
1171 1419 1327 1484 nihil
1353 1420 1654 1485 Ecclesiae
1695 1430 1880 1496 esset,
1935 1439 2070 1485 nam
2097 1422 2143 1486 si
2175 1422 2272 1486 illa
2302 1432 2364 1487 ut

239 1521 555 1607 quoddam
610 1521 926 1583 essentiale
976 1521 1276 1584 Ecclesiae
1330 1522 1680 1585 attributum
1738 1521 2133 1605 reciperetur,
2183 1521 2367 1587 homo

247 1624 432 1687 etiam
462 1621 571 1685 sibi
601 1622 873 1685 meritum
915 1620 1346 1705 justificationis
1384 1632 1448 1685 et
1486 1623 1623 1686 inde
1659 1621 2002 1686 salvationis
2042 1622 2363 1699 addicaret,

247 1731 312 1785 et
342 1709 425 1786 sic
453 1743 689 1808 quoque
714 1721 916 1786 Fidem
948 1722 1196 1788 essentia
1224 1743 1329 1785 sua
1349 1722 1644 1807 spirituali
1668 1723 1943 1795 orbaret3
1980 1724 2217 1809 quaudo
2246 1722 2362 1788 hoc

245 1832 641 1907 perceperunt
677 1821 917 1907 Angeli,
972 1822 1071 1907 qui
1100 1843 1279 1907 supra
1307 1823 1498 1907 Caput
1540 1824 1664 1908 ejus
1692 1832 1892 1897 erant,
1948 1833 2006 1886 et
2041 1823 2157 1888 hoc
2186 1825 2360 1889 audi·

246 1934 466 1987 verunt
494 1920 737 2009 Angeli‚
794 1924 893 2008 qui
924 1921 1035 1995 illi,
1091 1922 1228 1985 dum
1272 1932 1434 1990 extra
1482 1923 1723 1988 domum
1763 1944 1929 1987 suam
1972 1934 2135 2001 erat,
2187 1925 2358 1990 adso·

244 2024 389 2088 ciati
441 2024 720 2097 fuerunt,
767 2033 1171 2097 recesserunt,
1227 2044 1361 2086 nam
1413 2023 1597 2088 cuivis
1638 2022 1928 2088 Advenae
1968 2023 2027 2086 in
2075 2023 2359 2111 principio

243 2126 621 2189 associantur
645 2122 890 2208 Angeli3
942 2121 1057 2186 hoc
1087 2121 1282 2199 facto,
1338 2134 1465 2208 post
1498 2124 1725 2210 aliquot
1762 2125 2150 2208 septimanaS,
2202 2128 2358 2191 ince-

243 2234 460 2310 perunt
488 2225 586 2288 illa
615 2245 766 2311 quae
800 2224 926 2288 usui
952 2224 1032 2286 illi
1061 2231 1234 2287 erant
1262 2225 1318 2286 in
1347 2224 1652 2299 Conclavi,
1699 2226 2004 2290 obscurari
2032 2236 2091 2289 et
2118 2225 2354 2290 denium

241 2345 632 2400 evanescere,
683 2335 743 2390 et
769 2324 1010 2389 taudem
1041 2345 1224 2409 usque
1252 2346 1322 2387 eo
1344 2372 1364 2400 ,
1416 2334 1479 2389 ut
1518 2325 1597 2390 ibi
1630 2323 1772 2389 nihil
1802 2335 2037 2411 praeter
2064 2328 2357 2406 Mensam,

237 2425 539 2498 ChartaS,
597 2434 653 2487 et
694 2422 1200 2490 Atramentarium
1250 2435 1614 2502 remaneret,
1670 2436 1727 2489 et
1768 2427 2014 2513 insuper
2053 2430 2355 2495 Conclave

247 2525 381 2609 ejus
411 2523 605 2609 quoad
637 2526 882 2607 parietes
908 2526 1184 2611 apparuit
1213 2527 1604 2593 incrustatum
1636 2528 1816 2603 calce,
1861 2537 1920 2590 et
1946 2531 2355 2614 pavimentum

248 2624 502 2688 materia
535 2624 781 2688 lateritia
809 2625 964 2690 flava
991 2628 1335 2701 obductum,
1360 2640 1415 2690 et
1447 2628 1568 2713 ipse
1595 2628 1656 2690 in
1686 2628 1927 2695 rudiore
1952 2641 2145 2704 veste;
2197 2629 2355 2719 quod

243 2747 385 2788 cum
416 2724 658 2791 miratus
686 2737 800 2801 est,
853 2738 914 2790 et
941 2727 1162 2791 circum
1202 2749 1264 2791 se
1306 2729 1632 2813 quaesivit,
1687 2751 1793 2793 cur
1822 2728 1956 2804 illa,
2011 2752 2354 2816 responsum

243 2826 420 2899 tulit,
475 2827 610 2910 quia
641 2826 1003 2893 charitatem
1035 2828 1110 2890 ab
1139 2827 1407 2892 Ecclesia
1447 2830 1731 2904 removit,
1788 2850 1942 2913 quae
1985 2839 2182 2895 tamen
2230 2831 2355 2913 ejus

238 2926 361 2990 Cor
397 2937 522 3000 est,
576 2927 676 2990 sed
721 2928 859 3010 quia
909 2929 1080 2992 toties
1120 2930 1508 3003 contradixit,
1568 2939 1628 2991 et
1674 2928 1929 3013 perrexit
1974 2928 2233 2995 scribere
2280 2927 2353 2993 de

238 3026 423 3102 Fide,
479 3038 540 3090 ut
569 3029 746 3090 unico
776 3028 1070 3091 essentiali
1109 3027 1439 3104 Ecclesiae,
1492 3030 1813 3092 acmedio.
1831 3026 2067 3103 salutis,
2113 3049 2184 3092 ac
2227 3027 2354 3113 plus

236 3137 300 3191 et
344 3128 474 3211 plus
502 3149 815 3191 removere
844 3128 1224 3202 Charitatem‚
1255 3130 1450 3193 subito
1472 3130 1586 3193 sibi
1619 3130 1774 3192 visus
1814 3139 1901 3190 est
1939 3128 2050 3193 suh
2089 3137 2248 3192 terra
2294 3127 2352 3191 in

237 3226 501 3313 quodam
534 3228 885 3314 Ergastulo,
931 3228 1033 3293 ubi
1061 3228 1278 3293 similes
1305 3239 1496 3300 erant;
1544 3239 1601 3291 et
1629 3231 1767 3293 dum
1799 3229 1984 3294 voluit
2012 3228 2147 3293 inde
2175 3227 2353 3304 exire,

237 3337 509 3403 retentus
547 3338 667 3399 est,
722 3338 779 3392 et
823 3331 874 3392 ei
931 3330 1369 3401 denuntiatum,
1429 3330 1585 3415 quod
1636 3351 1751 3392 non
1795 3329 1909 3393 alia
1948 3351 2077 3392 sors
2116 3339 2351 3393 maneat

236 3428 406 3502 mos,
433 3428 558 3514 -qui
588 3428 948 3494 Charitatem
981 3441 1036 3496 et
1069 3431 1224 3492 bon-a
1255 3429 1459 3514 Opera
1500 3440 1664 3493 extra
1711 3428 1868 3495 sores
1909 3429 2208 3494 Ecclesiae
2251 3430 2352 3513 eji-

232 3529 432 3601 ciunt;
490 3538 550 3591 at
577 3530 1036 3614 quoniam.unus
1064 3530 1216 3592 inter
1245 3529 1694 3595 Reformatores
1720 3530 2021 3594 »Ecclesiae
2064 3539 2222 3606 erat,
2281 3552 2351 3595 ex

233 3628 522 3694 mandato
552 3630 788 3694 Domini
833 3631 965 3693 inde
1006 3640 1314 3714 exemptus
1350 3641 1469 3706 est,
1525 3641 1581 3693 et
1626 3631 1905 3696 remissus
1952 3632 2010 3697 in
2054 3631 2353 3697 Conclave

231 3748 406 3793 suum
467 3729 659 3813 prius,
733 3731 831 3793 ubi
883 3731 1073 3795 solum
1132 3731 1374 3807 Mensa,
1444 3729 1673 3798 Charta
1738 3743 1794 3793 et
1848 3730 2352 3797 Atramentarium

234 3839 445 3903 erant,
501 3840 558 3891 at
590 3853 773 3915 usque
804 3853 875 3894 ex
901 3832 1047 3895 ideis
1076 3830 1441 3897 confirmatis
1477 3831 1662 3895 illevit
1710 3831 1944 3898 chartas
1986 3832 2158 3897 simili
2191 3852 2354 3896 erro-

229 3951 333 4004 re,
389 3951 577 4017 quare
605 3951 726 3994 non
767 3933 956 4016 potuit
994 3932 1309 4007 custodiri,
1350 3933 1490 4019 quin
1534 3932 1775 3995 alternis
1821 3934 2232 4002 demitteretur
2281 3930 2355 3996 ad

229 4030 512 4115 captivos,
531 4031 795 4108 sodales,
855 4043 911 4097 et
943 4032 1182 4097 alternis
1209 4033 1611 4105 emitteretur;
1657 4053 1789 4095 cum
1821 4033 2062 4098 emissus
2087 4044 2202 4108 est,
2254 4054 2356 4116 ap-

227 4130 434 4218 paruit
465 4131 702 4196 indutus
732 4131 882 4218 pelle
925 4131 1181 4209 hirsuta,
1240 4133 1518 4219 quoniam
1564 4132 1738 4197 Fides
1784 4132 2006 4218 absque
2052 4131 2351 4196 Chai-itate

216 4241 323 4296 ‘est
351 4231 580 4317 frigida.
663 4233 951 4299 Narravit
983 4232 1120 4299 mihi
1151 4234 1304 4319 ipse,
1359 4231 1520 4319 quod
1553 4232 1666 4296 alia
1708 4231 1958 4299 Camera
1990 4254 2020 4295 a
2053 4240 2216 4316 parte
2251 4252 2351 4313 po·
