2750 4775
507 336 659 390 xlv.
742 334 1428 396 CONSUMMA'MO
1470 337 1853 390 Sal-:Cum
1918 338 2078 390 ETG.
2240 350 2345 399 295

221 490 426 580 lyma,
490 487 904 564 conditurum,
956 489 1256 576 sequitur,
1306 488 1467 573 quod
1506 488 1563 551 id
1593 510 1698 574 per
1724 487 2054 565 hominem,
2106 493 2206 579 qui
2240 492 2352 558 hu·

218 593 313 676 jus
356 588 674 655 Ecclesiae
727 589 1050 655 Doctrinae
1099 611 1220 653 non
1273 591 1466 653 solum
1521 588 1823 652 intellectu
1874 585 2170 676 recipere,
2247 593 2353 660 sed

218 690 406 755 etiam
435 690 573 754 illas
598 692 752 781 typis
791 691 1074 776 evulgare
1105 699 1326 776 potest,
1381 688 1645 754 facturus
1684 689 1773 752 sit.
1854 688 2031 767 Quod
2062 692 2354 761 Dominus

216 811 435 858 eoram
483 790 585 855 Me
627 790 812 880 Ipsius
847 811 1031 854 servo
1068 790 1147 854 Se
1191 789 1694 862 manifestaverit,
1744 797 1803 852 et
1857 790 2079 855 miserit
2117 793 2192 855 ad
2237 792 2353 859 boc

203 912 485 966 munus,
536 901 592 956 et
621 892 781 977 quod
812 901 939 978 post
973 890 1087 955 hoc
1122 891 1422 979 aperuerit
1461 891 1649 955 visum
1676 887 1930 976 Spiritus
1969 892 2113 967 mei,
2166 903 2226 956 et
2269 895 2355 958 sic

218 1013 318 1055 me
344 992 412 1055 in
447 991 739 1056 Mundum
765 991 1128 1078 spiritualem
1157 991 1573 1064 intromiserit,
1629 1000 1686 1053 et
1717 989 1944 1053 dederit
1973 991 2177 1057 videre
2205 991 2353 1058 Cae·

218 1092 310 1155 los
351 1100 417 1154 et
464 1089 738 1164 Inferna,
792 1100 851 1154 et
892 1112 1127 1177 quoque
1168 1091 1328 1177 loqui
1370 1112 1504 1154 cum
1548 1090 1776 1176 angelis
1808 1099 1867 1153 et
1907 1091 2238 1178 spiritibus,
2292 1104 2353 1159 et

217 1190 338 1257 hoc
366 1212 538 1255 nunc
568 1193 940 1255 continenter
970 1213 1074 1276 per
1102 1191 1297 1279 plures
1323 1188 1561 1267 Annos,
1615 1200 1799 1255 testor
1826 1191 1887 1253 in
1916 1194 2197 1268 veritate;
2247 1217 2352 1281 pa·

217 1292 412 1367 riter,
473 1292 630 1378 quod
658 1315 691 1355 a
721 1293 912 1380 primo
940 1292 1094 1356 illius
1121 1293 1450 1357 vocationis
1478 1293 1605 1368 die,
1652 1313 1770 1355 non
1800 1293 2149 1380 quicquam,
2189 1296 2351 1381 quod

217 1391 535 1457 Ecclesiae
589 1391 742 1457 illius
798 1392 1116 1460 Doctrinas
1161 1393 1404 1469 attinet,
1474 1414 1545 1456 ex
1591 1393 1792 1479 aliquo
1837 1393 2104 1478 Angelo,
2169 1396 2271 1459 sed
2314 1418 2351 1461 a

205 1492 374 1558 ,8010
404 1494 700 1568 Domino,
751 1493 890 1556 dum
918 1492 1035 1577 legi
1062 1492 1358 1568 Verbum,
1410 1494 1758 1579 acceperim.

388 1597 542 1657 780.
613 1594 867 1681 Propter
914 1592 1123 1668 tinem,
1176 1602 1240 1658 ut
1286 1594 1581 1657 Dominus
1627 1593 1846 1679 jugiter
1887 1594 2093 1659 adesse
2134 1601 2351 1683 posset,

220 1692 456 1758 detexit
494 1692 633 1758 mihi
674 1695 927 1759 Sensum
966 1692 1334 1781 spiritualem
1378 1696 1469 1758 sui
1512 1695 1731 1768 Verbi,
1794 1694 1853 1757 in
1901 1716 2019 1780 quo
2060 1695 2347 1760 Divinum

222 1792 455 1857 Verum
493 1802 578 1858 est
608 1794 664 1856 in
694 1817 797 1859 sua
828 1794 991 1869 luce,
1044 1804 1102 1858 et
1145 1794 1204 1856 in
1246 1793 1358 1858 hac
1400 1794 1678 1858 continue
1717 1804 1804 1859 est
1845 1816 2152 1879 praesens;
2207 1817 2347 1861 nam

226 1895 568 1977 praeseutia
612 1894 800 1979 Ipsius
825 1895 883 1957 in
916 1894 1116 1959 Verbo
1144 1915 1262 1957 non
1290 1894 1530 1959 aliunde
1561 1904 1678 1969 est,
1731 1916 1910 1980 quam
1954 1916 2057 1982 per
2094 1896 2345 1962 Sensum

219 1994 622 2080 spiritualem,
680 2017 786 2079 per
823 1993 999 2080 hujus
1047 1996 1236 2059 lucem
1286 1996 1492 2058 transit
1533 1996 1593 2058 in
1632 1997 1945 2069 umbram,
1993 1995 2055 2058 iu
2096 2018 2212 2082 qua
2259 2007 2348 2063 est
2467 2077 2475 2086 q

223 2093 451 2159 Sensus
494 2095 732 2168 literae;
788 2096 1190 2181 comparative
1228 2095 1378 2159 sicut
1431 2093 1490 2158 fit
1534 2117 1666 2159 cum
1712 2096 1865 2160 Solis
1911 2095 2040 2160 luce
2078 2105 2346 2182 tempore
2423 2149 2428 2158 .

225 2195 350 2256 diei
390 2217 493 2280 per
529 2195 937 2281 interpositam
990 2196 1238 2267 nubem;
1311 2196 1468 2280 quod
1522 2195 1741 2260 Sensus
1796 2197 2000 2260 literae
2054 2198 2236 2264 Verbi
2275 2199 2355 2263 sil*

225 2293 624 2370 sicutuubes,
678 2304 738 2358 et
780 2296 1000 2360 Sensus
1036 2296 1355 2383 spiritualis
1395 2296 1467 2360 sit
1513 2295 1734 2381 gloria,
1785 2306 1843 2361 et
1886 2296 2017 2382 Ipse
2055 2297 2347 2365 Dominus

228 2392 340 2458 Sol
366 2417 444 2459 ex·
470 2419 585 2483 quo
631 2398 791 2470 Lux,
848 2407 906 2460 et
937 2397 1093 2483 qtiod
1120 2398 1203 2463 sic
1231 2397 1523 2463 Dominus
1558 2399 1632 2462 sit
1674 2398 1975 2473 Verbum,
2025 2420 2203 2488 supra
2243 2398 2346 2465 de-

238 2504 634 2559 monstratum
668 2507 769 2561 est.
850 2498 1032 2578 Quod
1069 2496 1309 2572 Gloria,
1359 2498 1420 2561 in
1460 2520 1576 2584 qua
1620 2499 1918 2564 venturus
1957 2507 2076 2577 est,
2125 2501 2341 2568 Matth.

235 2592 474 2658 XXIV:
519 2597 622 2669 30,
674 2597 958 2683 significet
989 2597 1273 2662 Divinum
1300 2599 1524 2664 Verum
1556 2599 1611 2661 in
1642 2620 1748 2664 sua
1779 2599 1938 2677 luce,
1991 2601 2050 2663 in
2097 2620 2215 2688 qua
2255 2612 2344 2667 est

227 2692 455 2759 Sensus
480 2697 795 2782 spiritualis
822 2698 1034 2773 Verbi,
1089 2708 1316 2762 constat
1346 2699 1507 2764 clare
1551 2722 1621 2764 ex
1660 2699 1751 2765 his
1790 2701 1934 2764 locis
1972 2701 2177 2775 „Vox
2218 2700 2346 2765 cla·

227 2798 457 2859 mantis
496 2801 558 2860 in
598 2797 838 2863 deserto
857 2846 873 2870 ,
919 2812 1140 2889 parate
1173 2802 1344 2864 viam
1387 2797 1660 2866 Jehovae
1677 2847 1693 2874 ,
1748 2798 2107 2865 revelabitur
2140 2798 2347 2886 gloria

224 2895 559 2971 JlmovAE,
611 2897 992 2965 etvidebunt
1021 2904 1218 2964 onmis
1257 2923 1434 2975 caro,
1487 2900 1644 2986 Esaj.
1692 2899 1830 2963 XL:
1874 2901 1933 2960 3.
1966 2903 2025 2961 5.
2101 2895 2344 2965 Illumi-

195 3019 420 3072 πηνα,
471 3002 617 3089 quia
657 3002 826 3063 venit
870 2999 1015 3064 Lux
1060 3020 1183 3065 'rm
1204 3047 1219 3073 ,
1272 3021 1351 3064 Εἰ·
1390 2999 1641 3066 ῦιοιιιΑ
1680 2999 1978 3062 ,ἱειιονη
2019 3014 2201 3090 super
2260 2997 2321 3063 T
2308 3020 2346 3063 e

222 3111 445 3162 exona
470 3113 590 3172 est,
649 3099 807 3183 Esaj.
833 3099 981 3164 LX:
1032 3104 1056 3163 1
1097 3102 1170 3165 ad
1202 3099 1296 3163 fin.
1380 3100 1560 3166 Dabo
1594 3101 1683 3165 Te
1722 3103 1783 3162 in
1803 3094 2051 3186 faedus
2085 3095 2341 3188 popula,

226 3200 298 3260 ιή
320 3200 547 3264 Lucem
573 3219 896 3273 nemum,
948 3220 1024 3262 ET
1050 3199 1356 3266 Gmnum
1382 3221 1574 3265 arr-:Am
1603 3223 1726 3264 noa
1753 3195 1935 3263 alteri
1955 3196 2136 3271 dabo,
2183 3198 2341 3283 Esaj.

222 3297 432 3362 XLll:
480 3305 537 3363 6.
569 3306 627 3362 8.
682 3299 823 3383 Cap.
853 3300 1143 3367 XLVllI:
1197 3305 1293 3363 11.
1380 3300 1673 3391 Erumpet
1707 3303 1864 3362 sicut
1904 3297 2158 3363 Aurora
2195 3298 2345 3363 Lux

219 3418 382 3472 τω,
436 3397 686 3465 GLourA
726 3400 1030 3465 Jtnovsn
1067 3399 1310 3489 colliget
1360 3401 1474 3472 Te,
1527 3397 1943 3484 Esaj.1,v111=
1990 3403 2046 3463 8.
2119 3395 2344 3492 Imple-

215 3497 384 3564 bitur
406 3496 654 3565 Gmam
683 3501 988 3565 Jssuovtm
1027 3504 1305 3565 universa
1339 3501 1401 3565 T
1393 3523 1549 3573 erra,
1592 3500 1772 3565 Num.
1809 3499 1985 3566 XIV:
2023 3503 2149 3564 21..
2179 3500 2339 3586 Esaj.

218 3597 339 3664 vl:
393 3603 446 3662 1.
480 3604 538 3663 2.
572 3605 629 3664 3.
686 3601 829 3688 Cap.
858 3600 1089 3666 LXVI:
1149 3606 1242 3665 18.
1327 3600 1408 3671 In
1445 3605 1746 3693 principio
1772 3614 1899 3665 erat
1933 3601 2236 3680 Verbum,
2280 3605 2342 3669 in

217 3698 376 3789 Ipso
411 3699 571 3767 Vita
597 3714 762 3776 erat,
809 3714 865 3765 et
901 3702 1055 3766 Vita
1081 3715 1210 3771 erat
1253 3702 1401 3766 Lux
1423 3721 1771 3777 nummula,
1810 3710 1940 3766 erat
1969 3704 2116 3767 Lux
2143 3703 2342 3776 Vens,

216 3814 277 3863 et
340 3799 615 3867 Verbum
664 3801 823 3866 Caro
857 3797 1108 3888 fhctum
1151 3817 1275 3877 est,
1346 3817 1404 3867 et
1447 3801 1720 3868 vidimus
1769 3800 2076 3868 Gmuun
2120 3804 2341 3875 lpsms,

215 3896 533 3965 Gnonnm
562 3922 644 3966 υἰ·
671 3897 1022 3969 Ummium
1052 3923 1092 3965 A
1132 3901 1375 3977 Parus,
1429 3902 1572 3968 Joh.
1618 3902 1673 3967 l:
1723 3906 1776 3967 1.
1809 3909 1866 3969 4.
1902 3907 1956 3966 9.
1991 3907 2090 3966 14.
2176 3898 2349 3969 Caeli

135 4002 146 4007 “
215 4000 555 4067 narrabunt
600 4000 910 4071 Genuum
961 4002 1118 4079 Dm,
1173 4001 1391 4068 Plsalm.
1435 4003 1615 4068 XIX:
1663 4008 1721 4067 2.
1801 3999 2051 4073 GmmA
2090 4003 2214 4067 Dm
2269 3997 2344 4064 il-

212 4097 497 4167 lustrabit
544 4098 830 4169 Sanctam
879 4100 1418 4191 Hc‘erosolymam,
1483 4118 1541 4168 et
1579 4105 1858 4171 Lucerna
1900 4105 2047 4187 (ejus
2096 4098 2341 4190 Agnus,

212 4213 273 4265 et
317 4198 580 4281 Gentes,
660 4227 816 4296 quae
861 4201 1214 4279 salvantur,
1294 4205 1355 4267 ia
1408 4202 1584 4289 Luce
1636 4200 1839 4271 leswe
1893 4199 2342 4271 ambulabunt,“
