2750 4775
708 333 868 391 vlu.
950 333 1359 388 LIBERUM
1423 334 1960 390 ARBITRIUM.
2338 352 2406 403 25

292 485 451 576 apud
493 485 799 551 absolutae
847 488 1151 574 potestatis
1186 488 1415 574 Regem
1456 509 1529 552 ex
1566 487 1691 553 sola
1738 489 1857 553 visa
1900 488 2069 554 facie.
2142 493 2199 555 4.
2230 491 2409 574 Quod

296 598 361 652 ut
405 588 698 653 vanitates
735 588 1138 676 explodenda,
1192 610 1262 652 ac
1304 597 1369 654 ut
1413 588 1759 676 quisquiliae
1791 591 2108 677 rejicienda
2137 592 2254 657 sint
2283 616 2411 658 orn—

295 690 394 753 nia
438 709 592 775 quae
623 689 884 754 Ecclesia
933 690 1139 765 docet,
1197 699 1433 776 praeter
1479 711 1655 765 Qnon
1697 690 1871 754 Dens
1914 712 2026 755 srr.
2113 696 2171 756 5.
2227 693 2406 776 Quod

294 789 645 877 spiritualia,
700 813 852 876 quae
881 790 1284 865 venditantur,
1337 811 1457 854 non
1487 791 1601 854 sint
1633 791 1759 879 plus
1784 813 1960 876 quam
1990 790 2267 858 aetherea
2292 796 2418 860 sub

293 890 468 964 Sole,
523 911 676 976 quae
705 892 752 955 si
794 892 912 955 alte
939 899 1253 977 penetrant
1287 892 1346 960 in
1374 889 1711 967 hominem,
1762 892 2122 957 inducant.ei
2155 895 2407 982 vertigi-

294 1011 429 1053 nem
467 1000 523 1054 et
565 1001 896 1079 stuporem,
952 1000 1010 1055 et
1051 991 1268 1055 faciant
1308 991 1470 1056 illum
1528 992 1871 1057 detestabile
1926 1003 2258 1058 monstrum
2303 981 2405 1060 co-

290 1112 421 1155 ram
457 1092 606 1155 Deo.
666 1097 719 1155 ss.
768 1091 1129 1179 Interrogati
1171 1093 1242 1155 de
1285 1092 1461 1166 Fide,
1517 1113 1588 1156 ex
1631 1115 1744 1179 qua
1789 1093 2405 1161 Praedestinationem

293 1192 709 1266 deduxerunt,
751 1213 890 1255 num
936 1193 1293 1258 crediderint
1320 1191 1481 1255 illam
1508 1194 1870 1281 spiritualem
1903 1216 2058 1271 esse,
2114 1196 2408 1271 dixerunt,

297 1293 457 1378 quod
504 1295 828 1358 secundum
873 1292 1041 1360 illam.
1082 1291 1214 1367 fiat,
1278 1293 1381 1358 sed
1430 1295 1591 1380 quod
1652 1316 1781 1359 cum
1831 1295 2045 1372 datur,
2097 1296 2215 1360 sint
2254 1297 2409 1364 sicut

295 1395 525 1468 trunci,
579 1415 650 1456 ex
690 1395 904 1479 quibus
961 1394 1194 1479 quidem
1238 1391 1652 1469 vivificantur,
1704 1396 1803 1458 sed
1848 1418 1968 1460 non
2004 1396 2404 1483 spiritualiter.

293 1494 436 1558 Post
465 1494 614 1558 haec
641 1496 764 1559 dira
797 1494 970 1562 effata
1002 1496 1317 1560 voluerunt
1351 1496 1662 1573 recedere,
1707 1498 1808 1559 sed
1839 1497 1954 1559 dixi
1987 1496 2115 1572 illis,
2170 1509 2403 1563 manete

292 1594 663 1681 aliquantum
711 1595 933 1670 adhuc,
1003 1605 1061 1660 et
1106 1597 1300 1683 legam
1347 1616 1549 1660 coram
1595 1598 1766 1663 vobis
1808 1619 1876 1663 ex
1922 1597 2127 1680 Esaia,
2182 1606 2239 1661 et
2286 1598 2402 1686 legi

294 1694 472 1771 baec,
543 1695 648 1761 Ne
693 1694 932 1762 laeteris
978 1695 1365 1762 Philistlzaea
1408 1710 1564 1771 tota,
1630 1695 1799 1789 quod
1823 1694 2046 1785 fracta
2097 1697 2177 1762 sit
2218 1703 2404 1789 virga

284 1800 629 1886 percutiens
665 1811 750 1872 te,
804 1821 945 1863 nam
975 1822 1058 1862 ex
1084 1798 1287 1863 radice
1325 1802 1621 1890 serpentis
1661 1801 1850 1863 exivit
1867 1796 2246 1876 basilisca-5,
2298 1824 2401 1864 cu·

283 1899 393 1982 jus
410 1896 671 1984 fructus
705 1912 940 1988 prester
961 1897 1209 1975 volans,
1262 1898 1405 1983 Cap.
1436 1898 1608 1964 XIV:
1635 1904 1749 1973 29;
1804 1909 1862 1963 et
1904 1898 2156 1985 explicui
2197 1900 2253 1962 id
2298 1922 2405 1989 per

288 2018 525 2062 sensum
564 1997 966 2084 spiritualem,
1021 2000 1182 2085 quod
1219 1995 1322 2085 per
1349 1999 1770 2063 Philisthaeam
1801 1999 2401 2085 intelligaturEccle·

286 2098 376 2168 sia
419 2107 694 2186 separata
734 2121 769 2162 a
817 2098 1140 2172 charitate;
1206 2099 1362 2185 quod
1417 2121 1520 2183 per
1562 2098 1893 2164 basiliscum
1938 2101 2037 2186 qui
2084 2122 2155 2165 ex
2200 2101 2400 2166 radice

289 2200 581 2283 serpentis
607 2200 820 2273 exivit,
865 2200 1235 2283 intelligatur
1261 2200 1529 2263 doctrina
1560 2200 1684 2285 ejus
1711 2202 1782 2265 de
1814 2202 1998 2264 tribus
2022 2200 2183 2277 Diis,
2236 2212 2295 2266 et
2326 2203 2399 2266 de

292 2295 408 2360 fide
451 2297 802 2382 imputativa
853 2300 1038 2363 cuivis
1081 2300 1419 2385 singulatim
1466 2300 1786 2387 applicata,
1842 2312 1897 2364 et
1933 2302 2089 2387 quod
2132 2324 2238 2390 per
2277 2302 2401 2368 sru-

276 2408 454 2462 ·ctum
484 2399 625 2483 ejus
669 2400 767 2484 qui
815 2411 901 2463 est
944 2410 1181 2487 prester*
1208 2402 1447 2476 volanS,
1501 2402 1865 2489 intelligatur
1899 2402 2058 2468 nulla
2084 2404 2399 2492 imputatio

287 2498 432 2562 honi
461 2509 518 2561 et
550 2498 717 2574 mali,
770 2501 871 2565 sed
911 2502 1248 2566 immediata
1277 2503 1685 2569 Misericordia
1721 2505 1846 2569 sive
1882 2504 2061 2568 bomo
2094 2502 2244 2570 bene
2270 2500 2398 2572 sive

288 2599 444 2663 male
475 2601 703 2664 vixerit.
765 2602 874 2665 His
900 2603 1114 2665 auditis
1143 2604 1437 2679 dixerunt,
1491 2603 1564 2668 sit
1593 2604 1737 2682 hoc,
1787 2607 1891 2670 sed
1921 2627 1989 2671 ex
2018 2605 2235 2670 Codice
2274 2607 2399 2683 illo,

260 2720 461 2787 -quern
507 2723 688 2765 vocas
724 2702 1006 2765 Sanctum
1045 2704 1335 2778 Verbum,
1391 2726 1665 2791 exprome
1709 2706 1930 2791 aliquid
1959 2706 2034 2769 de
2062 2706 2399 2771 Praedesti-

285 2803 559 2877 natione,
615 2812 673 2864 et
717 2804 950 2893 aperui,
1004 2813 1065 2866 et
1105 2806 1289 2889 apud
1280 2805 1576 2868 Eundem
1619 2806 1977 2892 Prophetam
2022 2804 2240 2871 offendi
2283 2807 2399 2875 hoc

284 2901 441 2987 quod
484 2904 886 2967 concordabat
953 2905 1129 2980 „Ova
1167 2905 1406 2998 aspidis
1444 2907 1783 2996 ponebant,
1839 2923 1895 2971 et
1938 2907 2095 2973 telas
2129 2930 2396 2974 araneae

286 3003 603 3080 texebant,
653 3008 760 3096 qui
794 3005 1049 3069 comedit
1090 3030 1172 3070 ex
1216 3009 1345 3070 ovis
1385 3005 1660 3082 illorum,
1714 3012 1995 3086 moritur,
2045 3022 2102 3073 et
2141 3008 2394 3101 quando

285 3106 422 3192 quis
442 3106 767 3196 exprzmit,
811 3105 1161 3172 excluditur
1183 3110 1473 3199 vipera,“
1525 3106 1667 3190 Cap.
1712 3108 1880 3172 LIX·
1928 3114 1997 3181 5;
2050 3107 2140 3174 his
2179 3109 2395 3175 auditis

285 3226 407 3268 non
442 3206 846 3271 sustinuerunt
888 3208 1372 3296 explicationem,
1422 3207 1524 3271 sed
1566 3207 1746 3291 aliqui
1778 3229 1847 3269 ex
1877 3210 2023 3284 illis,
2072 3210 2171 3295 qui
2201 3230 2397 3274 arces-

280 3305 375 3369 siti
417 3316 585 3381 sunt„
634 3318 801 3371 erant
840 3310 1134 3394 quinque,
1187 3309 1608 3395 proripuerunt
1650 3331 1712 3371 se
1742 3310 1799 3371 in
1828 3307 2118 3386 Antrum,
2172 3311 2393 3373 circum

283 3406 441 3492 quod
470 3409 743 3493 apparuit
770 3407 940 3473 furve
970 3411 1250 3495 ignitum,
1302 3410 1535 3493 signum
1565 3409 1722 3495 quod
1760 3431 1877 3475 non
1923 3408 2065 3472 fides
2105 3430 2213 3473 nec
2257 3408 2397 3476 cha-

280 3506 429 3570 ritas
470 3507 596 3571 illis.
673 3508 760 3571 Ex
800 3508 890 3573 his
934 3518 1127 3595 patet,
1179 3510 1336 3593 quod
1372 3510 1693 3574 Decretum
1736 3509 2099 3600 Synodicum
2133 3510 2274 3575 illud
2320 3513 2393 3576 de

279 3590 857 3685 Praedestinatione‚
932 3632 1047 3673 non
1096 3609 1272 3674 modo
1311 3610 1386 3673 sit
1427 3610 1709 3677 Haeresis
1751 3611 1989 3689 insana,
2055 3611 2158 3678 sed
2214 3612 2393 3678 etiam

282 3705 567 3772 Haeresis
609 3710 890 3780 crudelis;
964 3731 1151 3796 quare
1198 3710 1553 3774 eradicanda
1597 3720 1684 3777 est
1723 3734 1755 3774 e
1800 3712 2065 3778 Cerebro
2097 3715 2284 3793 adeo,
2328 3722 2396 3777 ut

278 3826 356 3870 ne
396 3808 631 3894 quidem
680 3831 830 3874 unus
870 3831 1019 3899 apex
1058 3811 1184 3897 ejus
1204 3811 1482 3876 residuus
1510 3812 1601 3876 sit.

439 3912 586 3973 488
647 3910 929 3976 Immanis
968 3909 1143 3989 fides,
1191 3911 1350 3997 quod
1380 3912 1541 3976 Deus
1570 3911 1967 4001 praedestinet
2009 3898 2280 3978 homines
2318 3913 2395 3978 ad

264 4006 624 4087 bisernum,
693 4012 1029 4100 comparari
1087 4021 1280 4101 potest
1331 4032 1468 4077 cum
1528 4011 1898 4079 immanitate
1954 4022 2189 4099 patrum
2237 4013 2400 4128 apud

276 4109 563 4196 quasdam
605 4112 895 4178 barbaras
933 4123 1169 4199 gentes,
1222 4114 1326 4200 qui
1366 4114 1658 4179 lactantes
1685 4124 1746 4178 et
1773 4110 2029 4178 infantes
2057 4135 2196 4178 suos
2233 4112 2395 4199 ejici·

264 4219 385 4274 ·unt
428 4210 487 4275 in
519 4213 774 4302 plateas:
831 4224 894 4279 et
933 4235 1065 4279 cum
1106 4214 1477 4283 immanitate
1526 4214 1903 4302 quorundam
1943 4212 2236 4287 hostium,
2294 4221 2393 4296 qut
