2750 4775
466 369 573 417 1⁷³
692 354 1160 409 Uvassltsx
1195 354 1744 412 THEOLOGIA
1799 355 1865 410 N.
1909 354 1973 407 C.
2017 353 2122 407 ΕΤ
2164 353 2229 406 Ν.
2270 354 2332 408 Ε.

462 507 854 574 destructivus
880 506 1100 572 amoris
1123 505 1187 569 in
1218 491 1576 580 Dominum,
1630 524 1703 568 ac
1727 502 1803 567 de
1829 501 2091 570 effraeno
2118 524 2318 572 amore
2342 504 2535 580 mnndi,
2640 437 2663 562 l

463 607 622 696 quod
647 610 720 671 sit
746 608 1139 672 destructivus
1163 608 1383 671 amoris
1409 625 1551 691 erga
1582 604 1931 693 proximum.

540 779 547 784 ,
620 708 758 772 l'ost
784 705 933 773 haec
952 708 1296 797 supervenit
1322 707 1503 772 binos
1530 704 1790 791 Angelos
1833 714 1893 768 et
1932 728 2171 821 quoque
2213 725 2307 768 me
2344 653 2537 768 deside-

464 809 615 875 rium
645 803 880 871 videndi
908 809 1071 883 illos,
1124 808 1224 894 qui
1253 808 1314 871 in
1340 807 1816 894 concupiscentia
1845 806 2163 871 visionaria
2189 827 2292 871 seu
2323 803 2537 892 phanta-

461 910 547 976 sia
578 909 957 995 possessionis
983 908 1246 972 omnium
1275 928 1458 993 opum
1485 925 1557 970 ex
1583 923 1788 970 amore
1817 907 2016 971 mundi
2059 919 2225 978 sunt;
2280 916 2336 969 et
2370 924 2540 992 perce·

464 1011 659 1097 pimus
680 1009 839 1095 quod
868 1009 1221 1073 desiderium
1249 1007 1392 1072 illud
1418 1007 1808 1092 inspiraretur
1838 1007 1918 1070 ob
1956 1005 2131 1071 finem
2162 1017 2225 1072 ut
2258 1024 2540 1092 cognosce-

464 1119 709 1174 rentur:
761 1109 1074 1173 Domicilia
1113 1108 1353 1176 illorum
1393 1116 1564 1172 erant
1601 1107 1713 1171 sub
1754 1115 1914 1171 terra
1957 1107 2175 1195 pedum
2214 1117 2539 1179 nostrorum,

465 1221 527 1274 at
559 1229 739 1294 supra
778 1208 1104 1282 infernum,
1157 1229 1344 1295 quare
1390 1207 1724 1294 aspeximus
1762 1225 1869 1273 nos
1901 1218 2149 1286 mutuo,
2204 1217 2265 1272 et
2303 1206 2540 1279 diximus,

469 1331 703 1380 eamus;
756 1330 826 1374 ac
853 1312 975 1375 visa
1002 1320 1091 1374 est
1119 1317 1431 1396 apertura,
1484 1317 1542 1370 et
1581 1308 1661 1372 ibi
1688 1308 1879 1385 scala,
1934 1330 2040 1394 per
2074 1308 2234 1373 hanc
2272 1303 2542 1372 descendi-

469 1431 632 1485 mus,
675 1421 733 1474 et
762 1410 980 1475 dictum
1011 1421 1127 1486 est,
1171 1408 1331 1495 qnod
1360 1408 1614 1473 adeundi
1639 1408 1755 1473 sint
1782 1409 1859 1473 ab
1885 1410 2147 1485 oriente,
2190 1430 2265 1473 ne
2294 1409 2543 1472 intremus

466 1514 525 1576 in
570 1511 835 1576 nimbum
882 1511 1228 1597 phantasiae
1270 1509 1540 1585 illorum,
1592 1530 1662 1572 ac
1705 1508 2119 1573 inumbremur
2162 1509 2364 1598 quoad
2404 1505 2544 1569 intel·

466 1613 715 1688 lectum,
767 1621 826 1675 et
866 1621 1004 1676 tunc
1043 1609 1219 1678 simul
1254 1608 1455 1696 quoad
1497 1608 1716 1681 visum,
1772 1619 1827 1672 et
1871 1629 2018 1674 ecce.
2054 1610 2182 1675 visa
2224 1619 2315 1675 est
2352 1609 2544 1673 Domus

467 1720 692 1775 structa
722 1732 793 1775 ex
820 1711 1092 1788 calamis,
1141 1712 1227 1777 sic
1258 1710 1510 1785 rimosa,
1561 1718 1725 1774 stans
1767 1710 1826 1772 in
1867 1710 2101 1784 nimbo,
2139 1712 2261 1796 ,qui
2299 1710 2442 1773 sicut
2471 1705 2545 1770 iu*

467 1833 596 1878 mus
636 1813 915 1877 continue
960 1813 1180 1876 effluxit
1222 1829 1325 1898 per
1363 1811 1545 1873 rimas
1587 1810 1764 1873 trium
1813 1811 2136 1897 parietum;
2205 1809 2543 1882 intravimus,

465 1921 527 1975 et
555 1912 661 1976 visi
690 1921 826 1977 sunt
853 1912 1280 1998 qninquaginta
1304 1910 1405 1973 hic
1431 1920 1489 1973 et
1518 1911 1943 1997 quinquaginta
1984 1912 2067 1973 ibi
2097 1912 2374 1975 sedentes
2397 1927 2544 1994 super

463 2013 745 2089 scamnk,
797 2022 858 2076 et
886 2012 1078 2077 aversi
1108 2012 1184 2075 ab
1211 2012 1460 2076 Oriente
1487 2021 1544 2074 et
1576 2011 1826 2077 Meridie
1853 2011 2294 2099 prospiciebant
2321 2010 2391 2074 ad
2417 2007 2545 2078 occi·

466 2114 702 2177 dentem
734 2120 793 2176 et
822 2112 1312 2199 septentrionem;
1359 2120 1504 2176 ante
1526 2111 1847 2197 quemlibet
1871 2121 2001 2175 erat
2029 2132 2265 2188 mensa,
2318 2121 2375 2178 et
2402 2125 2546 2198 supet

465 2233 666 2276 mensa
699 2232 1018 2276 crumenae
1046 2211 1362 2284 distentae,
1417 2220 1479 2274 et
1505 2212 1727 2276 circum
1754 2225 2086 2276 crumenas
2106 2213 2281 2298 copia
2310 2231 2547 2284 nummo,-

467 2335 601 2377 tum
632 2333 980 2383 aureorum;
1035 2321 1097 2374 et
1131 2312 1599 2400 quaerehamus,
1648 2321 1784 2375 sunt
1810 2311 1911 2376 illa
1938 2332 2082 2399 opes
2107 2312 2378 2375 omnium
2401 2311 2547 2375 Mun·

464 2414 555 2487 di,
607 2413 915 2486 dicebant,
969 2434 1087 2478 non
1115 2414 1379 2480 omnium
1408 2413 1652 2490 Mundi,
1694 2414 1796 2477 sed
1824 2414 2087 2479 omnium
2116 2415 2353 2499 Regni3
2399 2429 2549 2478 sonus

468 2513 741 2597 loquelae
769 2511 999 2577 illorum
1029 2524 1157 2578 erat
1185 2514 1471 2587 sibilatis,
1523 2523 1581 2576 et
1622 2512 1727 2601 ipsi
1769 2513 2136 2602 apparebant
2176 2513 2333 2577 facie
2371 2521 2549 2578 rotun·

464 2613 573 2688 da,
625 2633 779 2697 quae
807 2614 1086 2679 rutilabat
1114 2614 1262 2680 sicut
1295 2634 1543 2699 squama
1586 2612 1896 2690 cochleae,
1948 2635 2020 2677 ac
2058 2614 2281 2701 pupilla
2324 2611 2474 2679 oculi
2501 2611 2549 2674 in

466 2711 642 2799 plano
686 2712 857 2776 viridi
900 2716 1065 2801 quasi
1106 2713 1481 2801 fulgurabat,
1536 2712 1692 2800 quod
1738 2725 1867 2778 erat
1907 2735 1980 2778 ex
2021 2715 2150 2779 luce
2196 2710 2552 2801 phantasiae:

461 2812 730 2876 stetimus
772 2814 830 2878 in
872 2815 1065 2881 medio
1113 2814 1382 2889 illorum,
1437 2822 1504 2877 et„
1539 2814 1827 2892 diximus,
1878 2814 2117 2879 creditis
2157 2815 2324 2900 quod
2373 2829 2553 2879 omnes

465 2932 609 2998 opes
659 2913 851 3000 Regni
905 2914 1278 3004 possideatis,
1345 2924 1408 2977 et
1457 2913 1917 3003 responderunt,
1985 2915 2386 3004 possidemus}
2439 2911 2554 2976 dein

466 3012 896 3097 quaesivimus,
947 3016 1079 3101 quis
1127 3024 1422 3086 vestrum;
1475 3014 1786 3088 dicebant,
1835 3015 2114 3103 quisque,
2166 3024 2227 3078 et
2283 3011 2555 3102 quaesivi·

463 3133 624 3188 mins,
699 3115 999 3200 quomodo
1047 3115 1326 3201 quisque,
1392 3116 1530 3179 estis
1572 3114 1769 3190 multi,
1837 3116 2147 3192 dicebant,
2199 3116 2451 3202 quisque
2496 3133 2555 3176 ex

463 3211 633 3276 nobis
657 3214 793 3289 scit,
848 3215 1007 3301 quod
1036 3217 1233 3280 omnia
1261 3214 1388 3299 ejus
1416 3235 1546 3278 mea
1575 3214 1721 3290 sint,
1775 3235 1891 3279 non
1921 3216 2056 3279 licet
2085 3215 2259 3281 alicui
2289 3216 2554 3303 cogitare,

462 3313 655 3377 minus
674 3312 909 3391 dicere,
965 3336 1093 3379 mea
1124 3336 1242 3381 non
1269 3325 1406 3379 sunt
1442 3324 1580 3389 tua,
1633 3314 1734 3379 sed
1775 3315 1910 3380 licet
1951 3316 2228 3401 cogitare.
2254 3324 2316 3379 et
2357 3317 2556 3392 dicere,

460 3421 564 3478 tua
605 3424 741 3479 sunt
770 3436 928 3479 mea:
981 3417 1206 3479 nummi
1233 3436 1413 3503 super
1444 3415 1663 3480 Mensis
1706 3416 2074 3502 apparebant
2112 3415 2264 3480 sicut
2302 3437 2378 3480 ex
2420 3436 2552 3479 auro

462 3534 642 3598 puro,
696 3515 874 3578 etiam
907 3535 1108 3579 coram
1135 3515 1338 3587 nobis,
1384 3514 1486 3579 sed
1516 3535 1648 3579 cum
1679 3516 2024 3581 immisimus
2048 3517 2240 3579 lucem
2269 3517 2348 3579 ab
2376 3518 2556 3581 orien-

459 3622 549 3688 te,
602 3623 772 3678 erant
803 3616 1048 3700 granula
1080 3617 1240 3691 auri,
1291 3636 1445 3701 quae
1489 3636 1593 3703 per
1638 3636 2011 3680 communem
2057 3616 2279 3680 unitam
2321 3617 2556 3705 phanta-

458 3713 604 3777 siam
645 3713 725 3776 ita
765 3714 1267 3801 magnifecerunt;
1323 3716 1600 3785 dicebant
1642 3717 1798 3802 quod
1842 3725 2114 3805 oporteat
2156 3735 2554 3803 quemcunque

459 3813 560 3900 qni
587 3811 800 3890 intrat,
850 3835 1048 3879 secum
1078 3815 1234 3881 serre
1262 3816 1483 3906 aliquid
1513 3818 1673 3891 auri,
1727 3818 1888 3904 quod
1914 3818 1975 3879 in
2004 3816 2284 3894 frustula,
2333 3828 2395 3885 et
2421 3818 2555 3882 haec

456 3913 518 3975 in
544 3915 792 3998 granula
820 3924 1052 3993 secant,
1091 3927 1149 3980 et
1177 3939 1283 4005 per
1307 3918 1428 3985 vim
1458 3915 1802 4002 phantasiae
1835 3918 2176 3982 unanimam
2204 3919 2267 3981 in
2294 3936 2556 3983 nummos

461 4012 791 4099 grandioris
818 4013 1045 4082 formae
1072 4016 1576 4108 amplificantuet
1615 4025 1759 4089 tunc
1798 4018 2080 4093 diximus,
2133 4017 2398 4087 fuistisne
2442 4012 2555 4081 nati

457 4112 725 4180 homines
750 4116 1025 4195 rationis,
1080 4118 1236 4184 unde
1256 4118 1373 4183 ⁴ista
1399 4115 1645 4194 fatuitas
1673 4118 1993 4184 visionaria
2024 4118 2191 4201 vobis
2229 4127 2346 4193 est;
2405 4118 2555 4183 dixe·

456 4222 625 4301 runt,
675 4216 889 4281 scimus
930 4217 1088 4304 quod
1120 4218 1359 4291 ,vanitas
1399 4216 1751 4303 imaginaria
1795 4219 1900 4295 sit,
1952 4218 2052 4285 sed
2098 4218 2237 4304 quia
2278 4216 2552 4308 jucundat
