2750 4775
195 355 971 410 ADDITAMENTUM.
1018 386 1082 397 —
1129 355 1750 412 MAHUMEDAM
1794 360 1881 413 IN
1924 359 2005 420 M.
2050 361 2165 416 SP.
2214 374 2320 424 353

191 508 507 576 Ecclesiae
551 508 764 595 quibus
802 509 1390 596 correspondebant,
1441 531 1544 574 seu
1578 532 1729 598 quae
1772 517 2318 600 repraesentabant,

193 621 250 675 et
279 611 428 673 inde
456 608 886 695 significabant
955 609 1098 674 Post
1129 620 1382 696 tempus,
1416 611 1654 698 quando
1682 614 1925 677 scientia
1957 615 2318 705 Correspon·

191 711 539 776 dentiarum
569 712 882 776 obliterata
911 708 1053 785 suit,
1109 712 1302 796 caepit
1332 710 1659 776 Posteritas
1703 712 1898 776 colere
1944 715 2069 801 ipsa
2106 717 2316 805 Sculp-

157 812 322 878 ⁴tilia
356 810 508 874 utin
534 832 596 876 se
625 822 864 884 sancta,
916 812 1240 875 nescientes
1282 798 1441 897 qnod
1483 809 1725 898 Antiqui
1750 813 2040 880 Parentes
2078 815 2313 881 illorum

188 934 319 978 non
352 911 604 977 viderint
634 911 853 998 aliquid
893 913 1092 974 sancti
1123 912 1182 973 in
1223 912 1365 987 illis,
1418 913 1519 976 sed
1556 913 1747 977 solum
1791 914 1948 1000 quod
1992 916 2314 981 secundum

189 1012 755 1099 correspondentias
807 1021 1319 1099 repraesentarent
1365 1013 1604 1077 Sancta.
1687 1013 1771 1077 Ex
1818 1014 1906 1078 his
1958 1024 2124 1079 ortae
2177 1025 2315 1081 sunt

190 1112 624 1187 Idololatriae,
675 1133 829 1198 quae
855 1113 1246 1198 impleverant
1277 1121 1363 1176 tot
1394 1113 1604 1197 Regna
1636 1114 1834 1184 Orbis.
1908 1114 1990 1184 Ut
2016 1115 2151 1180 illae
2180 1115 2316 1181 Ido-

191 1214 479 1280 lolatriae
509 1214 1011 1299 exstirparentur,
1061 1233 1131 1276 ex
1162 1211 1379 1277 Divina
1410 1214 1652 1278 Domini
1680 1214 2063 1280 Providentia
2090 1216 2313 1282 factum

192 1325 326 1390 est,
365 1323 430 1377 ut
457 1314 635 1378 Nova
668 1312 906 1399 Religio
932 1314 1120 1399 geniis
1144 1312 1541 1384 Orientalium
1573 1316 2017 1380 accommodata
2048 1319 2312 1402 auspica⁹

191 1424 407 1490 retur,
447 1416 505 1477 in
538 1435 656 1502 qua
684 1413 905 1501 aliquid
932 1433 1004 1476 ex
1032 1423 1285 1500 utroque
1313 1415 1701 1479 Testamento
1727 1414 1910 1480 Verbi
1940 1416 2119 1480 etiam
2145 1430 2316 1496 esset,

190 1524 254 1579 et
285 1535 442 1602 quae
471 1515 743 1590 doceret,
797 1515 955 1600 quod
989 1515 1279 1580 Dominus
1317 1516 1376 1580 in
1420 1516 1708 1580 Mundum
1741 1516 2000 1594 venerit,
2054 1527 2116 1582 et
2152 1519 2314 1605 quod

190 1616 501 1680 Ille‘esset
542 1614 836 1680 Maximus
865 1614 1203 1701 Propheta,
1254 1615 1730 1703 sapientissimus
1771 1618 2066 1693 omnium,
2118 1627 2175 1681 et
2219 1619 2315 1683 Fi·-
2424 1617 2433 1626 '

190 1717 316 1781 lius
341 1716 484 1779 Dei:
536 1715 652 1780 boc
677 1715 900 1780 factum
940 1725 1027 1779 est
1058 1737 1165 1802 per
1195 1715 1647 1793 Mabumedem,
1703 1738 1737 1779 a
1778 1739 1897 1802 quo
1939 1717 2173 1803 Religio
2212 1719 2311 1784 illa

194 1826 417 1883 vocata
447 1826 551 1882 est.
634 1817 721 1881 Ex
745 1816 836 1881 bis
864 1825 1057 1902 patet,
1102 1816 1258 1902 quod
1287 1816 1437 1880 haec
1463 1816 1697 1903 Religio
1725 1838 1793 1879 ex
1823 1817 2040 1881 Divina
2071 1819 2310 1883 Domini

192 1918 588 1986 Providentia
619 1918 967 1982 exsuscitata
1013 1916 1121 1991 sit,
1153 1937 1244 1979 *ac
1286 1916 1470 2003 geniis
1509 1918 1933 1992 Orientalium,
1986 1925 2047 1982 ut
2091 1919 2311 1983 dictum

193 2028 325 2092 est,
383 2018 862 2092 accommodata,
908 2018 986 2081 ob
1013 2017 1224 2094 finem,
1281 2028 1341 2080 ut
1373 2017 1600 2082 deleret
1636 2017 2000 2082 idololatrias
2040 2028 2127 2084 tot
2153 2018 2314 2084 Gen·-

192 2121 383 2194 tium,
436 2128 495 2182 et
521 2120 691 2184 daret
716 2121 973 2205 aliquam
1007 2118 1402 2203 cognitionem
1433 2118 1509 2182 de
1539 2118 1830 2190 Domino,
1886 2127 2203 2206 antequam
2248 2121 2311 2184 in

193 2219 498 2286 Mundum
533 2220 934 2310 spiritualem,
984 2218 1143 2303 quod
1183 2216 1247 2281 fit
1287 2227 1417 2307 post
1461 2228 1745 2295 mortem,
1800 2219 2103 2283 venirenu
2155 2242 2313 2307 quae

194 2319 441 2406 Religio
486 2341 604 2383 non
648 2329 886 2408 recepta
923 2318 1203 2384 fuissetw
1247 2328 1333 2382 tot
1375 2319 1629 2408 Regnis,
1683 2330 1740 2383 et
1788 2322 2070 2407 potuisset
2108 2321 2310 2386 Idolo-

195 2420 414 2483 latrias
451 2420 532 2482 ibi
570 2421 924 2506 exstirpare,
982 2419 1091 2483 nisi
1133 2421 1494 2486 conveniens
1538 2421 1683 2486 ideis
1728 2422 2152 2508 cogitationum
2184 2423 2315 2488 illo-

207 2540 345 2581 rum
400 2517 557 2588 facta
610 2529 794 2584 esset:
861 2521 1146 2606 imprimis
1199 2520 1307 2585 nisi
1353 2519 1705 2612 Polygamia
1760 2526 2038 2611 permissa
2087 2524 2310 2600 fuisset,

207 2618 394 2685 etiam
419 2639 491 2681 ex
524 2639 729 2696 causa,
782 2622 915 2707 quia
958 2621 1295 2687 Orientales
1334 2623 1560 2709 absque
1598 2623 1697 2689 illa
1740 2624 2126 2709 permissione
2167 2646 2309 2714 prae

202 2718 539 2806 Europaeis
565 2719 971 2806 flagravissent
999 2723 1058 2784 in
1083 2743 1295 2807 spurca
1325 2718 1663 2800 Adulteria,
1716 2734 1777 2787 et
1812 2724 2132 2811 periissent.

293 2822 481 2885 -.884
527 2821 842 2901 Quondam
871 2822 1074 2911 datum
1102 2831 1190 2886 est
1216 2823 1536 2911 percipere,
1564 2824 1764 2938 qualis·
1780 2833 1881 2887 est
1885 2823 2064 2887 Calor
2090 2823 2310 2887 amoris

197 2922 403 3011 Poly
369 2922 576 2986 “amici
603 2922 868 2997 illorum;
898 2903 1177 3007 loquutus
1202 2944 1329 2987 sum
1352 2946 1487 2987 cum
1509 2944 1644 2999 uno,
1668 2924 1766 3009 qui
1792 2923 1975 2987 vicem
2000 2921 2311 2987 mahume-

197 3023 290 3088 dis
318 3022 538 3098 obivit,
582 3033 641 3086 et
668 3023 940 3092 Vicarius
967 3023 1063 3087 ille
1092 3033 1221 3109 post
1249 3023 1510 3111 aliquam
1541 3024 1836 3110 loquelam
1866 3021 1941 3085 ad
1973 3022 2309 3086 distantiam

150 3111 158 3118 ’
195 3142 335 3187 ‘cum
366 3122 500 3198 illo,
556 3124 876 3188 transmisit
916 3123 989 3188 ad
1029 3142 1124 3187 me
1161 3123 1473 3188 cochleare
1514 3125 1767 3187 ebenum
1791 3172 1807 3198 ‚
1860 3133 1918 3186 et
1957 3122 2102 3196 alia,
2157 3141 2311 3206 quae

196 3232 373 3287 erant
405 3224 618 3288 indicia
649 3225 808 3311 quod
838 3224 914 3288 ab
941 3223 1042 3288 illo
1060 3248 1086 3296 ς·
1130 3233 1184 3287 et
1212 3224 1387 3288 simul
1421 3233 1562 3286 tunc
1604 3233 1806 3311 aperta
1851 3231 1940 3287 est
1984 3222 2313 3285 communi-

198 3324 374 3389 catio-
398 3346 430 3391 e
472 3325 650 3389 variis
676 3324 820 3389 locis
863 3347 970 3412 pro
1004 3323 1200 3387 calore
1229 3324 1448 3388 amoris
1476 3323 1846 3413 Polygamici
1888 3321 2156 3396 illorum,
2211 3323 2312 3410 qui

194 3445 410 3489 sensus
449 3436 535 3489 est
574 3445 609 3487 e
654 3425 1006 3511 quibusdam
1049 3424 1192 3489 locis
1230 3425 1382 3487 sicut
1420 3425 1583 3488 calor
1624 3426 1681 3487 in
1711 3423 2116 3511 Balneis-post
2148 3424 2314 3489 lava·

194 3525 425 3598 tiones;
481 3545 513 3587 e
545 3524 893 3610 quibusdam
929 3524 1079 3589 sicut
1106 3525 1270 3589 calor
1295 3525 1353 3588 in
1383 3523 1608 3589 Culinis
1649 3527 1747 3590 ubi
1787 3524 2044 3589 lixantur
2073 3545 2312 3599 carnes;

194 3646 231 3688 e
264 3624 615 3711 quibusdam
656 3626 807 3688 sicut
849 3627 1013 3689 calor
1052 3626 1109 3686 in
1138 3624 1381 3712 popinis
1406 3626 1527 3689 .ubi
1566 3626 1868 3690 esculenta
1908 3625 2126 3691 faetida
2157 3648 2317 3691 veno

157 3758 166 3762 ·
195 3712 472 3798 exstant3
526 3748 595 3788 ex
624 3726 976 3810 quibusdam
1010 3726 1162 3789 sicut
1202 3726 1260 3787 in
1288 3725 1558 3790 Cellariis
1601 3727 1759 3813 apud
1786 3725 2311 3813 pharmacopola-0»,

193 3825 307 3888 ubi
351 3825 578 3889 emulsa
623 3834 682 3889 et
725 3826 940 3892 similia
989 3837 1304 3911 parantum
1378 3849 1410 3889 e
1457 3822 2001 3914 quibusdam'sicut
2046 3826 2208 3891 calor
2252 3826 2315 3889 in

190 3925 525 4012 lupanariis
566 3937 623 3991 et
663 3924 903 4011 ¹ganeis;
957 3937 1017 3990 et
1056 3949 1088 3990 e
1128 3927 1484 4014 quibusdam
1527 3927 1680 3990 sicut
1725 3929 1785 3990 in
1831 3927 2157 4002 Tabernis,
2210 3924 2313 3990 ubi

194 4025 413 4112 pelles,
474 4028 638 4091 coria
666 4036 726 4090 et
757 4028 939 4092 calcei
970 4028 1338 4099 venduntur;
1392 4026 1592 4091 Galori
1620 4027 1712 4090 isti
1738 4028 1917 4091 etiam
1946 4026 2140 4090 inerat
2165 4025 2318 4089 sicut

196 4127 547 4201 rancidum,
617 4138 919 4192 austerum
961 4138 1022 4191 et
1065 4149 1242 4192 urens
1280 4147 1356 4190 ex
1395 4125 1722 4215 Zelotypia.
1791 4126 1971 4192 Calor
2015 4125 2319 4189 autem-in

195 4226 398 4293 Caelis
425 4225 803 4309 Christianis,
860 4228 1000 4294 dum
1034 4222 1378 4292 Jucundum
1421 4226 1641 4291 amoris
1682 4226 1919 4291 illorum
1959 4224 2212 4288 sentitur
2250 4233 2318 4287 *ut
