<?xml version="1.0" encoding="UTF-8"?>
<!DOCTYPE html PUBLIC "-//W3C//DTD XHTML 1.0 Transitional//EN"
    "http://www.w3.org/TR/xhtml1/DTD/xhtml1-transitional.dtd">
<html xmlns="http://www.w3.org/1999/xhtml" xml:lang="en" lang="en">
 <head>
  <title>
</title>
<meta http-equiv="Content-Type" content="text/html;charset=utf-8" />
  <meta name='ocr-system' content='tesseract 3.04.00' />
  <meta name='ocr-capabilities' content='ocr_page ocr_carea ocr_par ocr_line ocrx_word'/>
</head>
<body>
  <div class='ocr_page' id='page_1' title='image "./verachristianar00unkngoog_0138.png"; bbox 0 0 2750 4775; ppageno 0'>
   <div class='ocr_carea' id='block_1_1' title="bbox 442 336 2297 400">
    <p class='ocr_par' dir='ltr' id='par_1_1' title="bbox 442 336 2297 400">
     <span class='ocr_line' id='line_1_1' title="bbox 442 336 2297 400; baseline -0.004 -2"><span class='ocrx_word' id='word_1_1' title='bbox 442 352 546 400; x_wconf 78' lang='lat'>122</span> <span class='ocrx_word' id='word_1_2' title='bbox 670 336 1130 392; x_wconf 69' lang='lat' dir='ltr'><strong>UMVERSA</strong></span> <span class='ocrx_word' id='word_1_3' title='bbox 1180 338 1712 393; x_wconf 68' lang='lat' dir='ltr'><strong>THEOLOGIA</strong></span> <span class='ocrx_word' id='word_1_4' title='bbox 1761 340 1826 391; x_wconf 71' lang='lat' dir='ltr'>N.</span> <span class='ocrx_word' id='word_1_5' title='bbox 1869 339 1931 393; x_wconf 81' lang='lat' dir='ltr'>G.</span> <span class='ocrx_word' id='word_1_6' title='bbox 1971 339 2081 391; x_wconf 86' lang='grc' dir='ltr'>ΕΤ</span> <span class='ocrx_word' id='word_1_7' title='bbox 2122 340 2189 392; x_wconf 77' lang='lat' dir='ltr'>N.</span> <span class='ocrx_word' id='word_1_8' title='bbox 2233 340 2297 391; x_wconf 75' lang='grc' dir='ltr'>Ε.</span> 
     </span>
    </p>
   </div>
   <div class='ocr_carea' id='block_1_2' title="bbox 358 490 2543 4330">
    <p class='ocr_par' dir='ltr' id='par_1_2' title="bbox 435 490 2543 1291">
     <span class='ocr_line' id='line_1_2' title="bbox 435 490 2537 582; baseline 0 -23"><span class='ocrx_word' id='word_1_9' title='bbox 435 492 704 568; x_wconf 80' lang='lat' dir='ltr'>scentiis,</span> <span class='ocrx_word' id='word_1_10' title='bbox 758 501 819 556; x_wconf 90' lang='lat' dir='ltr'>et</span> <span class='ocrx_word' id='word_1_11' title='bbox 846 492 1001 580; x_wconf 81' lang='lat' dir='ltr'>quod</span> <span class='ocrx_word' id='word_1_12' title='bbox 1029 491 1103 557; x_wconf 86' lang='lat' dir='ltr'>sit</span> <span class='ocrx_word' id='word_1_13' title='bbox 1132 493 1284 558; x_wconf 87' lang='lat' dir='ltr'>sicut</span> <span class='ocrx_word' id='word_1_14' title='bbox 1311 492 1537 558; x_wconf 78' lang='lat' dir='ltr'>fructus</span> <span class='ocrx_word' id='word_1_15' title='bbox 1561 493 1714 558; x_wconf 88' lang='lat' dir='ltr'>intra</span> <span class='ocrx_word' id='word_1_16' title='bbox 1753 490 2119 579; x_wconf 82' lang='lat' dir='ltr'>superficiem</span> <span class='ocrx_word' id='word_1_17' title='bbox 2161 493 2368 582; x_wconf 84' lang='lat' dir='ltr'>plenus</span> <span class='ocrx_word' id='word_1_18' title='bbox 2404 516 2537 559; x_wconf 78' lang='lat' dir='ltr'>ver-</span> 
     </span>
     <span class='ocr_line' id='line_1_3' title="bbox 438 593 2539 683; baseline 0.001 -25"><span class='ocrx_word' id='word_1_19' title='bbox 438 595 632 671; x_wconf 80' lang='lat' dir='ltr'>mibus</span> <span class='ocrx_word' id='word_1_20' title='bbox 661 615 911 681; x_wconf 89' lang='lat' dir='ltr'>corpore</span> <span class='ocrx_word' id='word_1_21' title='bbox 938 593 1087 660; x_wconf 81' lang='lat' dir='ltr'>albis</span> <span class='ocrx_word' id='word_1_22' title='bbox 1111 616 1179 658; x_wconf 90' lang='lat' dir='ltr'>ac</span> <span class='ocrx_word' id='word_1_23' title='bbox 1206 595 1400 683; x_wconf 87' lang='lat' dir='ltr'>capite</span> <span class='ocrx_word' id='word_1_24' title='bbox 1426 595 1640 682; x_wconf 83' lang='lat' dir='ltr'>nigris,</span> <span class='ocrx_word' id='word_1_25' title='bbox 1694 606 1753 660; x_wconf 90' lang='lat' dir='ltr'>et</span> <span class='ocrx_word' id='word_1_26' title='bbox 1783 616 2020 682; x_wconf 83' lang='lat' dir='ltr'>qnoque</span> <span class='ocrx_word' id='word_1_27' title='bbox 2047 595 2207 681; x_wconf 88' lang='lat' dir='ltr'>quod</span> <span class='ocrx_word' id='word_1_28' title='bbox 2235 595 2394 660; x_wconf 81' lang='lat' dir='ltr'>rnala</span> <span class='ocrx_word' id='word_1_29' title='bbox 2424 597 2539 661; x_wconf 81' lang='lat' dir='ltr'>sint</span> 
     </span>
     <span class='ocr_line' id='line_1_4' title="bbox 439 696 2538 783; baseline 0.001 -24"><span class='ocrx_word' id='word_1_30' title='bbox 439 716 784 772; x_wconf 86' lang='lat' dir='ltr'>numerosa,</span> <span class='ocrx_word' id='word_1_31' title='bbox 836 704 894 758; x_wconf 85' lang='lat' dir='ltr'>et</span> <span class='ocrx_word' id='word_1_32' title='bbox 934 696 1088 760; x_wconf 87' lang='lat' dir='ltr'>inter</span> <span class='ocrx_word' id='word_1_33' title='bbox 1125 718 1189 760; x_wconf 86' lang='lat' dir='ltr'>se</span> <span class='ocrx_word' id='word_1_34' title='bbox 1214 697 1565 783; x_wconf 86' lang='lat' dir='ltr'>conjuncta,</span> <span class='ocrx_word' id='word_1_35' title='bbox 1614 696 1762 762; x_wconf 86' lang='lat' dir='ltr'>sicut</span> <span class='ocrx_word' id='word_1_36' title='bbox 1801 705 1889 760; x_wconf 80' lang='lat' dir='ltr'>est</span> <span class='ocrx_word' id='word_1_37' title='bbox 1928 697 2237 782; x_wconf 85' lang='lat' dir='ltr'>progenies</span> <span class='ocrx_word' id='word_1_38' title='bbox 2279 718 2538 762; x_wconf 81' lang='lat' dir='ltr'>araneae</span> 
     </span>
     <span class='ocr_line' id='line_1_5' title="bbox 438 796 2539 887; baseline -0 -27"><span class='ocrx_word' id='word_1_39' title='bbox 438 819 509 862; x_wconf 87' lang='lat' dir='ltr'>ex</span> <span class='ocrx_word' id='word_1_40' title='bbox 540 807 745 861; x_wconf 85' lang='lat' dir='ltr'>ventre</span> <span class='ocrx_word' id='word_1_41' title='bbox 772 798 896 882; x_wconf 85' lang='lat' dir='ltr'>ejus</span> <span class='ocrx_word' id='word_1_42' title='bbox 936 797 1185 882; x_wconf 74' lang='lat' dir='ltr'>primum</span> <span class='ocrx_word' id='word_1_43' title='bbox 1226 796 1494 874; x_wconf 82' lang='lat' dir='ltr'>exclusa,</span> <span class='ocrx_word' id='word_1_44' title='bbox 1549 818 1734 884; x_wconf 86' lang='lat' dir='ltr'>quare</span> <span class='ocrx_word' id='word_1_45' title='bbox 1771 797 1881 859; x_wconf 83' lang='lat' dir='ltr'>nisi</span> <span class='ocrx_word' id='word_1_46' title='bbox 1923 819 2103 861; x_wconf 88' lang='lat' dir='ltr'>unum</span> <span class='ocrx_word' id='word_1_47' title='bbox 2144 799 2362 861; x_wconf 80' lang='lat' dir='ltr'>rnatum</span> <span class='ocrx_word' id='word_1_48' title='bbox 2403 809 2539 887; x_wconf 80' lang='lat' dir='ltr'>post</span> 
     </span>
     <span class='ocr_line' id='line_1_6' title="bbox 438 897 2540 986; baseline 0 -22"><span class='ocrx_word' id='word_1_49' title='bbox 438 902 686 964; x_wconf 84' lang='lat' dir='ltr'>atterum</span> <span class='ocrx_word' id='word_1_50' title='bbox 714 899 1011 973; x_wconf 78' lang='lat' dir='ltr'>educitur,</span> <span class='ocrx_word' id='word_1_51' title='bbox 1064 907 1123 960; x_wconf 92' lang='lat' dir='ltr'>et</span> <span class='ocrx_word' id='word_1_52' title='bbox 1150 897 1265 962; x_wconf 86' lang='lat' dir='ltr'>hoc</span> <span class='ocrx_word' id='word_1_53' title='bbox 1304 920 1488 985; x_wconf 88' lang='lat' dir='ltr'>usque</span> <span class='ocrx_word' id='word_1_54' title='bbox 1524 900 1664 962; x_wconf 80' lang='lat' dir='ltr'>dum</span> <span class='ocrx_word' id='word_1_55' title='bbox 1708 897 1822 986; x_wconf 84' lang='lat' dir='ltr'>liga</span> <span class='ocrx_word' id='word_1_56' title='bbox 1864 907 2140 986; x_wconf 79' lang='lat' dir='ltr'>perrupta</span> <span class='ocrx_word' id='word_1_57' title='bbox 2180 908 2297 973; x_wconf 85' lang='lat' dir='ltr'>est,</span> <span class='ocrx_word' id='word_1_58' title='bbox 2357 900 2540 964; x_wconf 85' lang='lat' dir='ltr'>homo</span> 
     </span>
     <span class='ocr_line' id='line_1_7' title="bbox 435 997 2540 1085; baseline 0 -21"><span class='ocrx_word' id='word_1_59' title='bbox 435 1022 555 1064; x_wconf 90' lang='lat' dir='ltr'>non</span> <span class='ocrx_word' id='word_1_60' title='bbox 581 1009 773 1085; x_wconf 77' lang='lat' dir='ltr'>potest</span> <span class='ocrx_word' id='word_1_61' title='bbox 799 1020 991 1067; x_wconf 77' lang='lat' dir='ltr'>novus</span> <span class='ocrx_word' id='word_1_62' title='bbox 1017 997 1160 1063; x_wconf 85' lang='lat' dir='ltr'>fieri.</span> <span class='ocrx_word' id='word_1_63' title='bbox 1244 999 1422 1064; x_wconf 87' lang='lat' dir='ltr'>Haec</span> <span class='ocrx_word' id='word_1_64' title='bbox 1453 1000 1632 1064; x_wconf 83' lang='lat' dir='ltr'>allata</span> <span class='ocrx_word' id='word_1_65' title='bbox 1669 1009 1807 1064; x_wconf 82' lang='lat' dir='ltr'>sunt</span> <span class='ocrx_word' id='word_1_66' title='bbox 1843 1000 1923 1064; x_wconf 79' lang='lat' dir='ltr'>oh</span> <span class='ocrx_word' id='word_1_67' title='bbox 1967 1021 2235 1075; x_wconf 88' lang='lat' dir='ltr'>causam,</span> <span class='ocrx_word' id='word_1_68' title='bbox 2288 1012 2355 1064; x_wconf 89' lang='lat' dir='ltr'>ut</span> <span class='ocrx_word' id='word_1_69' title='bbox 2388 1002 2540 1065; x_wconf 86' lang='lat' dir='ltr'>scia-</span> 
     </span>
     <span class='ocr_line' id='line_1_8' title="bbox 437 1099 2543 1188; baseline -0 -21"><span class='ocrx_word' id='word_1_70' title='bbox 437 1112 567 1178; x_wconf 80' lang='lat' dir='ltr'>tur,</span> <span class='ocrx_word' id='word_1_71' title='bbox 618 1099 775 1188; x_wconf 82' lang='lat' dir='ltr'>quod</span> <span class='ocrx_word' id='word_1_72' title='bbox 832 1109 1117 1188; x_wconf 87' lang='lat' dir='ltr'>qnantum</span> <span class='ocrx_word' id='word_1_73' title='bbox 1173 1099 1304 1187; x_wconf 82' lang='lat' dir='ltr'>quis</span> <span class='ocrx_word' id='word_1_74' title='bbox 1353 1110 1771 1188; x_wconf 70' lang='lat' dir='ltr'>regeneratur,</span> <span class='ocrx_word' id='word_1_75' title='bbox 1842 1110 2068 1164; x_wconf 86' lang='lat' dir='ltr'>tantum</span> <span class='ocrx_word' id='word_1_76' title='bbox 2115 1112 2543 1166; x_wconf 77' lang='lat' dir='ltr'>removeantur</span> 
     </span>
     <span class='ocr_line' id='line_1_9' title="bbox 439 1211 695 1291; baseline -0.004 -25"><span class='ocrx_word' id='word_1_77' title='bbox 439 1211 695 1291; x_wconf 84' lang='lat' dir='ltr'>peccata.</span> 
     </span>
    </p>

    <p class='ocr_par' dir='ltr' id='par_1_3' title="bbox 358 1301 2541 2888">
     <span class='ocr_line' id='line_1_10' title="bbox 496 1301 2539 1388; baseline 0 -21"><span class='ocrx_word' id='word_1_78' title='bbox 496 1380 505 1385; x_wconf 38' lang='grc'>,</span> <span class='ocrx_word' id='word_1_79' title='bbox 592 1308 741 1369; x_wconf 78' lang='lat'><strong>612.</strong></span> <span class='ocrx_word' id='word_1_80' title='bbox 824 1304 1022 1383; x_wconf 81' lang='lat' dir='ltr'>Homo</span> <span class='ocrx_word' id='word_1_81' title='bbox 1062 1323 1095 1366; x_wconf 89' lang='lat' dir='ltr'>a</span> <span class='ocrx_word' id='word_1_82' title='bbox 1140 1301 1448 1367; x_wconf 71' lang='lat' dir='ltr'>nativitate</span> <span class='ocrx_word' id='word_1_83' title='bbox 1486 1303 1729 1367; x_wconf 82' lang='lat' dir='ltr'>inclinat</span> <span class='ocrx_word' id='word_1_84' title='bbox 1769 1304 1844 1367; x_wconf 86' lang='lat' dir='ltr'>ad</span> <span class='ocrx_word' id='word_1_85' title='bbox 1887 1302 2076 1367; x_wconf 85' lang='lat' dir='ltr'>omnis</span> <span class='ocrx_word' id='word_1_86' title='bbox 2099 1302 2333 1388; x_wconf 87' lang='lat' dir='ltr'>generis</span> <span class='ocrx_word' id='word_1_87' title='bbox 2360 1304 2539 1381; x_wconf 83' lang='lat' dir='ltr'>mala,</span> 
     </span>
     <span class='ocr_line' id='line_1_11' title="bbox 438 1402 2541 1492; baseline 0 -21"><span class='ocrx_word' id='word_1_88' title='bbox 438 1417 498 1472; x_wconf 90' lang='lat' dir='ltr'>et</span> <span class='ocrx_word' id='word_1_89' title='bbox 543 1424 615 1471; x_wconf 85' lang='lat' dir='ltr'>ex</span> <span class='ocrx_word' id='word_1_90' title='bbox 658 1402 1036 1470; x_wconf 70' lang='lat' dir='ltr'>inclinatione</span> <span class='ocrx_word' id='word_1_91' title='bbox 1082 1404 1439 1492; x_wconf 78' lang='lat' dir='ltr'>concupiscit</span> <span class='ocrx_word' id='word_1_92' title='bbox 1483 1404 1612 1482; x_wconf 78' lang='lat' dir='ltr'>issa,</span> <span class='ocrx_word' id='word_1_93' title='bbox 1676 1414 1735 1468; x_wconf 87' lang='lat' dir='ltr'>et</span> <span class='ocrx_word' id='word_1_94' title='bbox 1779 1413 2061 1489; x_wconf 86' lang='lat' dir='ltr'>quantum</span> <span class='ocrx_word' id='word_1_95' title='bbox 2109 1407 2169 1468; x_wconf 86' lang='lat' dir='ltr'>in</span> <span class='ocrx_word' id='word_1_96' title='bbox 2215 1403 2406 1470; x_wconf 90' lang='lat' dir='ltr'>libero</span> <span class='ocrx_word' id='word_1_97' title='bbox 2452 1415 2541 1472; x_wconf 82' lang='lat' dir='ltr'>est</span> 
     </span>
     <span class='ocr_line' id='line_1_12' title="bbox 438 1500 2538 1594; baseline -0.001 -21"><span class='ocrx_word' id='word_1_98' title='bbox 438 1510 617 1577; x_wconf 88' lang='lat' dir='ltr'>etiam</span> <span class='ocrx_word' id='word_1_99' title='bbox 658 1506 799 1571; x_wconf 79' lang='lat' dir='ltr'>facit</span> <span class='ocrx_word' id='word_1_100' title='bbox 834 1507 968 1583; x_wconf 76' lang='lat' dir='ltr'>iila,</span> <span class='ocrx_word' id='word_1_101' title='bbox 1018 1527 1153 1569; x_wconf 89' lang='lat' dir='ltr'>nam</span> <span class='ocrx_word' id='word_1_102' title='bbox 1196 1500 1233 1569; x_wconf 81' lang='lat' dir='ltr'>a</span> <span class='ocrx_word' id='word_1_103' title='bbox 1276 1506 1586 1572; x_wconf 84' lang='lat' dir='ltr'>nativitate</span> <span class='ocrx_word' id='word_1_104' title='bbox 1624 1505 1985 1593; x_wconf 84' lang='lat' dir='ltr'>concupiscit</span> <span class='ocrx_word' id='word_1_105' title='bbox 2028 1505 2319 1569; x_wconf 87' lang='lat' dir='ltr'>dominari</span> <span class='ocrx_word' id='word_1_106' title='bbox 2358 1529 2538 1594; x_wconf 85' lang='lat' dir='ltr'>super</span> 
     </span>
     <span class='ocr_line' id='line_1_13' title="bbox 434 1605 2536 1695; baseline -0.001 -20"><span class='ocrx_word' id='word_1_107' title='bbox 434 1611 613 1684; x_wconf 86' lang='lat' dir='ltr'>alios,</span> <span class='ocrx_word' id='word_1_108' title='bbox 664 1619 725 1672; x_wconf 88' lang='lat' dir='ltr'>et</span> <span class='ocrx_word' id='word_1_109' title='bbox 753 1607 1048 1695; x_wconf 87' lang='lat' dir='ltr'>possidere</span> <span class='ocrx_word' id='word_1_110' title='bbox 1079 1607 1233 1670; x_wconf 84' lang='lat' dir='ltr'>bona</span> <span class='ocrx_word' id='word_1_111' title='bbox 1260 1605 1541 1682; x_wconf 86' lang='lat' dir='ltr'>aliorum,</span> <span class='ocrx_word' id='word_1_112' title='bbox 1584 1627 1738 1693; x_wconf 87' lang='lat' dir='ltr'>quae</span> <span class='ocrx_word' id='word_1_113' title='bbox 1763 1607 1879 1670; x_wconf 89' lang='lat' dir='ltr'>duo</span> <span class='ocrx_word' id='word_1_114' title='bbox 1911 1606 2239 1673; x_wconf 84' lang='lat' dir='ltr'>discindunt</span> <span class='ocrx_word' id='word_1_115' title='bbox 2270 1628 2536 1673; x_wconf 84' lang='lat' dir='ltr'>amorem</span> 
     </span>
     <span class='ocr_line' id='line_1_14' title="bbox 436 1705 2529 1798; baseline -0.001 -23"><span class='ocrx_word' id='word_1_116' title='bbox 436 1731 577 1798; x_wconf 85' lang='lat' dir='ltr'>erga</span> <span class='ocrx_word' id='word_1_117' title='bbox 606 1711 952 1798; x_wconf 81' lang='lat' dir='ltr'>proximum,</span> <span class='ocrx_word' id='word_1_118' title='bbox 985 1718 1043 1771; x_wconf 90' lang='lat' dir='ltr'>et</span> <span class='ocrx_word' id='word_1_119' title='bbox 1072 1717 1214 1772; x_wconf 90' lang='lat' dir='ltr'>tunc</span> <span class='ocrx_word' id='word_1_120' title='bbox 1240 1705 1378 1771; x_wconf 88' lang='lat' dir='ltr'>odio</span> <span class='ocrx_word' id='word_1_121' title='bbox 1403 1706 1582 1772; x_wconf 84' lang='lat' dir='ltr'>habet</span> <span class='ocrx_word' id='word_1_122' title='bbox 1611 1728 2019 1795; x_wconf 82' lang='lat' dir='ltr'>quemcunque</span> <span class='ocrx_word' id='word_1_123' title='bbox 2049 1708 2161 1795; x_wconf 87' lang='lat' dir='ltr'>qui·</span> <span class='ocrx_word' id='word_1_124' title='bbox 2173 1730 2237 1773; x_wconf 89' lang='lat' dir='ltr'>se</span> <span class='ocrx_word' id='word_1_125' title='bbox 2262 1713 2529 1796; x_wconf 88' lang='lat' dir='ltr'>opponit,</span> 
     </span>
     <span class='ocr_line' id='line_1_15' title="bbox 436 1807 2538 1898; baseline -0.002 -20"><span class='ocrx_word' id='word_1_126' title='bbox 436 1823 495 1878; x_wconf 91' lang='lat' dir='ltr'>et</span> <span class='ocrx_word' id='word_1_127' title='bbox 522 1833 590 1875; x_wconf 82' lang='lat' dir='ltr'>ex</span> <span class='ocrx_word' id='word_1_128' title='bbox 621 1811 758 1875; x_wconf 87' lang='lat' dir='ltr'>odio</span> <span class='ocrx_word' id='word_1_129' title='bbox 787 1810 971 1898; x_wconf 85' lang='lat' dir='ltr'>spirat</span> <span class='ocrx_word' id='word_1_130' title='bbox 998 1807 1346 1882; x_wconf 82' lang='lat' dir='ltr'>vindictam,</span> <span class='ocrx_word' id='word_1_131' title='bbox 1385 1830 1538 1895; x_wconf 87' lang='lat' dir='ltr'>quae</span> <span class='ocrx_word' id='word_1_132' title='bbox 1564 1809 1718 1874; x_wconf 88' lang='lat' dir='ltr'>intus</span> <span class='ocrx_word' id='word_1_133' title='bbox 1744 1808 1910 1873; x_wconf 85' lang='lat' dir='ltr'>fovet</span> <span class='ocrx_word' id='word_1_134' title='bbox 1937 1826 2171 1883; x_wconf 85' lang='lat' dir='ltr'>necem;</span> <span class='ocrx_word' id='word_1_135' title='bbox 2223 1809 2361 1873; x_wconf 90' lang='lat' dir='ltr'>inde</span> <span class='ocrx_word' id='word_1_136' title='bbox 2393 1833 2538 1898; x_wconf 84' lang='lat' dir='ltr'>quo-</span> 
     </span>
     <span class='ocr_line' id='line_1_16' title="bbox 433 1906 2536 2002; baseline -0 -24"><span class='ocrx_word' id='word_1_137' title='bbox 433 1934 549 2002; x_wconf 89' lang='lat' dir='ltr'>que</span> <span class='ocrx_word' id='word_1_138' title='bbox 577 1920 695 1986; x_wconf 88' lang='lat' dir='ltr'>est,</span> <span class='ocrx_word' id='word_1_139' title='bbox 735 1909 892 1996; x_wconf 87' lang='lat' dir='ltr'>quod</span> <span class='ocrx_word' id='word_1_140' title='bbox 921 1909 1085 1973; x_wconf 84' lang='lat' dir='ltr'>nihili</span> <span class='ocrx_word' id='word_1_141' title='bbox 1115 1906 1291 1975; x_wconf 80' lang='lat' dir='ltr'>saciat</span> <span class='ocrx_word' id='word_1_142' title='bbox 1317 1909 1636 1985; x_wconf 84' lang='lat' dir='ltr'>adulteria‚&#39;</span> <span class='ocrx_word' id='word_1_143' title='bbox 1680 1909 1840 1974; x_wconf 86' lang='lat' dir='ltr'>nihili</span> <span class='ocrx_word' id='word_1_144' title='bbox 1868 1910 2356 1999; x_wconf 83' lang='lat' dir='ltr'>depraedationes</span> <span class='ocrx_word' id='word_1_145' title='bbox 2382 1933 2536 1998; x_wconf 87' lang='lat' dir='ltr'>qnae</span> 
     </span>
     <span class='ocr_line' id='line_1_17' title="bbox 434 2008 2537 2099; baseline -0.002 -18"><span class='ocrx_word' id='word_1_146' title='bbox 434 2024 573 2081; x_wconf 88' lang='lat' dir='ltr'>snnt</span> <span class='ocrx_word' id='word_1_147' title='bbox 609 2010 967 2077; x_wconf 82' lang='lat' dir='ltr'>clandestina</span> <span class='ocrx_word' id='word_1_148' title='bbox 1008 2008 1197 2088; x_wconf 78' lang='lat' dir='ltr'>furta,</span> <span class='ocrx_word' id='word_1_149' title='bbox 1250 2019 1309 2072; x_wconf 84' lang='lat' dir='ltr'>et</span> <span class='ocrx_word' id='word_1_150' title='bbox 1346 2010 1511 2074; x_wconf 84' lang='lat' dir='ltr'>nihiti</span> <span class='ocrx_word' id='word_1_151' title='bbox 1550 2011 1944 2099; x_wconf 76' lang='lat' dir='ltr'>blasphemias</span> <span class='ocrx_word' id='word_1_152' title='bbox 1987 2032 2137 2099; x_wconf 85' lang='lat' dir='ltr'>quae</span> <span class='ocrx_word' id='word_1_153' title='bbox 2181 2013 2358 2076; x_wconf 86' lang='lat' dir='ltr'>etiam</span> <span class='ocrx_word' id='word_1_154' title='bbox 2399 2023 2537 2077; x_wconf 88' lang='lat' dir='ltr'>sunt</span> 
     </span>
     <span class='ocr_line' id='line_1_18' title="bbox 435 2110 2533 2198; baseline -0.002 -16"><span class='ocrx_word' id='word_1_155' title='bbox 435 2116 581 2197; x_wconf 72' lang='lat' dir='ltr'>falsa</span> <span class='ocrx_word' id='word_1_156' title='bbox 608 2110 974 2187; x_wconf 86' lang='lat' dir='ltr'>testimonia,</span> <span class='ocrx_word' id='word_1_157' title='bbox 1015 2120 1072 2174; x_wconf 90' lang='lat' dir='ltr'>et</span> <span class='ocrx_word' id='word_1_158' title='bbox 1100 2113 1197 2198; x_wconf 90' lang='lat' dir='ltr'>qui</span> <span class='ocrx_word' id='word_1_159' title='bbox 1225 2110 1373 2176; x_wconf 90' lang='lat' dir='ltr'>haec</span> <span class='ocrx_word' id='word_1_160' title='bbox 1399 2121 1456 2175; x_wconf 91' lang='lat' dir='ltr'>et</span> <span class='ocrx_word' id='word_1_161' title='bbox 1485 2111 1583 2176; x_wconf 81' lang='lat' dir='ltr'>illa</span> <span class='ocrx_word' id='word_1_162' title='bbox 1613 2111 1775 2177; x_wconf 89' lang='lat' dir='ltr'>nihili</span> <span class='ocrx_word' id='word_1_163' title='bbox 1804 2111 1976 2188; x_wconf 85' lang='lat' dir='ltr'>facit,</span> <span class='ocrx_word' id='word_1_164' title='bbox 2015 2112 2112 2176; x_wconf 83' lang='lat' dir='ltr'>itte</span> <span class='ocrx_word' id='word_1_165' title='bbox 2142 2112 2319 2176; x_wconf 84' lang='lat' dir='ltr'>etiarn</span> <span class='ocrx_word' id='word_1_166' title='bbox 2356 2114 2533 2178; x_wconf 83' lang='lat' dir='ltr'>corde</span> 
     </span>
     <span class='ocr_line' id='line_1_19' title="bbox 436 2213 2533 2302; baseline -0.001 -19"><span class='ocrx_word' id='word_1_167' title='bbox 436 2216 645 2283; x_wconf 84' lang='lat' dir='ltr'>atheus</span> <span class='ocrx_word' id='word_1_168' title='bbox 671 2223 785 2287; x_wconf 86' lang='lat' dir='ltr'>est;</span> <span class='ocrx_word' id='word_1_169' title='bbox 843 2213 975 2277; x_wconf 79' lang='lat' dir='ltr'>tatis</span> <span class='ocrx_word' id='word_1_170' title='bbox 999 2223 1085 2278; x_wconf 83' lang='lat' dir='ltr'>est</span> <span class='ocrx_word' id='word_1_171' title='bbox 1116 2213 1294 2278; x_wconf 73' lang='lat' dir='ltr'>hoino</span> <span class='ocrx_word' id='word_1_172' title='bbox 1323 2235 1355 2276; x_wconf 89' lang='lat' dir='ltr'>a</span> <span class='ocrx_word' id='word_1_173' title='bbox 1387 2213 1695 2278; x_wconf 84' lang='lat' dir='ltr'>nativitate</span> <span class='ocrx_word' id='word_1_174' title='bbox 1711 2242 1732 2287; x_wconf 88' lang='lat'>;-</span> <span class='ocrx_word' id='word_1_175' title='bbox 1778 2232 1850 2279; x_wconf 81' lang='lat' dir='ltr'>ex</span> <span class='ocrx_word' id='word_1_176' title='bbox 1878 2213 2094 2302; x_wconf 87' lang='lat' dir='ltr'>quihus</span> <span class='ocrx_word' id='word_1_177' title='bbox 2128 2223 2320 2302; x_wconf 85' lang='lat' dir='ltr'>patet,</span> <span class='ocrx_word' id='word_1_178' title='bbox 2376 2215 2533 2301; x_wconf 87' lang='lat' dir='ltr'>quod</span> 
     </span>
     <span class='ocr_line' id='line_1_20' title="bbox 437 2313 2531 2404; baseline -0.002 -20"><span class='ocrx_word' id='word_1_179' title='bbox 437 2341 508 2384; x_wconf 82' lang='lat' dir='ltr'>ex</span> <span class='ocrx_word' id='word_1_180' title='bbox 533 2315 646 2380; x_wconf 89' lang='lat' dir='ltr'>hac</span> <span class='ocrx_word' id='word_1_181' title='bbox 667 2316 741 2380; x_wconf 88' lang='lat' dir='ltr'>sit</span> <span class='ocrx_word' id='word_1_182' title='bbox 768 2318 827 2377; x_wconf 89' lang='lat' dir='ltr'>in</span> <span class='ocrx_word' id='word_1_183' title='bbox 857 2314 1094 2380; x_wconf 87' lang='lat' dir='ltr'>minima</span> <span class='ocrx_word' id='word_1_184' title='bbox 1121 2313 1309 2402; x_wconf 88' lang='lat' dir='ltr'>effigie</span> <span class='ocrx_word' id='word_1_185' title='bbox 1335 2314 1648 2380; x_wconf 81' lang='lat' dir='ltr'>infernum.</span> <span class='ocrx_word' id='word_1_186' title='bbox 1729 2315 1907 2380; x_wconf 85' lang='lat' dir='ltr'>Nunc</span> <span class='ocrx_word' id='word_1_187' title='bbox 1946 2314 2084 2403; x_wconf 87' lang='lat' dir='ltr'>quia</span> <span class='ocrx_word' id='word_1_188' title='bbox 2125 2314 2304 2380; x_wconf 84' lang='lat' dir='ltr'>homo</span> <span class='ocrx_word' id='word_1_189' title='bbox 2335 2316 2531 2404; x_wconf 85' lang='lat' dir='ltr'>quoad</span> 
     </span>
     <span class='ocr_line' id='line_1_21' title="bbox 437 2409 2534 2505; baseline -0 -23"><span class='ocrx_word' id='word_1_190' title='bbox 437 2419 718 2483; x_wconf 84' lang='lat' dir='ltr'>interiora</span> <span class='ocrx_word' id='word_1_191' title='bbox 771 2417 978 2488; x_wconf 82' lang='lat' dir='ltr'>mentis</span> <span class='ocrx_word' id='word_1_192' title='bbox 1010 2417 1163 2482; x_wconf 75' lang='lat' dir='ltr'>¹suae</span> <span class='ocrx_word' id='word_1_193' title='bbox 1209 2427 1383 2482; x_wconf 87' lang='lat' dir='ltr'>natus</span> <span class='ocrx_word' id='word_1_194' title='bbox 1428 2409 1517 2482; x_wconf 78' lang='lat' dir='ltr'>est</span> <span class='ocrx_word' id='word_1_195' title='bbox 1558 2415 1906 2505; x_wconf 80' lang='lat' dir='ltr'>spiritualis,</span> <span class='ocrx_word' id='word_1_196' title='bbox 1956 2437 2123 2483; x_wconf 89' lang='lat' dir='ltr'>secus</span> <span class='ocrx_word' id='word_1_197' title='bbox 2178 2439 2247 2481; x_wconf 87' lang='lat' dir='ltr'>ac</span> <span class='ocrx_word' id='word_1_198' title='bbox 2291 2418 2534 2495; x_wconf 79' lang='lat' dir='ltr'>bestiae,</span> 
     </span>
     <span class='ocr_line' id='line_1_22' title="bbox 358 2517 2540 2605; baseline 0.001 -22"><span class='ocrx_word' id='word_1_199' title='bbox 358 2519 369 2542; x_wconf 70' lang='lat'>⁸</span> <span class='ocrx_word' id='word_1_200' title='bbox 437 2527 864 2605; x_wconf 86' lang='lat' dir='ltr'>consequenter</span> <span class='ocrx_word' id='word_1_201' title='bbox 891 2529 1063 2584; x_wconf 84' lang='lat' dir='ltr'>natus</span> <span class='ocrx_word' id='word_1_202' title='bbox 1090 2518 1163 2600; x_wconf 75' lang='lat' dir='ltr'>ad</span> <span class='ocrx_word' id='word_1_203' title='bbox 1192 2518 1451 2593; x_wconf 82' lang='lat' dir='ltr'>caelum,</span> <span class='ocrx_word' id='word_1_204' title='bbox 1502 2526 1563 2582; x_wconf 82' lang='lat' dir='ltr'>et</span> <span class='ocrx_word' id='word_1_205' title='bbox 1589 2528 1788 2582; x_wconf 88' lang='lat' dir='ltr'>tamen</span> <span class='ocrx_word' id='word_1_206' title='bbox 1819 2517 2103 2584; x_wconf 81' lang='lat' dir='ltr'>naturalis</span> <span class='ocrx_word' id='word_1_207' title='bbox 2126 2539 2230 2584; x_wconf 88' lang='lat' dir='ltr'>seu</span> <span class='ocrx_word' id='word_1_208' title='bbox 2258 2527 2540 2599; x_wconf 60' lang='lat' dir='ltr'>externus</span> 
     </span>
     <span class='ocr_line' id='line_1_23' title="bbox 434 2619 2535 2707; baseline 0 -24"><span class='ocrx_word' id='word_1_209' title='bbox 434 2622 560 2707; x_wconf 88' lang='lat' dir='ltr'>ejus</span> <span class='ocrx_word' id='word_1_210' title='bbox 582 2619 789 2690; x_wconf 79' lang='lat' dir='ltr'>horno,</span> <span class='ocrx_word' id='word_1_211' title='bbox 846 2628 935 2685; x_wconf 90' lang='lat' dir='ltr'>est</span> <span class='ocrx_word' id='word_1_212' title='bbox 962 2629 1029 2685; x_wconf 90' lang='lat' dir='ltr'>ut</span> <span class='ocrx_word' id='word_1_213' title='bbox 1052 2619 1301 2694; x_wconf 80' lang='lat' dir='ltr'>dictum,</span> <span class='ocrx_word' id='word_1_214' title='bbox 1355 2620 1414 2681; x_wconf 89' lang='lat' dir='ltr'>in</span> <span class='ocrx_word' id='word_1_215' title='bbox 1456 2620 1695 2684; x_wconf 84' lang='lat' dir='ltr'>minima</span> <span class='ocrx_word' id='word_1_216' title='bbox 1737 2620 1922 2705; x_wconf 84' lang='lat' dir='ltr'>effigie</span> <span class='ocrx_word' id='word_1_217' title='bbox 1959 2619 2288 2696; x_wconf 80' lang='lat' dir='ltr'>infernum,</span> <span class='ocrx_word' id='word_1_218' title='bbox 2341 2621 2535 2707; x_wconf 87' lang='lat' dir='ltr'>sequi·</span> 
     </span>
     <span class='ocr_line' id='line_1_24' title="bbox 436 2717 2536 2809; baseline 0 -24"><span class='ocrx_word' id='word_1_219' title='bbox 436 2732 535 2786; x_wconf 82' lang='lat' dir='ltr'>tut</span> <span class='ocrx_word' id='word_1_220' title='bbox 576 2720 733 2809; x_wconf 86' lang='lat' dir='ltr'>quod</span> <span class='ocrx_word' id='word_1_221' title='bbox 776 2722 1003 2806; x_wconf 77' lang='lat' dir='ltr'>caelum</span> <span class='ocrx_word' id='word_1_222' title='bbox 1047 2742 1166 2786; x_wconf 87' lang='lat' dir='ltr'>non</span> <span class='ocrx_word' id='word_1_223' title='bbox 1207 2717 1560 2808; x_wconf 81' lang='lat' dir='ltr'>implantari·</span> <span class='ocrx_word' id='word_1_224' title='bbox 1588 2722 1767 2807; x_wconf 84' lang='lat' dir='ltr'>possit</span> <span class='ocrx_word' id='word_1_225' title='bbox 1807 2720 2070 2795; x_wconf 85' lang='lat' dir='ltr'>inferno,</span> <span class='ocrx_word' id='word_1_226' title='bbox 2139 2721 2244 2785; x_wconf 84' lang='lat' dir='ltr'>nisi</span> <span class='ocrx_word' id='word_1_227' title='bbox 2290 2718 2407 2785; x_wconf 86' lang='lat' dir='ltr'>hoc</span> <span class='ocrx_word' id='word_1_228' title='bbox 2447 2742 2536 2785; x_wconf 82' lang='lat' dir='ltr'>re·</span> 
     </span>
     <span class='ocr_line' id='line_1_25' title="bbox 435 2832 1309 2888; baseline -0.013 -1"><span class='ocrx_word' id='word_1_229' title='bbox 435 2832 761 2888; x_wconf 84' lang='lat' dir='ltr'>moveatur.</span> <span class='ocrx_word' id='word_1_230' title='bbox 1302 2853 1309 2860; x_wconf 44' lang='grc'><em>’</em></span> 
     </span>
    </p>

    <p class='ocr_par' dir='ltr' id='par_1_4' title="bbox 431 2922 2537 4330">
     <span class='ocr_line' id='line_1_26' title="bbox 592 2922 2535 3008; baseline 0.001 -21"><span class='ocrx_word' id='word_1_231' title='bbox 592 2927 738 2987; x_wconf 75' lang='grc'><strong>613.</strong></span> <span class='ocrx_word' id='word_1_232' title='bbox 819 2924 937 3005; x_wconf 84' lang='lat' dir='ltr'>Qui</span> <span class='ocrx_word' id='word_1_233' title='bbox 981 2923 1177 2997; x_wconf 86' lang='lat' dir='ltr'>novit,</span> <span class='ocrx_word' id='word_1_234' title='bbox 1230 2923 1530 3008; x_wconf 83' lang='lat' dir='ltr'>quomodo</span> <span class='ocrx_word' id='word_1_235' title='bbox 1558 2923 1800 2988; x_wconf 81' lang='lat' dir='ltr'>Caelum</span> <span class='ocrx_word' id='word_1_236' title='bbox 1842 2933 1902 2986; x_wconf 85' lang='lat' dir='ltr'>et</span> <span class='ocrx_word' id='word_1_237' title='bbox 1938 2922 2241 2988; x_wconf 72' lang='lat' dir='ltr'>Internum</span> <span class='ocrx_word' id='word_1_238' title='bbox 2281 2923 2438 2987; x_wconf 87' lang='lat' dir='ltr'>inter</span> <span class='ocrx_word' id='word_1_239' title='bbox 2472 2942 2535 2988; x_wconf 86' lang='lat' dir='ltr'>se</span> 
     </span>
     <span class='ocr_line' id='line_1_27' title="bbox 435 3024 2537 3112; baseline -0.003 -19"><span class='ocrx_word' id='word_1_240' title='bbox 435 3034 603 3100; x_wconf 85' lang='lat' dir='ltr'>sunt,</span> <span class='ocrx_word' id='word_1_241' title='bbox 652 3035 713 3089; x_wconf 87' lang='lat' dir='ltr'>et</span> <span class='ocrx_word' id='word_1_242' title='bbox 738 3024 1038 3111; x_wconf 85' lang='lat' dir='ltr'>quomodo</span> <span class='ocrx_word' id='word_1_243' title='bbox 1054 3034 1408 3108; x_wconf 64' lang='lat' dir='ltr'>‚removetur</span> <span class='ocrx_word' id='word_1_244' title='bbox 1434 3047 1615 3089; x_wconf 84' lang='lat' dir='ltr'>unum</span> <span class='ocrx_word' id='word_1_245' title='bbox 1641 3025 1720 3089; x_wconf 91' lang='lat' dir='ltr'>ab</span> <span class='ocrx_word' id='word_1_246' title='bbox 1748 3025 1968 3099; x_wconf 85' lang='lat' dir='ltr'>altero,</span> <span class='ocrx_word' id='word_1_247' title='bbox 2019 3025 2115 3089; x_wconf 85' lang='lat' dir='ltr'>ille</span> <span class='ocrx_word' id='word_1_248' title='bbox 2142 3045 2312 3088; x_wconf 84' lang='lat' dir='ltr'>nosse</span> <span class='ocrx_word' id='word_1_249' title='bbox 2343 3032 2537 3112; x_wconf 80' lang='lat' dir='ltr'>potest</span> 
     </span>
     <span class='ocr_line' id='line_1_28' title="bbox 435 3121 2534 3216; baseline -0.001 -23"><span class='ocrx_word' id='word_1_250' title='bbox 435 3126 737 3216; x_wconf 79' lang='lat' dir='ltr'>quomodo</span> <span class='ocrx_word' id='word_1_251' title='bbox 782 3126 959 3191; x_wconf 83' lang='lat' dir='ltr'>homo</span> <span class='ocrx_word' id='word_1_252' title='bbox 1003 3136 1420 3215; x_wconf 77' lang='lat' dir='ltr'>regeneratur,</span> <span class='ocrx_word' id='word_1_253' title='bbox 1491 3136 1557 3189; x_wconf 86' lang='lat' dir='ltr'>ut</span> <span class='ocrx_word' id='word_1_254' title='bbox 1600 3136 1657 3193; x_wconf 85' lang='lat' dir='ltr'>et</span> <span class='ocrx_word' id='word_1_255' title='bbox 1700 3121 1887 3213; x_wconf 79' lang='lat' dir='ltr'>qualis</span> <span class='ocrx_word' id='word_1_256' title='bbox 1925 3126 2104 3191; x_wconf 85' lang='lat' dir='ltr'>homo</span> <span class='ocrx_word' id='word_1_257' title='bbox 2149 3134 2534 3210; x_wconf 85' lang='lat' dir='ltr'>regeneratus</span> 
     </span>
     <span class='ocr_line' id='line_1_29' title="bbox 435 3223 2533 3314; baseline -0.002 -20"><span class='ocrx_word' id='word_1_258' title='bbox 435 3238 552 3304; x_wconf 90' lang='lat' dir='ltr'>est;</span> <span class='ocrx_word' id='word_1_259' title='bbox 607 3239 669 3293; x_wconf 90' lang='lat' dir='ltr'>ut</span> <span class='ocrx_word' id='word_1_260' title='bbox 702 3229 824 3293; x_wconf 84' lang='lat' dir='ltr'>hoc</span> <span class='ocrx_word' id='word_1_261' title='bbox 863 3227 1243 3314; x_wconf 80' lang='lat' dir='ltr'>intelligatur,</span> <span class='ocrx_word' id='word_1_262' title='bbox 1281 3230 1340 3291; x_wconf 87' lang='lat' dir='ltr'>in</span> <span class='ocrx_word' id='word_1_263' title='bbox 1367 3227 1690 3293; x_wconf 73' lang='lat' dir='ltr'>summario</span> <span class='ocrx_word' id='word_1_264' title='bbox 1723 3227 2141 3314; x_wconf 79' lang='lat' dir='ltr'>propalabitur</span> <span class='ocrx_word' id='word_1_265' title='bbox 2177 3225 2324 3303; x_wconf 71' lang='lat' dir='ltr'>hoc,</span> <span class='ocrx_word' id='word_1_266' title='bbox 2371 3223 2533 3313; x_wconf 88' lang='lat' dir='ltr'>quod</span> 
     </span>
     <span class='ocr_line' id='line_1_30' title="bbox 437 3328 2536 3417; baseline -0.003 -21"><span class='ocrx_word' id='word_1_267' title='bbox 437 3353 641 3396; x_wconf 89' lang='lat' dir='ltr'>omnes</span> <span class='ocrx_word' id='word_1_268' title='bbox 678 3331 776 3417; x_wconf 88' lang='lat' dir='ltr'>qui</span> <span class='ocrx_word' id='word_1_269' title='bbox 817 3330 876 3391; x_wconf 88' lang='lat' dir='ltr'>in</span> <span class='ocrx_word' id='word_1_270' title='bbox 906 3328 1084 3393; x_wconf 88' lang='lat' dir='ltr'>Caelo</span> <span class='ocrx_word' id='word_1_271' title='bbox 1110 3340 1282 3405; x_wconf 85' lang='lat' dir='ltr'>sunt,</span> <span class='ocrx_word' id='word_1_272' title='bbox 1336 3329 1621 3415; x_wconf 82' lang='lat' dir='ltr'>aspiciant</span> <span class='ocrx_word' id='word_1_273' title='bbox 1652 3328 1971 3392; x_wconf 86' lang='lat' dir='ltr'>Dominum</span> <span class='ocrx_word' id='word_1_274' title='bbox 2004 3350 2038 3393; x_wconf 92' lang='lat' dir='ltr'>a</span> <span class='ocrx_word' id='word_1_275' title='bbox 2079 3328 2258 3402; x_wconf 77' lang='lat' dir='ltr'>facie,</span> <span class='ocrx_word' id='word_1_276' title='bbox 2305 3335 2371 3391; x_wconf 77' lang='lat' dir='ltr'>et</span> <span class='ocrx_word' id='word_1_277' title='bbox 2409 3347 2536 3392; x_wconf 83' lang='lat' dir='ltr'>om-</span> 
     </span>
     <span class='ocr_line' id='line_1_31' title="bbox 433 3417 2531 3518; baseline -0.002 -21"><span class='ocrx_word' id='word_1_278' title='bbox 433 3454 538 3497; x_wconf 88' lang='lat' dir='ltr'>nes</span> <span class='ocrx_word' id='word_1_279' title='bbox 568 3434 664 3518; x_wconf 83' lang='lat' dir='ltr'>qui</span> <span class='ocrx_word' id='word_1_280' title='bbox 692 3432 752 3495; x_wconf 89' lang='lat' dir='ltr'>in</span> <span class='ocrx_word' id='word_1_281' title='bbox 781 3417 1024 3495; x_wconf 80' lang='lat' dir='ltr'>Inferno</span> <span class='ocrx_word' id='word_1_282' title='bbox 1048 3440 1214 3505; x_wconf 82' lang='lat' dir='ltr'>sunt,</span> <span class='ocrx_word' id='word_1_283' title='bbox 1247 3436 1524 3496; x_wconf 78' lang='lat' dir='ltr'>avertant</span> <span class='ocrx_word' id='word_1_284' title='bbox 1549 3426 1759 3494; x_wconf 82' lang='lat' dir='ltr'>faciem</span> <span class='ocrx_word' id='word_1_285' title='bbox 1788 3449 1822 3492; x_wconf 92' lang='lat' dir='ltr'>a</span> <span class='ocrx_word' id='word_1_286' title='bbox 1852 3430 2141 3510; x_wconf 87' lang='lat' dir='ltr'>Domino,</span> <span class='ocrx_word' id='word_1_287' title='bbox 2181 3449 2362 3516; x_wconf 87' lang='lat' dir='ltr'>quare</span> <span class='ocrx_word' id='word_1_288' title='bbox 2392 3428 2531 3492; x_wconf 81' lang='lat' dir='ltr'>dum</span> 
     </span>
     <span class='ocr_line' id='line_1_32' title="bbox 432 3528 2530 3620; baseline -0 -25"><span class='ocrx_word' id='word_1_289' title='bbox 432 3556 464 3595; x_wconf 87' lang='lat' dir='ltr'>e</span> <span class='ocrx_word' id='word_1_290' title='bbox 494 3533 674 3597; x_wconf 84' lang='lat' dir='ltr'>Caelo</span> <span class='ocrx_word' id='word_1_291' title='bbox 702 3530 1008 3620; x_wconf 88' lang='lat' dir='ltr'>inspicitur</span> <span class='ocrx_word' id='word_1_292' title='bbox 1039 3528 1362 3604; x_wconf 86' lang='lat' dir='ltr'>infernum,</span> <span class='ocrx_word' id='word_1_293' title='bbox 1418 3539 1703 3619; x_wconf 88' lang='lat' dir='ltr'>apparent</span> <span class='ocrx_word' id='word_1_294' title='bbox 1729 3530 1907 3594; x_wconf 78' lang='lat' dir='ltr'>modo</span> <span class='ocrx_word' id='word_1_295' title='bbox 1940 3530 2216 3617; x_wconf 83' lang='lat' dir='ltr'>occipitio</span> <span class='ocrx_word' id='word_1_296' title='bbox 2240 3539 2299 3594; x_wconf 86' lang='lat' dir='ltr'>et</span> <span class='ocrx_word' id='word_1_297' title='bbox 2329 3540 2530 3617; x_wconf 68' lang='lat' dir='ltr'>tergm</span> 
     </span>
     <span class='ocr_line' id='line_1_33' title="bbox 433 3623 2534 3719; baseline -0.001 -23"><span class='ocrx_word' id='word_1_298' title='bbox 433 3633 552 3698; x_wconf 88' lang='lat' dir='ltr'>imo</span> <span class='ocrx_word' id='word_1_299' title='bbox 579 3634 754 3697; x_wconf 89' lang='lat' dir='ltr'>etiam</span> <span class='ocrx_word' id='word_1_300' title='bbox 783 3641 1072 3718; x_wconf 86' lang='lat' dir='ltr'>apparent</span> <span class='ocrx_word' id='word_1_301' title='bbox 1096 3632 1248 3695; x_wconf 86' lang='lat' dir='ltr'>sicut</span> <span class='ocrx_word' id='word_1_302' title='bbox 1273 3630 1491 3697; x_wconf 81' lang='lat' dir='ltr'>inversi</span> <span class='ocrx_word' id='word_1_303' title='bbox 1521 3639 1585 3695; x_wconf 85' lang='lat' dir='ltr'>ut</span> <span class='ocrx_word' id='word_1_304' title='bbox 1612 3623 1917 3719; x_wconf 72' lang='lat' dir='ltr'>antipodes</span> <span class='ocrx_word' id='word_1_305' title='bbox 1947 3631 2189 3719; x_wconf 82' lang='lat' dir='ltr'>pedibus</span> <span class='ocrx_word' id='word_1_306' title='bbox 2213 3651 2444 3702; x_wconf 82' lang='lat' dir='ltr'>sursum</span> <span class='ocrx_word' id='word_1_307' title='bbox 2475 3639 2534 3694; x_wconf 90' lang='lat' dir='ltr'>et</span> 
     </span>
     <span class='ocr_line' id='line_1_34' title="bbox 435 3731 2534 3821; baseline -0.002 -23"><span class='ocrx_word' id='word_1_308' title='bbox 435 3732 723 3821; x_wconf 77' lang='lat' dir='ltr'>capitibus</span> <span class='ocrx_word' id='word_1_309' title='bbox 747 3733 1056 3808; x_wconf 84' lang='lat' dir='ltr'>deorsum,</span> <span class='ocrx_word' id='word_1_310' title='bbox 1109 3742 1167 3797; x_wconf 90' lang='lat' dir='ltr'>et</span> <span class='ocrx_word' id='word_1_311' title='bbox 1193 3731 1307 3795; x_wconf 89' lang='lat' dir='ltr'>hoc</span> <span class='ocrx_word' id='word_1_312' title='bbox 1339 3733 1567 3798; x_wconf 88' lang='lat' dir='ltr'>tametsi</span> <span class='ocrx_word' id='word_1_313' title='bbox 1595 3733 1900 3800; x_wconf 85' lang='lat' dir='ltr'>ambulant</span> <span class='ocrx_word' id='word_1_314' title='bbox 1938 3755 2113 3820; x_wconf 77' lang='lat' dir='ltr'>supet·</span> <span class='ocrx_word' id='word_1_315' title='bbox 2148 3731 2422 3821; x_wconf 67' lang='lat' dir='ltr'>pedibus»,</span> <span class='ocrx_word' id='word_1_316' title='bbox 2472 3739 2534 3795; x_wconf 84' lang='lat' dir='ltr'>et</span> 
     </span>
     <span class='ocr_line' id='line_1_35' title="bbox 432 3833 2531 3922; baseline -0.001 -24"><span class='ocrx_word' id='word_1_317' title='bbox 432 3833 614 3899; x_wconf 84' lang='lat' dir='ltr'>facies</span> <span class='ocrx_word' id='word_1_318' title='bbox 659 3835 1159 3909; x_wconf 85' lang='lat' dir='ltr'>circumvertunt,</span> <span class='ocrx_word' id='word_1_319' title='bbox 1238 3852 1374 3895; x_wconf 87' lang='lat' dir='ltr'>nam</span> <span class='ocrx_word' id='word_1_320' title='bbox 1429 3833 1516 3896; x_wconf 80' lang='lat' dir='ltr'>est</span> <span class='ocrx_word' id='word_1_321' title='bbox 1568 3834 1828 3900; x_wconf 83' lang='lat' dir='ltr'>directio</span> <span class='ocrx_word' id='word_1_322' title='bbox 1866 3834 2130 3922; x_wconf 87' lang='lat' dir='ltr'>opposita</span> <span class='ocrx_word' id='word_1_323' title='bbox 2186 3833 2531 3898; x_wconf 84' lang='lat' dir='ltr'>interiorum</span> 
     </span>
     <span class='ocr_line' id='line_1_36' title="bbox 431 3934 2532 4024; baseline -0.002 -22"><span class='ocrx_word' id='word_1_324' title='bbox 431 3936 645 4003; x_wconf 83' lang='lat' dir='ltr'>mentis</span> <span class='ocrx_word' id='word_1_325' title='bbox 671 3956 911 4012; x_wconf 86' lang='lat' dir='ltr'>eorum,</span> <span class='ocrx_word' id='word_1_326' title='bbox 965 3956 1118 4023; x_wconf 87' lang='lat' dir='ltr'>quae</span> <span class='ocrx_word' id='word_1_327' title='bbox 1157 3934 1319 3998; x_wconf 80' lang='lat' dir='ltr'>illurn</span> <span class='ocrx_word' id='word_1_328' title='bbox 1352 3934 1548 4004; x_wconf 81' lang='lat' dir='ltr'>&#39;visum</span> <span class='ocrx_word' id='word_1_329' title='bbox 1593 3934 1894 4024; x_wconf 84' lang='lat' dir='ltr'>producit;</span> <span class='ocrx_word' id='word_1_330' title='bbox 1946 3935 2094 4002; x_wconf 87' lang='lat' dir='ltr'>haec</span> <span class='ocrx_word' id='word_1_331' title='bbox 2130 3934 2421 3999; x_wconf 83' lang='lat' dir='ltr'>mirabilia</span> <span class='ocrx_word' id='word_1_332' title='bbox 2464 3953 2532 3999; x_wconf 82' lang='lat' dir='ltr'>ex</span> 
     </span>
     <span class='ocr_line' id='line_1_37' title="bbox 432 4034 2533 4126; baseline -0.003 -23"><span class='ocrx_word' id='word_1_333' title='bbox 432 4036 702 4126; x_wconf 81' lang='lat' dir='ltr'>autopsia</span> <span class='ocrx_word' id='word_1_334' title='bbox 730 4036 943 4102; x_wconf 81' lang='lat' dir='ltr'>refero.</span> <span class='ocrx_word' id='word_1_335' title='bbox 1006 4035 1230 4101; x_wconf 39' lang='lat' dir='ltr'>Exahis</span> <span class='ocrx_word' id='word_1_336' title='bbox 1254 4035 1398 4101; x_wconf 81' lang='lat' dir='ltr'><strong>mihi</strong></span> <span class='ocrx_word' id='word_1_337' title='bbox 1426 4036 1721 4102; x_wconf 85' lang='lat' dir='ltr'>detectum</span> <span class='ocrx_word' id='word_1_338' title='bbox 1749 4045 1868 4114; x_wconf 89' lang='lat' dir='ltr'>est,</span> <span class='ocrx_word' id='word_1_339' title='bbox 1922 4035 2219 4124; x_wconf 87' lang='lat' dir='ltr'>quomodo</span> <span class='ocrx_word' id='word_1_340' title='bbox 2262 4034 2327 4100; x_wconf 84' lang='lat' dir='ltr'>fit</span> <span class='ocrx_word' id='word_1_341' title='bbox 2365 4055 2533 4122; x_wconf 81' lang='lat' dir='ltr'>rege·</span> 
     </span>
     <span class='ocr_line' id='line_1_38' title="bbox 432 4137 2530 4225; baseline -0.001 -22"><span class='ocrx_word' id='word_1_342' title='bbox 432 4138 695 4217; x_wconf 87' lang='lat' dir='ltr'>neratio,</span> <span class='ocrx_word' id='word_1_343' title='bbox 750 4138 905 4225; x_wconf 87' lang='lat' dir='ltr'>quod</span> <span class='ocrx_word' id='word_1_344' title='bbox 935 4137 1037 4204; x_wconf 78' lang='lat' dir='ltr'>fiat</span> <span class='ocrx_word' id='word_1_345' title='bbox 1065 4159 1304 4225; x_wconf 84' lang='lat' dir='ltr'>prorsus</span> <span class='ocrx_word' id='word_1_346' title='bbox 1328 4140 1478 4204; x_wconf 86' lang='lat' dir='ltr'>sicut</span> <span class='ocrx_word' id='word_1_347' title='bbox 1508 4137 1810 4203; x_wconf 74' lang='lat' dir='ltr'>Internum</span> <span class='ocrx_word' id='word_1_348' title='bbox 1839 4147 2182 4207; x_wconf 82' lang='lat' dir='ltr'>removetur</span> <span class='ocrx_word' id='word_1_349' title='bbox 2222 4146 2282 4201; x_wconf 86' lang='lat' dir='ltr'>et</span> <span class='ocrx_word' id='word_1_350' title='bbox 2320 4137 2406 4203; x_wconf 90' lang='lat' dir='ltr'>sic</span> <span class='ocrx_word' id='word_1_351' title='bbox 2446 4156 2530 4201; x_wconf 87' lang='lat' dir='ltr'>se·</span> 
     </span>
     <span class='ocr_line' id='line_1_39' title="bbox 434 4229 2530 4330; baseline -0.001 -24"><span class='ocrx_word' id='word_1_352' title='bbox 434 4250 678 4330; x_wconf 80' lang='lat' dir='ltr'>paratur</span> <span class='ocrx_word' id='word_1_353' title='bbox 704 4262 738 4306; x_wconf 90' lang='lat' dir='ltr'>a</span> <span class='ocrx_word' id='word_1_354' title='bbox 764 4240 976 4320; x_wconf 86' lang='lat' dir='ltr'>Caelo,</span> <span class='ocrx_word' id='word_1_355' title='bbox 1026 4260 1196 4317; x_wconf 86' lang='lat' dir='ltr'>nam,</span> <span class='ocrx_word' id='word_1_356' title='bbox 1250 4249 1518 4328; x_wconf 88' lang='lat' dir='ltr'>utsupra</span> <span class='ocrx_word' id='word_1_357' title='bbox 1547 4235 1766 4303; x_wconf 78' lang='lat' dir='ltr'>dictum</span> <span class='ocrx_word' id='word_1_358' title='bbox 1784 4286 1799 4314; x_wconf 93' lang='lat'>,</span> <span class='ocrx_word' id='word_1_359' title='bbox 1849 4229 2027 4308; x_wconf 81' lang='lat' dir='ltr'>homo</span> <span class='ocrx_word' id='word_1_360' title='bbox 2057 4237 2256 4328; x_wconf 82' lang='lat' dir='ltr'>quoad</span> <span class='ocrx_word' id='word_1_361' title='bbox 2281 4240 2530 4328; x_wconf 81' lang='lat' dir='ltr'>primam</span> 
     </span>
    </p>
   </div>
   <div class='ocr_carea' id='block_1_3' title="bbox 2677 3198 2682 3750">
    <p class='ocr_par' dir='ltr' id='par_1_5' title="bbox 2677 3198 2682 3750">
     <span class='ocr_line' id='line_1_40' title="bbox 2677 3198 2682 3750; baseline 0 0"><span class='ocrx_word' id='word_1_362' title='bbox 2677 3198 2682 3750; x_wconf 95' lang='lat' dir='ltr'> </span> 
     </span>
    </p>
   </div>
  </div>
 </body>
</html>
