2750 4775
309 337 1081 395 ADDITAMENTUM.
1131 370 1195 384 --
1243 339 1761 394 PONTtFlcu
1804 342 1893 394 IN
1934 341 2014 400 Μ’.
2058 341 2178 399 SP.
2262 355 2369 406 323

393 513 437 554 n
483 491 875 567 Societatem,
928 501 989 557 et
1026 492 1220 559 minus
1263 494 1323 556 in
1363 493 1618 580 aliquam
1666 493 2013 572 Civitatem,
2064 495 2166 560 sed
2209 495 2369 583 quod

451 593 826 690 ircumsparsi
871 602 931 656 et
977 592 1296 657 intermixti
1341 592 1657 659 Germanis
1700 596 1758 656 in
1803 596 1982 659 variis
2024 597 2238 685 plagis;
2310 608 2369 661 et

377 695 699 780 ,inquisita
726 704 811 759 est
841 715 1052 768 causa,
1107 694 1262 758 dicta
1297 704 1386 760 est
1411 693 1592 770 haec,
1643 695 1802 779 quod
1844 695 1918 758 sit
1960 717 2031 758 ex
2072 698 2367 763 continuis

246 796 539 859 mentium
567 795 802 859 ittorum
833 794 1295 882 inspectionibus
1325 806 1385 858 et
1408 796 1573 882 quasi
1603 795 2181 883 peregrinationibus
2203 797 2368 861 extra

239 918 420 960 suam
452 896 713 971 Urbem,
770 904 829 958 et
871 916 1184 983 perparum
1227 896 1383 960 intra
1414 895 1605 958 illam:
1660 915 1793 958 nam
1831 894 2018 981 qualis
2059 906 2146 960 est
2184 906 2372 962 status

243 997 475 1063 Mentis
501 994 755 1060 hominis
782 997 840 1059 in
872 996 1100 1062 Mundo
1127 997 1405 1071 naturali,
1460 994 1591 1061 talis
1617 1006 1703 1059 est
1733 996 1855 1080 ejus
1882 1005 2069 1061 status
2099 996 2160 1060 in
2191 995 2367 1060 Mun-

241 1097 334 1161 do
353 1097 678 1185 spirituali;
729 1097 897 1161 Mens
926 1098 1081 1160 enim
1112 1095 1366 1162 hominis
1394 1107 1482 1160 est
1508 1098 1635 1182 ejus
1659 1096 1942 1181 Spiritus,
1996 1118 2098 1162 seu
2129 1096 2372 1186 posthu-

237 1219 380 1262 mus
422 1195 600 1261 homo
642 1206 770 1284 post
814 1218 1114 1262 excessum
1143 1198 1266 1282 ejus
1293 1219 1325 1260 e
1355 1196 1646 1262 materiali
1676 1217 1927 1283 corpore
1958 1198 2177 1263 vivens.

456 1424 569 1487 DE
618 1422 1117 1488 PONTIFICIIS
1163 1422 1253 1488 IN
1304 1423 1613 1488 MUNDO
1670 1419 2156 1487 SPIRITUALI.

400 1603 547 1663 ΒΗ.
602 1597 898 1665 pontificii
948 1600 1007 1662 in
1063 1600 1292 1666 Mundo
1336 1598 1624 1684 spirituali
1683 1609 1970 1685 apparent
2025 1599 2245 1664 circum
2304 1611 2365 1666 et

238 1700 402 1764 infra
432 1700 859 1775 Protestantes,
912 1709 971 1763 et
998 1721 1100 1787 per
1127 1700 1438 1764 intervalla
1473 1701 1726 1764 distincti
1767 1710 1925 1773 sunt,
1978 1722 2129 1787 quae
2172 1710 2362 1766 trans·

241 1803 336 1865 ire
375 1801 752 1864 interdictum
799 1809 918 1871 est;
971 1801 1071 1864 sed
1103 1822 1288 1887 usque
1317 1798 1599 1864 Monachi
1640 1822 1744 1886 per
1773 1791 2169 1866 clandestinas
2207 1813 2366 1868 artes

240 1911 460 1989 parant
499 1901 608 1966 sibi
639 1901 1270 1974 communicationem,
1323 1910 1383 1962 et
1428 1923 1665 1988 quoque
1704 1922 1808 1985 per
1854 1901 2091 1966 semitas
2129 1902 2363 1987 ignotas

239 2002 528 2088 ablegant
559 2003 892 2067 emissarios
923 2013 980 2065 ut
1012 2001 1323 2075 seducant,
1381 2002 1481 2064 sed
1514 2002 1905 2084 indagantur,
1961 2011 2017 2065 et
2048 2012 2357 2089 postquam

239 2103 436 2190 puniti
461 2112 598 2166 sunt
617 2151 634 2178 ,
689 2104 786 2166 vel
812 2104 1195 2166 remittuntur
1221 2101 1294 2165 ad
1321 2124 1494 2175 suos,
1549 2103 1642 2164 vel
1672 2101 2042 2187 dejiciuntur.

401 2206 549 2266 818.
621 2203 764 2267 Post
794 2203 1082 2268 Ultimum
1114 2202 1453 2278 Judicium,
1506 2204 1662 2289 quod
1705 2204 1763 2265 in
1806 2202 2030 2267 Mundo
2069 2205 2358 2293 spirituali

238 2302 467 2367 factum
497 2313 583 2366 est
612 2303 784 2366 Anno
820 2307 1026 2378 1757,
1076 2302 1278 2366 Status
1305 2302 1602 2378 omnium,
1656 2313 1712 2366 et
1755 2305 1839 2369 sic
1880 2306 2054 2369 etiam
2097 2304 2356 2382 illorum,

225 2406 330 2467 -ita
362 2412 620 2467 mutatus
646 2413 762 2477 est,
813 2405 970 2491 quod
1003 2426 1121 2469 non
1149 2406 1320 2468 liceat
1349 2426 1411 2468 se
1440 2420 1806 2491 congregare
1846 2403 1903 2468 in
1934 2406 2169 2485 Caetus,
2206 2408 2358 2473 sicut

244 2503 445 2589 prius;
496 2504 597 2565 sed
627 2503 808 2569 cuivis
833 2505 1037 2571 Amori
1073 2515 1192 2568 tam
1239 2506 1398 2570 bono
1432 2526 1608 2592 quam
1652 2505 1838 2582 malo,
1895 2507 2203 2575 ordinatae
2238 2508 2361 2574 sint

249 2603 419 2676 viae,
472 2625 618 2689 quas
660 2603 772 2676 illi,
827 2607 924 2692 qui
969 2629 999 2669 e
1046 2607 1275 2672 Mundo
1323 2606 1586 2682 alluunt,
1639 2606 1799 2671 illico
1835 2608 2089 2684 intrant,
2143 2630 2214 2672 ac
2253 2629 2359 2673 va—

238 2703 394 2766 dunt
433 2705 507 2767 ad
545 2703 869 2770 Societates
907 2705 1225 2771 Amor-ibus
1266 2707 1499 2771 illorum
1532 2708 2090 2795 correspondentes;
2144 2709 2225 2771 sic
2268 2707 2356 2771 fe·

235 2814 457 2869 runtur
496 2806 630 2870 mali
674 2806 746 2868 ad
776 2806 1131 2879 societates»,
1183 2829 1335 2891 quae
1375 2809 1435 2870 in
1483 2806 1725 2871 Inferno
1764 2816 1926 2877 sunt,
1985 2827 2057 2869 ac
2094 2807 2232 2869 boni
2277 2807 2351 2871 ad

227 2904 564 2979 Societath
591 2907 832 2990 quaein
870 2908 1052 2972 Caelo¹
1093 2920 1257 2971 sunt:
1312 2910 1397 2971 sic
1438 2918 1675 2971 cautum
1721 2918 1842 2982 est,
1898 2926 1969 2969 ne
2010 2904 2161 2970 sicut
2193 2908 2353 2993 prius

232 3004 575 3070 artificiales
602 3006 813 3071 Caelos
839 3009 950 3071 sibi
981 3008 1253 3072 forment.
1333 3008 1515 3072 Tales
1537 3008 1863 3072 Societates
1888 3006 1948 3071 in
1979 3004 2206 3069 Mundo
2234 3005 2352 3090 spi-

229 3106 491 3181 rituum,
547 3107 645 3192 qui
685 3108 1032 3173 est-medius
1052 3108 1206 3170 inter
1232 3109 1477 3173 Caelum
1512 3119 1569 3171 et
1602 3107 1939 3182 Internum,
1993 3114 2126 3172 sunt
2156 3106 2350 3171 multi·

226 3206 442 3292 plices,
490 3216 627 3271 sunt
654 3209 809 3270 enim
839 3209 1105 3284 totidem,
1148 3218 1291 3294 quot
1318 3218 1451 3272 suut
1479 3207 1713 3272 Genera
1743 3216 1800 3269 et
1826 3206 2066 3294 Species
2092 3205 2352 3277 affectio-

224 3329 372 3371 num
402 3305 637 3373 Amoris
665 3307 806 3370 honi
835 3319 892 3372 et
921 3309 1092 3380 mali;
1144 3331 1213 3372 ac
1245 3311 1471 3371 interea
1513 3319 1829 3393 antequam
1876 3305 1968 3374 vel
2008 3308 2070 3369 in
2100 3307 2345 3371 Caelum

222 3408 573 3483 elevantur,
629 3408 724 3470 vel
765 3409 822 3473 in
864 3407 1165 3472 Infernum
1209 3409 1601 3493 dejiciuntur,
1651 3420 1786 3472 sunt
1828 3410 1884 3471 in
1932 3408 2348 3495 conjunctione

219 3508 517 3595 spirituali
558 3529 690 3570 eum
731 3509 1068 3573 hominihus
1106 3508 1347 3583 Mundi,
1403 3529 1475 3581 ex
1517 3531 1730 3583 causa,
1785 3511 1921 3596 quia
1959 3509 2021 3572 hi
2063 3511 2240 3575 etiam
2290 3512 2349 3575 in

225 3608 429 3671 medio
456 3620 589 3671 sunt
617 3609 776 3672 inter
804 3609 1045 3674 Caelum
1080 3620 1137 3675 et
1175 3609 1498 3674 Internum.

387 3712 531 3772 819.
582 3710 877 3774 pontificii
905 3710 1260 3799 Synedrium
1292 3710 1588 3796 quoddam
1618 3709 1838 3776 habent
1870 3712 1927 3774 in
1957 3713 2141 3800 Plaga
2169 3711 2352 3777 Meri-

221 3808 448 3872 dionali
479 3831 684 3873 versus
710 3811 1051 3885 Orientem,
1103 3809 1163 3872 in
1198 3835 1315 3898 quo
1357 3812 1597 3876 illorum
1625 3812 1928 3877 Primores
1969 3811 2348 3887 conveniunt,

216 3917 284 3972 et
330 3909 665 3974 consultant
708 3911 781 3974 de
824 3912 1004 3975 variis
1042 3932 1195 3997 quae
1229 3912 1556 3996 Religionis
1595 3933 1800 3976 eorum
1842 3923 2010 3988 sunt,
2064 3912 2348 4000 imprimis

220 4010 531 4097 quomodo
572 4011 802 4098 Vulgus
846 4012 1166 4076 tenendum
1209 4022 1295 4076 est
1339 4011 1400 4074 in
1452 4033 1629 4077 caeca
1673 4012 2042 4089 obedientia,
2095 4022 2154 4076 et
2200 4034 2348 4097 quo·

212 4109 402 4174 modo
432 4110 788 4176 Dominatus
830 4135 1035 4177 eorum
1078 4111 1486 4198 ampliandus:
1540 4113 1641 4177 sed
1684 4133 1802 4177 non
1847 4112 1906 4173 in
1947 4112 2089 4177 illud
2134 4110 2347 4174 admit·

211 4209 365 4275 titur
394 4211 605 4300 aliquis
633 4213 738 4300 qui·
761 4214 818 4276 in
849 4212 1076 4281 Mundo
1101 4210 1299 4277 fuerat
1327 4210 1636 4288 Pontifex,
1690 4232 1760 4275 ex
1806 4231 1997 4274 causa-
2024 4211 2163 4299 quia
2207 4211 2345 4275 insi·
