<?xml version="1.0" encoding="UTF-8"?>
<!DOCTYPE html PUBLIC "-//W3C//DTD XHTML 1.0 Transitional//EN"
    "http://www.w3.org/TR/xhtml1/DTD/xhtml1-transitional.dtd">
<html xmlns="http://www.w3.org/1999/xhtml" xml:lang="en" lang="en">
 <head>
  <title>
</title>
<meta http-equiv="Content-Type" content="text/html;charset=utf-8" />
  <meta name='ocr-system' content='tesseract 3.04.00' />
  <meta name='ocr-capabilities' content='ocr_page ocr_carea ocr_par ocr_line ocrx_word'/>
</head>
<body>
  <div class='ocr_page' id='page_1' title='image "./verachristianar00unkngoog_0149.png"; bbox 0 0 2750 4775; ppageno 0'>
   <div class='ocr_carea' id='block_1_1' title="bbox 431 400 2335 465">
    <p class='ocr_par' dir='ltr' id='par_1_1' title="bbox 431 400 2335 465">
     <span class='ocr_line' id='line_1_1' title="bbox 431 400 2335 465; baseline 0.005 -10"><span class='ocrx_word' id='word_1_1' title='bbox 431 402 496 455; x_wconf 80' lang='lat' dir='ltr'>X.</span> <span class='ocrx_word' id='word_1_2' title='bbox 573 402 1178 457; x_wconf 62' lang='lat' dir='ltr'>REFQRMATIO</span> <span class='ocrx_word' id='word_1_3' title='bbox 1234 402 1340 454; x_wconf 82' lang='lat' dir='ltr'>ET</span> <span class='ocrx_word' id='word_1_4' title='bbox 1393 400 2078 460; x_wconf 71' lang='lat' dir='ltr'><strong>REGENERAT&#39;IO:</strong></span> <span class='ocrx_word' id='word_1_5' title='bbox 2231 415 2335 465; x_wconf 75' lang='lat'>133</span> 
     </span>
    </p>
   </div>
   <div class='ocr_carea' id='block_1_2' title="bbox 228 554 2345 2561">
    <p class='ocr_par' dir='ltr' id='par_1_2' title="bbox 228 554 2345 1633">
     <span class='ocr_line' id='line_1_2' title="bbox 242 554 2339 644; baseline 0 -22"><span class='ocrx_word' id='word_1_6' title='bbox 242 568 312 622; x_wconf 83' lang='lat' dir='ltr'>ac</span> <span class='ocrx_word' id='word_1_7' title='bbox 342 555 571 622; x_wconf 67' lang='lat' dir='ltr'>&#39;Vinum</span> <span class='ocrx_word' id='word_1_8' title='bbox 619 555 922 620; x_wconf 87' lang='lat' dir='ltr'>materiale</span> <span class='ocrx_word' id='word_1_9' title='bbox 975 565 1032 619; x_wconf 85' lang='lat' dir='ltr'>et</span> <span class='ocrx_word' id='word_1_10' title='bbox 1075 555 1295 619; x_wconf 86' lang='lat' dir='ltr'>Vinum</span> <span class='ocrx_word' id='word_1_11' title='bbox 1328 554 1658 642; x_wconf 72' lang='lat' dir='ltr'><strong>spirituale,</strong></span> <span class='ocrx_word' id='word_1_12' title='bbox 1709 565 1766 619; x_wconf 87' lang='lat' dir='ltr'>et</span> <span class='ocrx_word' id='word_1_13' title='bbox 1804 556 1981 621; x_wconf 82' lang='lat' dir='ltr'>Panis</span> <span class='ocrx_word' id='word_1_14' title='bbox 2024 557 2339 644; x_wconf 79' lang='lat' dir='ltr'>spiritualis</span> 
     </span>
     <span class='ocr_line' id='line_1_3' title="bbox 239 656 2339 742; baseline 0 -19"><span class='ocrx_word' id='word_1_15' title='bbox 239 667 326 723; x_wconf 79' lang='lat' dir='ltr'>est</span> <span class='ocrx_word' id='word_1_16' title='bbox 354 657 651 721; x_wconf 77' lang='lat' dir='ltr'>Sanctum</span> <span class='ocrx_word' id='word_1_17' title='bbox 700 659 949 732; x_wconf 89' lang='lat' dir='ltr'>amoris,</span> <span class='ocrx_word' id='word_1_18' title='bbox 1002 667 1061 720; x_wconf 82' lang='lat' dir='ltr'>et</span> <span class='ocrx_word' id='word_1_19' title='bbox 1112 656 1327 722; x_wconf 83' lang='lat' dir='ltr'>Vinum</span> <span class='ocrx_word' id='word_1_20' title='bbox 1384 656 1684 742; x_wconf 80' lang='lat' dir='ltr'>spirituale</span> <span class='ocrx_word' id='word_1_21' title='bbox 1730 668 1814 719; x_wconf 75' lang='lat' dir='ltr'>est</span> <span class='ocrx_word' id='word_1_22' title='bbox 1858 656 2137 723; x_wconf 84' lang='lat' dir='ltr'>Sanctum</span> <span class='ocrx_word' id='word_1_23' title='bbox 2182 658 2339 736; x_wconf 85' lang='lat' dir='ltr'>fidei,</span> 
     </span>
     <span class='ocr_line' id='line_1_4' title="bbox 237 755 2337 855; baseline 0.002 -35"><span class='ocrx_word' id='word_1_24' title='bbox 237 755 558 855; x_wconf 85' lang='lat' dir='ltr'>utrumque</span> <span class='ocrx_word' id='word_1_25' title='bbox 587 781 618 821; x_wconf 91' lang='lat' dir='ltr'>a</span> <span class='ocrx_word' id='word_1_26' title='bbox 649 760 939 835; x_wconf 84' lang='lat' dir='ltr'>Domino,-</span> <span class='ocrx_word' id='word_1_27' title='bbox 991 767 1049 820; x_wconf 78' lang='lat' dir='ltr'>et</span> <span class='ocrx_word' id='word_1_28' title='bbox 1090 766 1411 842; x_wconf 83' lang='lat' dir='ltr'>utrumque</span> <span class='ocrx_word' id='word_1_29' title='bbox 1455 756 1775 833; x_wconf 84' lang='lat' dir='ltr'>Dominus,</span> <span class='ocrx_word' id='word_1_30' title='bbox 1827 757 1962 819; x_wconf 89' lang='lat' dir='ltr'>inde</span> <span class='ocrx_word' id='word_1_31' title='bbox 2002 760 2337 846; x_wconf 78' lang='lat' dir='ltr'>conjunctio</span> 
     </span>
     <span class='ocr_line' id='line_1_5' title="bbox 235 836 2340 946; baseline 0 -22"><span class='ocrx_word' id='word_1_32' title='bbox 235 850 479 924; x_wconf 84' lang='lat' dir='ltr'>Domini</span> <span class='ocrx_word' id='word_1_33' title='bbox 509 882 637 922; x_wconf 88' lang='lat' dir='ltr'>cum</span> <span class='ocrx_word' id='word_1_34' title='bbox 667 859 936 933; x_wconf 84' lang='lat' dir='ltr'>homine,</span> <span class='ocrx_word' id='word_1_35' title='bbox 988 868 1046 923; x_wconf 86' lang='lat' dir='ltr'>et</span> <span class='ocrx_word' id='word_1_36' title='bbox 1084 857 1338 921; x_wconf 87' lang='lat' dir='ltr'>hominis</span> <span class='ocrx_word' id='word_1_37' title='bbox 1370 879 1499 920; x_wconf 90' lang='lat' dir='ltr'>cum</span> <span class='ocrx_word' id='word_1_38' title='bbox 1531 836 1830 932; x_wconf 90' lang='lat' dir='ltr'>Domino,</span> <span class='ocrx_word' id='word_1_39' title='bbox 1874 880 1991 923; x_wconf 89' lang='lat' dir='ltr'>non</span> <span class='ocrx_word' id='word_1_40' title='bbox 2024 881 2160 921; x_wconf 88' lang='lat' dir='ltr'>cum</span> <span class='ocrx_word' id='word_1_41' title='bbox 2192 882 2340 946; x_wconf 84' lang='lat' dir='ltr'>pane</span> 
     </span>
     <span class='ocr_line' id='line_1_6' title="bbox 236 956 2343 1053; baseline -0 -29"><span class='ocrx_word' id='word_1_42' title='bbox 236 971 298 1025; x_wconf 91' lang='lat' dir='ltr'>et</span> <span class='ocrx_word' id='word_1_43' title='bbox 336 961 509 1035; x_wconf 79' lang='lat' dir='ltr'>vino,</span> <span class='ocrx_word' id='word_1_44' title='bbox 562 962 663 1026; x_wconf 89' lang='lat' dir='ltr'>sed</span> <span class='ocrx_word' id='word_1_45' title='bbox 691 982 822 1023; x_wconf 86' lang='lat' dir='ltr'>cum</span> <span class='ocrx_word' id='word_1_46' title='bbox 853 980 1056 1023; x_wconf 85' lang='lat' dir='ltr'>amore</span> <span class='ocrx_word' id='word_1_47' title='bbox 1085 969 1143 1022; x_wconf 82' lang='lat' dir='ltr'>et</span> <span class='ocrx_word' id='word_1_48' title='bbox 1171 956 1282 1022; x_wconf 78' lang='lat' dir='ltr'>fide</span> <span class='ocrx_word' id='word_1_49' title='bbox 1311 957 1580 1023; x_wconf 84' lang='lat' dir='ltr'>hominis</span> <span class='ocrx_word' id='word_1_50' title='bbox 1602 959 1700 1045; x_wconf 88' lang='lat' dir='ltr'>qui</span> <span class='ocrx_word' id='word_1_51' title='bbox 1750 959 2167 1053; x_wconf 82' lang='lat' dir='ltr'>paenitentiam</span> <span class='ocrx_word' id='word_1_52' title='bbox 2210 981 2343 1047; x_wconf 76' lang='lat' dir='ltr'>ege-</span> 
     </span>
     <span class='ocr_line' id='line_1_7' title="bbox 233 1046 2344 1145; baseline -0 -18"><span class='ocrx_word' id='word_1_53' title='bbox 233 1070 336 1127; x_wconf 63' lang='lat' dir='ltr'>ra!</span> <span class='ocrx_word' id='word_1_54' title='bbox 362 1110 378 1138; x_wconf 91' lang='lat'>,</span> <span class='ocrx_word' id='word_1_55' title='bbox 433 1074 488 1123; x_wconf 91' lang='lat' dir='ltr'>et</span> <span class='ocrx_word' id='word_1_56' title='bbox 519 1061 857 1145; x_wconf 78' lang='lat' dir='ltr'>conjunctio</span> <span class='ocrx_word' id='word_1_57' title='bbox 887 1082 1021 1125; x_wconf 87' lang='lat' dir='ltr'>cum</span> <span class='ocrx_word' id='word_1_58' title='bbox 1047 1060 1306 1124; x_wconf 77' lang='lat' dir='ltr'>Domino</span> <span class='ocrx_word' id='word_1_59' title='bbox 1338 1068 1426 1122; x_wconf 88' lang='lat' dir='ltr'>est</span> <span class='ocrx_word' id='word_1_60' title='bbox 1451 1081 1687 1145; x_wconf 85' lang='lat' dir='ltr'>quoque</span> <span class='ocrx_word' id='word_1_61' title='bbox 1725 1046 2127 1124; x_wconf 72' lang='lat' dir='ltr'>introductio</span> <span class='ocrx_word' id='word_1_62' title='bbox 2113 1081 2169 1121; x_wconf 86' lang='lat' dir='ltr'>m</span> <span class='ocrx_word' id='word_1_63' title='bbox 2199 1060 2344 1126; x_wconf 80' lang='lat' dir='ltr'>Cae-</span> 
     </span>
     <span class='ocr_line' id='line_1_8' title="bbox 231 1159 2345 1249; baseline 0 -24"><span class='ocrx_word' id='word_1_64' title='bbox 231 1164 401 1233; x_wconf 73' lang='lat' dir='ltr'>}urm</span> <span class='ocrx_word' id='word_1_65' title='bbox 456 1171 514 1224; x_wconf 79' lang='lat' dir='ltr'>et</span> <span class='ocrx_word' id='word_1_66' title='bbox 543 1162 851 1249; x_wconf 80' lang='lat' dir='ltr'>postquam</span> <span class='ocrx_word' id='word_1_67' title='bbox 882 1160 1091 1247; x_wconf 81' lang='lat' dir='ltr'>Angeli</span> <span class='ocrx_word' id='word_1_68' title='bbox 1121 1162 1447 1224; x_wconf 84' lang='lat' dir='ltr'>docuerunt</span> <span class='ocrx_word' id='word_1_69' title='bbox 1479 1160 1606 1224; x_wconf 81' lang='lat' dir='ltr'>illos</span> <span class='ocrx_word' id='word_1_70' title='bbox 1635 1160 1855 1245; x_wconf 83' lang='lat' dir='ltr'>aliquid</span> <span class='ocrx_word' id='word_1_71' title='bbox 1882 1161 1953 1223; x_wconf 82' lang='lat' dir='ltr'>de</span> <span class='ocrx_word' id='word_1_72' title='bbox 1982 1159 2345 1249; x_wconf 82' lang='lat' dir='ltr'>Correspon·</span> 
     </span>
     <span class='ocr_line' id='line_1_9' title="bbox 233 1260 2344 1350; baseline 0 -24"><span class='ocrx_word' id='word_1_73' title='bbox 233 1264 473 1338; x_wconf 69' lang='lat' dir='ltr'>dantia,</span> <span class='ocrx_word' id='word_1_74' title='bbox 528 1263 802 1327; x_wconf 76' lang='lat' dir='ltr'>dixerunt</span> <span class='ocrx_word' id='word_1_75' title='bbox 830 1285 862 1326; x_wconf 94' lang='lat' dir='ltr'>e</span> <span class='ocrx_word' id='word_1_76' title='bbox 902 1262 1122 1338; x_wconf 83' lang='lat' dir='ltr'>Gaetu,</span> <span class='ocrx_word' id='word_1_77' title='bbox 1177 1276 1330 1325; x_wconf 84' lang='lat' dir='ltr'>nunc</span> <span class='ocrx_word' id='word_1_78' title='bbox 1372 1263 1624 1350; x_wconf 87' lang='lat' dir='ltr'>primum</span> <span class='ocrx_word' id='word_1_79' title='bbox 1664 1265 1837 1323; x_wconf 85' lang='lat' dir='ltr'>etiam</span> <span class='ocrx_word' id='word_1_80' title='bbox 1877 1260 1991 1325; x_wconf 74' lang='lat' dir='ltr'>h&#39;oc</span> <span class='ocrx_word' id='word_1_81' title='bbox 2037 1284 2344 1349; x_wconf 80' lang='lat' dir='ltr'>possumus</span> 
     </span>
     <span class='ocr_line' id='line_1_10' title="bbox 232 1358 2341 1451; baseline 0 -25"><span class='ocrx_word' id='word_1_82' title='bbox 232 1364 604 1451; x_wconf 71' lang='lat' dir='ltr'>intelligere3</span> <span class='ocrx_word' id='word_1_83' title='bbox 661 1374 719 1428; x_wconf 88' lang='lat' dir='ltr'>et</span> <span class='ocrx_word' id='word_1_84' title='bbox 749 1385 881 1431; x_wconf 88' lang='lat' dir='ltr'>cum</span> <span class='ocrx_word' id='word_1_85' title='bbox 912 1362 1025 1427; x_wconf 82' lang='lat' dir='ltr'>hoc</span> <span class='ocrx_word' id='word_1_86' title='bbox 1053 1365 1359 1439; x_wconf 78' lang='lat' dir='ltr'>dixerunt,</span> <span class='ocrx_word' id='word_1_87' title='bbox 1411 1383 1546 1426; x_wconf 86' lang='lat' dir='ltr'>ecce</span> <span class='ocrx_word' id='word_1_88' title='bbox 1574 1358 1910 1426; x_wconf 84' lang='lat' dir='ltr'>flammeum</span> <span class='ocrx_word' id='word_1_89' title='bbox 1940 1384 1971 1425; x_wconf 90' lang='lat' dir='ltr'>e</span> <span class='ocrx_word' id='word_1_90' title='bbox 2000 1363 2180 1428; x_wconf 81' lang='lat' dir='ltr'>Caelo</span> <span class='ocrx_word' id='word_1_91' title='bbox 2210 1386 2341 1427; x_wconf 77' lang='lat' dir='ltr'>cum</span> 
     </span>
     <span class='ocr_line' id='line_1_11' title="bbox 232 1459 2342 1579; baseline -0.001 -49"><span class='ocrx_word' id='word_1_92' title='bbox 232 1466 370 1530; x_wconf 74' lang='lat' dir='ltr'>hice</span> <span class='ocrx_word' id='word_1_93' title='bbox 400 1467 761 1531; x_wconf 81' lang='lat' dir='ltr'>descendens</span> <span class='ocrx_word' id='word_1_94' title='bbox 789 1465 1152 1531; x_wconf 78' lang='lat' dir='ltr'>consociavit</span> <span class='ocrx_word' id='word_1_95' title='bbox 1181 1463 1312 1530; x_wconf 84' lang='lat' dir='ltr'>illos</span> <span class='ocrx_word' id='word_1_96' title='bbox 1338 1486 1469 1579; x_wconf 83' lang='lat' dir='ltr'>cum</span> <span class='ocrx_word' id='word_1_97' title='bbox 1500 1459 1773 1548; x_wconf 78' lang='lat' dir='ltr'>Angelis,</span> <span class='ocrx_word' id='word_1_98' title='bbox 1821 1471 1876 1525; x_wconf 85' lang='lat' dir='ltr'>et</span> <span class='ocrx_word' id='word_1_99' title='bbox 1908 1474 2254 1528; x_wconf 80' lang='lat' dir='ltr'>amaverunt</span> <span class='ocrx_word' id='word_1_100' title='bbox 2280 1487 2342 1530; x_wconf 83' lang='lat' dir='ltr'>se</span> 
     </span>
     <span class='ocr_line' id='line_1_12' title="bbox 228 1576 463 1633; baseline 0.009 -2"><span class='ocrx_word' id='word_1_101' title='bbox 228 1576 463 1633; x_wconf 82' lang='lat' dir='ltr'>mutuo.</span> 
     </span>
    </p>

    <p class='ocr_par' dir='ltr' id='par_1_3' title="bbox 235 1665 2345 2561">
     <span class='ocr_line' id='line_1_13' title="bbox 399 1665 2344 1751; baseline -0.001 -19"><span class='ocrx_word' id='word_1_102' title='bbox 399 1672 542 1732; x_wconf 73' lang='lat'><strong>622.</strong></span> <span class='ocrx_word' id='word_1_103' title='bbox 621 1668 971 1733; x_wconf 60' lang='lat' dir='ltr'>secunaum</span> <span class='ocrx_word' id='word_1_104' title='bbox 1008 1669 1453 1733; x_wconf 55' lang='lat' dir='ltr'>Memnonia.</span> <span class='ocrx_word' id='word_1_105' title='bbox 1536 1666 1759 1730; x_wconf 82' lang='lat' dir='ltr'>Omnes</span> <span class='ocrx_word' id='word_1_106' title='bbox 1812 1667 1914 1751; x_wconf 85' lang='lat' dir='ltr'>qui</span> <span class='ocrx_word' id='word_1_107' title='bbox 1971 1665 2042 1731; x_wconf 87' lang='lat' dir='ltr'>ad</span> <span class='ocrx_word' id='word_1_108' title='bbox 2094 1665 2344 1732; x_wconf 76' lang='lat' dir='ltr'>Gaeium</span> 
     </span>
     <span class='ocr_line' id='line_1_14' title="bbox 235 1767 2341 1857; baseline 0.001 -24"><span class='ocrx_word' id='word_1_109' title='bbox 235 1770 577 1857; x_wconf 81' lang='lat' dir='ltr'>praeparati</span> <span class='ocrx_word' id='word_1_110' title='bbox 603 1779 778 1844; x_wconf 79' lang='lat' dir='ltr'>sunt,</span> <span class='ocrx_word' id='word_1_111' title='bbox 832 1770 991 1855; x_wconf 86' lang='lat' dir='ltr'>quod</span> <span class='ocrx_word' id='word_1_112' title='bbox 1020 1767 1126 1832; x_wconf 83' lang='lat' dir='ltr'>fit</span> <span class='ocrx_word' id='word_1_113' title='bbox 1115 1790 1173 1830; x_wconf 77' lang='lat' dir='ltr'>in</span> <span class='ocrx_word' id='word_1_114' title='bbox 1200 1767 1427 1834; x_wconf 82' lang='lat' dir='ltr'>Mundo</span> <span class='ocrx_word' id='word_1_115' title='bbox 1456 1769 1801 1854; x_wconf 83' lang='lat' dir='ltr'>spirituum,</span> <span class='ocrx_word' id='word_1_116' title='bbox 1855 1767 1956 1854; x_wconf 91' lang='lat' dir='ltr'>qui</span> <span class='ocrx_word' id='word_1_117' title='bbox 1996 1776 2080 1831; x_wconf 87' lang='lat' dir='ltr'>est</span> <span class='ocrx_word' id='word_1_118' title='bbox 2117 1769 2341 1835; x_wconf 84' lang='lat' dir='ltr'>medius</span> 
     </span>
     <span class='ocr_line' id='line_1_15' title="bbox 237 1850 2344 1957; baseline -0.001 -23"><span class='ocrx_word' id='word_1_119' title='bbox 237 1871 401 1934; x_wconf 80' lang='lat' dir='ltr'>inter</span> <span class='ocrx_word' id='word_1_120' title='bbox 434 1870 675 1934; x_wconf 82' lang='lat' dir='ltr'>Caelum</span> <span class='ocrx_word' id='word_1_121' title='bbox 719 1880 781 1934; x_wconf 84' lang='lat' dir='ltr'>et</span> <span class='ocrx_word' id='word_1_122' title='bbox 817 1869 1153 1946; x_wconf 85' lang='lat' dir='ltr'>Infernum,</span> <span class='ocrx_word' id='word_1_123' title='bbox 1208 1877 1336 1957; x_wconf 79' lang='lat' dir='ltr'>post</span> <span class='ocrx_word' id='word_1_124' title='bbox 1378 1880 1649 1932; x_wconf 77' lang='lat' dir='ltr'>exactum</span> <span class='ocrx_word' id='word_1_125' title='bbox 1695 1879 1952 1957; x_wconf 82' lang='lat' dir='ltr'>tempus,</span> <span class='ocrx_word' id='word_1_126' title='bbox 2008 1850 2344 1933; x_wconf 83' lang='lat' dir='ltr'>desiderant</span> 
     </span>
     <span class='ocr_line' id='line_1_16' title="bbox 237 1969 2343 2059; baseline -0.002 -24"><span class='ocrx_word' id='word_1_127' title='bbox 237 1994 377 2035; x_wconf 84' lang='lat' dir='ltr'>cum</span> <span class='ocrx_word' id='word_1_128' title='bbox 407 1972 657 2059; x_wconf 87' lang='lat' dir='ltr'>suspirio</span> <span class='ocrx_word' id='word_1_129' title='bbox 686 1969 973 2045; x_wconf 86' lang='lat' dir='ltr'>Caelum,</span> <span class='ocrx_word' id='word_1_130' title='bbox 998 1981 1071 2034; x_wconf 90' lang='lat' dir='ltr'>et</span> <span class='ocrx_word' id='word_1_131' title='bbox 1107 1991 1244 2032; x_wconf 84' lang='lat' dir='ltr'>mox</span> <span class='ocrx_word' id='word_1_132' title='bbox 1273 1970 1617 2055; x_wconf 82' lang='lat' dir='ltr'>aperiuntur</span> <span class='ocrx_word' id='word_1_133' title='bbox 1644 1971 1794 2033; x_wconf 75' lang='lat' dir='ltr'>ocuti</span> <span class='ocrx_word' id='word_1_134' title='bbox 1837 1970 2104 2044; x_wconf 79' lang='lat' dir='ltr'>illorum,</span> <span class='ocrx_word' id='word_1_135' title='bbox 2158 1979 2216 2032; x_wconf 91' lang='lat' dir='ltr'>et</span> <span class='ocrx_word' id='word_1_136' title='bbox 2261 1971 2343 2034; x_wconf 88' lang='lat' dir='ltr'>vi-</span> 
     </span>
     <span class='ocr_line' id='line_1_17' title="bbox 236 2066 2341 2157; baseline -0.001 -21"><span class='ocrx_word' id='word_1_137' title='bbox 236 2073 384 2136; x_wconf 87' lang='lat' dir='ltr'>dent</span> <span class='ocrx_word' id='word_1_138' title='bbox 413 2073 600 2146; x_wconf 83' lang='lat' dir='ltr'>viam,</span> <span class='ocrx_word' id='word_1_139' title='bbox 657 2091 808 2157; x_wconf 86' lang='lat' dir='ltr'>quae</span> <span class='ocrx_word' id='word_1_140' title='bbox 836 2072 1023 2134; x_wconf 87' lang='lat' dir='ltr'>tendit</span> <span class='ocrx_word' id='word_1_141' title='bbox 1054 2071 1125 2133; x_wconf 89' lang='lat' dir='ltr'>ad</span> <span class='ocrx_word' id='word_1_142' title='bbox 1170 2069 1430 2154; x_wconf 80' lang='lat' dir='ltr'>aliquam</span> <span class='ocrx_word' id='word_1_143' title='bbox 1456 2066 1807 2134; x_wconf 79' lang='lat' dir='ltr'>Societatem</span> <span class='ocrx_word' id='word_1_144' title='bbox 1837 2072 1896 2132; x_wconf 87' lang='lat' dir='ltr'>in</span> <span class='ocrx_word' id='word_1_145' title='bbox 1925 2068 2135 2144; x_wconf 86' lang='lat' dir='ltr'>Caelo,</span> <span class='ocrx_word' id='word_1_146' title='bbox 2188 2071 2341 2135; x_wconf 88' lang='lat' dir='ltr'>hanc</span> 
     </span>
     <span class='ocr_line' id='line_1_18' title="bbox 239 2170 2345 2260; baseline -0.001 -22"><span class='ocrx_word' id='word_1_147' title='bbox 239 2173 400 2238; x_wconf 82' lang='lat' dir='ltr'>viam</span> <span class='ocrx_word' id='word_1_148' title='bbox 432 2173 654 2236; x_wconf 82' lang='lat' dir='ltr'>intrant</span> <span class='ocrx_word' id='word_1_149' title='bbox 683 2181 739 2233; x_wconf 89' lang='lat' dir='ltr'>et</span> <span class='ocrx_word' id='word_1_150' title='bbox 769 2173 1121 2241; x_wconf 84' lang='lat' dir='ltr'>ascendunt;</span> <span class='ocrx_word' id='word_1_151' title='bbox 1176 2172 1234 2232; x_wconf 80' lang='lat' dir='ltr'>et</span> <span class='ocrx_word' id='word_1_152' title='bbox 1276 2170 1335 2235; x_wconf 90' lang='lat' dir='ltr'>in</span> <span class='ocrx_word' id='word_1_153' title='bbox 1362 2190 1620 2235; x_wconf 51' lang='lat' dir='ltr'>‘ascensu</span> <span class='ocrx_word' id='word_1_154' title='bbox 1659 2181 1745 2234; x_wconf 80' lang='lat' dir='ltr'>est</span> <span class='ocrx_word' id='word_1_155' title='bbox 1773 2181 1975 2260; x_wconf 86' lang='lat' dir='ltr'>porta,</span> <span class='ocrx_word' id='word_1_156' title='bbox 2030 2180 2087 2233; x_wconf 90' lang='lat' dir='ltr'>et</span> <span class='ocrx_word' id='word_1_157' title='bbox 2128 2172 2207 2235; x_wconf 90' lang='lat' dir='ltr'>ibi</span> <span class='ocrx_word' id='word_1_158' title='bbox 2244 2190 2345 2236; x_wconf 83' lang='lat' dir='ltr'>cu-</span> 
     </span>
     <span class='ocr_line' id='line_1_19' title="bbox 239 2270 2342 2357; baseline 0 -20"><span class='ocrx_word' id='word_1_159' title='bbox 239 2285 397 2344; x_wconf 81' lang='lat' dir='ltr'>stos,</span> <span class='ocrx_word' id='word_1_160' title='bbox 452 2271 548 2335; x_wconf 86' lang='lat' dir='ltr'>hic</span> <span class='ocrx_word' id='word_1_161' title='bbox 578 2272 764 2357; x_wconf 86' lang='lat' dir='ltr'>aperit</span> <span class='ocrx_word' id='word_1_162' title='bbox 791 2282 1056 2357; x_wconf 81' lang='lat' dir='ltr'>portam,</span> <span class='ocrx_word' id='word_1_163' title='bbox 1108 2280 1166 2333; x_wconf 83' lang='lat' dir='ltr'>et</span> <span class='ocrx_word' id='word_1_164' title='bbox 1208 2270 1291 2333; x_wconf 83' lang='lat' dir='ltr'>sic</span> <span class='ocrx_word' id='word_1_165' title='bbox 1329 2270 1763 2352; x_wconf 63' lang='lat' dir='ltr'>ingrediuntun</span> <span class='ocrx_word' id='word_1_166' title='bbox 1819 2282 1957 2334; x_wconf 89' lang='lat' dir='ltr'>tnnc</span> <span class='ocrx_word' id='word_1_167' title='bbox 1996 2272 2231 2336; x_wconf 79' lang='lat' dir='ltr'>obviam</span> <span class='ocrx_word' id='word_1_168' title='bbox 2276 2273 2342 2337; x_wconf 75' lang='lat' dir='ltr'>fit</span> 
     </span>
     <span class='ocr_line' id='line_1_20' title="bbox 241 2368 2341 2462; baseline 0.002 -27"><span class='ocrx_word' id='word_1_169' title='bbox 241 2375 330 2436; x_wconf 89' lang='lat' dir='ltr'>eis</span> <span class='ocrx_word' id='word_1_170' title='bbox 355 2371 710 2458; x_wconf 73' lang='lat' dir='ltr'>Inquisitor3</span> <span class='ocrx_word' id='word_1_171' title='bbox 761 2373 860 2458; x_wconf 88' lang='lat' dir='ltr'>qui</span> <span class='ocrx_word' id='word_1_172' title='bbox 890 2368 1006 2436; x_wconf 70' lang='lat' dir='ltr'>iltis</span> <span class='ocrx_word' id='word_1_173' title='bbox 1033 2394 1064 2435; x_wconf 90' lang='lat' dir='ltr'>a</span> <span class='ocrx_word' id='word_1_174' title='bbox 1092 2369 1473 2435; x_wconf 82' lang='lat' dir='ltr'>Moderatore</span> <span class='ocrx_word' id='word_1_175' title='bbox 1506 2370 1673 2448; x_wconf 84' lang='lat' dir='ltr'>dicit,</span> <span class='ocrx_word' id='word_1_176' title='bbox 1727 2373 2078 2462; x_wconf 60' lang='lat' dir='ltr'>ut‘peni&#39;tius</span> <span class='ocrx_word' id='word_1_177' title='bbox 2117 2374 2341 2441; x_wconf 80' lang='lat' dir='ltr'>intrent</span> 
     </span>
     <span class='ocr_line' id='line_1_21' title="bbox 246 2472 2341 2561; baseline 0.003 -25"><span class='ocrx_word' id='word_1_178' title='bbox 246 2482 311 2536; x_wconf 84' lang='lat' dir='ltr'>et</span> <span class='ocrx_word' id='word_1_179' title='bbox 340 2474 674 2559; x_wconf 78' lang='lat' dir='ltr'>inquirant,</span> <span class='ocrx_word' id='word_1_180' title='bbox 725 2494 861 2536; x_wconf 85' lang='lat' dir='ltr'>num</span> <span class='ocrx_word' id='word_1_181' title='bbox 892 2473 1103 2537; x_wconf 88' lang='lat' dir='ltr'>alicubi</span> <span class='ocrx_word' id='word_1_182' title='bbox 1135 2472 1360 2536; x_wconf 88' lang='lat' dir='ltr'>Domus</span> <span class='ocrx_word' id='word_1_183' title='bbox 1386 2474 1532 2547; x_wconf 78' lang='lat' dir='ltr'>siut,</span> <span class='ocrx_word' id='word_1_184' title='bbox 1574 2496 1719 2560; x_wconf 89' lang='lat' dir='ltr'>quas</span> <span class='ocrx_word' id='word_1_185' title='bbox 1746 2483 2067 2561; x_wconf 75' lang='lat' dir='ltr'>agnoscant</span> <span class='ocrx_word' id='word_1_186' title='bbox 2096 2486 2158 2539; x_wconf 91' lang='lat' dir='ltr'>ut</span> <span class='ocrx_word' id='word_1_187' title='bbox 2185 2497 2341 2555; x_wconf 80' lang='lat' dir='ltr'>suas,</span> 
     </span>
    </p>
   </div>
   <div class='ocr_carea' id='block_1_3' title="bbox 226 2569 2340 2659">
    <p class='ocr_par' dir='ltr' id='par_1_4' title="bbox 226 2569 2340 2659">
     <span class='ocr_line' id='line_1_22' title="bbox 226 2569 2340 2659; baseline 0.001 -22"><span class='ocrx_word' id='word_1_188' title='bbox 226 2569 385 2638; x_wconf 46' lang='lat' dir='ltr'>‘nam</span> <span class='ocrx_word' id='word_1_189' title='bbox 419 2596 526 2659; x_wconf 87' lang='lat' dir='ltr'>pro</span> <span class='ocrx_word' id='word_1_190' title='bbox 552 2573 1019 2657; x_wconf 81' lang='lat' dir='ltr'>quovisnovitio</span> <span class='ocrx_word' id='word_1_191' title='bbox 1048 2570 1283 2659; x_wconf 78' lang='lat' dir='ltr'>Angelo</span> <span class='ocrx_word' id='word_1_192' title='bbox 1307 2584 1393 2654; x_wconf 81' lang='lat' dir='ltr'>est</span> <span class='ocrx_word' id='word_1_193' title='bbox 1422 2596 1577 2640; x_wconf 85' lang='lat' dir='ltr'>nova</span> <span class='ocrx_word' id='word_1_194' title='bbox 1605 2576 1918 2651; x_wconf 86' lang='lat' dir='ltr'>domus,et</span> <span class='ocrx_word' id='word_1_195' title='bbox 1944 2576 1991 2640; x_wconf 85' lang='lat' dir='ltr'>si</span> <span class='ocrx_word' id='word_1_196' title='bbox 2015 2575 2340 2655; x_wconf 70' lang='lat' dir='ltr'>inveniunt,</span> 
     </span>
    </p>
   </div>
   <div class='ocr_carea' id='block_1_4' title="bbox 235 2674 2344 4380">
    <p class='ocr_par' dir='ltr' id='par_1_5' title="bbox 235 2674 2344 4380">
     <span class='ocr_line' id='line_1_23' title="bbox 242 2674 2342 2754; baseline 0.001 -14"><span class='ocrx_word' id='word_1_197' title='bbox 242 2676 596 2741; x_wconf 82' lang='lat' dir='ltr'>renunciant</span> <span class='ocrx_word' id='word_1_198' title='bbox 622 2674 753 2751; x_wconf 87' lang='lat' dir='ltr'>hoc,</span> <span class='ocrx_word' id='word_1_199' title='bbox 796 2685 854 2739; x_wconf 89' lang='lat' dir='ltr'>et</span> <span class='ocrx_word' id='word_1_200' title='bbox 882 2685 1121 2739; x_wconf 85' lang='lat' dir='ltr'>manent</span> <span class='ocrx_word' id='word_1_201' title='bbox 1147 2674 1258 2748; x_wconf 89' lang='lat' dir='ltr'>ibi;</span> <span class='ocrx_word' id='word_1_202' title='bbox 1302 2684 1360 2738; x_wconf 83' lang='lat' dir='ltr'>at</span> <span class='ocrx_word' id='word_1_203' title='bbox 1385 2676 1437 2739; x_wconf 86' lang='lat' dir='ltr'>&#39;si</span> <span class='ocrx_word' id='word_1_204' title='bbox 1468 2697 1584 2740; x_wconf 90' lang='lat' dir='ltr'>non</span> <span class='ocrx_word' id='word_1_205' title='bbox 1613 2677 1936 2753; x_wconf 87' lang='lat' dir='ltr'>inveniunt,</span> <span class='ocrx_word' id='word_1_206' title='bbox 1978 2677 2242 2754; x_wconf 88' lang='lat' dir='ltr'>redeunt,</span> <span class='ocrx_word' id='word_1_207' title='bbox 2279 2688 2342 2743; x_wconf 82' lang='lat' dir='ltr'>et</span> 
     </span>
     <span class='ocr_line' id='line_1_24' title="bbox 237 2776 2340 2867; baseline 0.001 -28"><span class='ocrx_word' id='word_1_208' title='bbox 237 2777 465 2851; x_wconf 89' lang='lat' dir='ltr'>dicunt,</span> <span class='ocrx_word' id='word_1_209' title='bbox 493 2779 651 2865; x_wconf 89' lang='lat' dir='ltr'>quod</span> <span class='ocrx_word' id='word_1_210' title='bbox 681 2798 796 2839; x_wconf 86' lang='lat' dir='ltr'>non</span> <span class='ocrx_word' id='word_1_211' title='bbox 828 2776 1098 2849; x_wconf 87' lang='lat' dir='ltr'>viderint;</span> <span class='ocrx_word' id='word_1_212' title='bbox 1132 2787 1190 2840; x_wconf 87' lang='lat' dir='ltr'>et</span> <span class='ocrx_word' id='word_1_213' title='bbox 1222 2786 1359 2839; x_wconf 85' lang='lat' dir='ltr'>tunc</span> <span class='ocrx_word' id='word_1_214' title='bbox 1388 2799 1420 2840; x_wconf 93' lang='lat' dir='ltr'>a</span> <span class='ocrx_word' id='word_1_215' title='bbox 1444 2778 1698 2864; x_wconf 87' lang='lat' dir='ltr'>quodam</span> <span class='ocrx_word' id='word_1_216' title='bbox 1728 2778 2004 2865; x_wconf 81' lang='lat' dir='ltr'>Sapiente</span> <span class='ocrx_word' id='word_1_217' title='bbox 2031 2778 2110 2841; x_wconf 85' lang='lat' dir='ltr'>ibi</span> <span class='ocrx_word' id='word_1_218' title='bbox 2141 2779 2340 2867; x_wconf 82' lang='lat' dir='ltr'>explo-</span> 
     </span>
     <span class='ocr_line' id='line_1_25' title="bbox 235 2878 2341 2965; baseline 0 -22"><span class='ocrx_word' id='word_1_219' title='bbox 235 2887 427 2954; x_wconf 82' lang='lat' dir='ltr'>ratur,</span> <span class='ocrx_word' id='word_1_220' title='bbox 455 2899 599 2940; x_wconf 83' lang='lat' dir='ltr'>num</span> <span class='ocrx_word' id='word_1_221' title='bbox 631 2878 758 2941; x_wconf 83' lang='lat' dir='ltr'>Lux</span> <span class='ocrx_word' id='word_1_222' title='bbox 786 2880 1022 2962; x_wconf 83' lang='lat' dir='ltr'>quaein</span> <span class='ocrx_word' id='word_1_223' title='bbox 1052 2878 1163 2941; x_wconf 80' lang='lat' dir='ltr'>inis</span> <span class='ocrx_word' id='word_1_224' title='bbox 1189 2888 1298 2952; x_wconf 87' lang='lat' dir='ltr'>est,</span> <span class='ocrx_word' id='word_1_225' title='bbox 1329 2879 1651 2943; x_wconf 82' lang='lat' dir='ltr'>concordat</span> <span class='ocrx_word' id='word_1_226' title='bbox 1673 2897 1802 2941; x_wconf 88' lang='lat' dir='ltr'>cum</span> <span class='ocrx_word' id='word_1_227' title='bbox 1825 2880 1956 2941; x_wconf 83' lang='lat' dir='ltr'>luce</span> <span class='ocrx_word' id='word_1_228' title='bbox 1983 2882 2134 2965; x_wconf 87' lang='lat' dir='ltr'>quae</span> <span class='ocrx_word' id='word_1_229' title='bbox 2160 2881 2218 2942; x_wconf 88' lang='lat' dir='ltr'>in</span> <span class='ocrx_word' id='word_1_230' title='bbox 2245 2895 2341 2943; x_wconf 86' lang='lat' dir='ltr'>so·</span> 
     </span>
     <span class='ocr_line' id='line_1_26' title="bbox 237 2978 2343 3068; baseline -0 -25"><span class='ocrx_word' id='word_1_231' title='bbox 237 2980 455 3043; x_wconf 80' lang='lat' dir='ltr'>cietate</span> <span class='ocrx_word' id='word_1_232' title='bbox 480 2991 590 3053; x_wconf 83' lang='lat' dir='ltr'>est,</span> <span class='ocrx_word' id='word_1_233' title='bbox 615 2990 674 3042; x_wconf 90' lang='lat' dir='ltr'>et</span> <span class='ocrx_word' id='word_1_234' title='bbox 700 2980 983 3068; x_wconf 74' lang='lat' dir='ltr'>imprimis</span> <span class='ocrx_word' id='word_1_235' title='bbox 1014 3001 1152 3042; x_wconf 89' lang='lat' dir='ltr'>num</span> <span class='ocrx_word' id='word_1_236' title='bbox 1175 2978 1385 3051; x_wconf 64' lang='lat' dir='ltr'>Calon</span> <span class='ocrx_word' id='word_1_237' title='bbox 1414 2980 1541 3044; x_wconf 83' lang='lat' dir='ltr'>Lux</span> <span class='ocrx_word' id='word_1_238' title='bbox 1565 2981 1717 3042; x_wconf 81' lang='lat' dir='ltr'>enim</span> <span class='ocrx_word' id='word_1_239' title='bbox 1742 2980 1902 3043; x_wconf 76' lang='lat' dir='ltr'>Caeii</span> <span class='ocrx_word' id='word_1_240' title='bbox 1929 2981 1988 3042; x_wconf 88' lang='lat' dir='ltr'>in</span> <span class='ocrx_word' id='word_1_241' title='bbox 2016 3002 2121 3045; x_wconf 90' lang='lat' dir='ltr'>sua</span> <span class='ocrx_word' id='word_1_242' title='bbox 2149 3001 2343 3044; x_wconf 83' lang='lat' dir='ltr'>essen-</span> 
     </span>
     <span class='ocr_line' id='line_1_27' title="bbox 237 3079 2343 3162; baseline -0 -18"><span class='ocrx_word' id='word_1_243' title='bbox 237 3081 327 3144; x_wconf 51' lang='lat' dir='ltr'>tia*</span> <span class='ocrx_word' id='word_1_244' title='bbox 354 3092 441 3144; x_wconf 88' lang='lat' dir='ltr'>est</span> <span class='ocrx_word' id='word_1_245' title='bbox 472 3080 750 3143; x_wconf 83' lang='lat' dir='ltr'>Divinum</span> <span class='ocrx_word' id='word_1_246' title='bbox 783 3081 1001 3143; x_wconf 83' lang='lat' dir='ltr'>Verum</span> <span class='ocrx_word' id='word_1_247' title='bbox 1021 3129 1037 3155; x_wconf 98' lang='lat'>,</span> <span class='ocrx_word' id='word_1_248' title='bbox 1079 3090 1135 3141; x_wconf 85' lang='lat' dir='ltr'>et</span> <span class='ocrx_word' id='word_1_249' title='bbox 1166 3079 1345 3144; x_wconf 82' lang='lat' dir='ltr'>Calor</span> <span class='ocrx_word' id='word_1_250' title='bbox 1370 3079 1620 3162; x_wconf 69' lang='lat' dir='ltr'>Caeliin</span> <span class='ocrx_word' id='word_1_251' title='bbox 1648 3103 1750 3144; x_wconf 89' lang='lat' dir='ltr'>sua</span> <span class='ocrx_word' id='word_1_252' title='bbox 1783 3081 2029 3145; x_wconf 83' lang='lat' dir='ltr'>essentia</span> <span class='ocrx_word' id='word_1_253' title='bbox 2055 3091 2143 3146; x_wconf 81' lang='lat' dir='ltr'>est</span> <span class='ocrx_word' id='word_1_254' title='bbox 2173 3079 2343 3146; x_wconf 82' lang='lat' dir='ltr'>Divi-</span> 
     </span>
     <span class='ocr_line' id='line_1_28' title="bbox 238 3180 2341 3266; baseline -0.001 -19"><span class='ocrx_word' id='word_1_255' title='bbox 238 3203 386 3247; x_wconf 88' lang='lat' dir='ltr'>num</span> <span class='ocrx_word' id='word_1_256' title='bbox 416 3181 1013 3266; x_wconf 68' lang='lat' dir='ltr'>Bonum,‘ntrumque</span> <span class='ocrx_word' id='word_1_257' title='bbox 1044 3182 1367 3266; x_wconf 79' lang='lat' dir='ltr'>procedens</span> <span class='ocrx_word' id='word_1_258' title='bbox 1399 3203 1429 3243; x_wconf 88' lang='grc'>3</span> <span class='ocrx_word' id='word_1_259' title='bbox 1458 3180 1717 3245; x_wconf 87' lang='lat' dir='ltr'>Domino</span> <span class='ocrx_word' id='word_1_260' title='bbox 1751 3191 1812 3243; x_wconf 89' lang='lat' dir='ltr'>ut</span> <span class='ocrx_word' id='word_1_261' title='bbox 1837 3181 1975 3246; x_wconf 80' lang='lat' dir='ltr'>Sole</span> <span class='ocrx_word' id='word_1_262' title='bbox 2002 3182 2115 3254; x_wconf 89' lang='lat' dir='ltr'>ibi;</span> <span class='ocrx_word' id='word_1_263' title='bbox 2154 3181 2200 3245; x_wconf 83' lang='lat' dir='ltr'>si</span> <span class='ocrx_word' id='word_1_264' title='bbox 2229 3181 2341 3244; x_wconf 72' lang='lat' dir='ltr'>alia</span> 
     </span>
     <span class='ocr_line' id='line_1_29' title="bbox 236 3281 2342 3366; baseline -0.001 -18"><span class='ocrx_word' id='word_1_265' title='bbox 236 3282 459 3348; x_wconf 79' lang='lat' dir='ltr'>Lux-et</span> <span class='ocrx_word' id='word_1_266' title='bbox 486 3282 639 3366; x_wconf 78' lang='lat' dir='ltr'>alius</span> <span class='ocrx_word' id='word_1_267' title='bbox 659 3281 869 3356; x_wconf 82' lang='lat' dir='ltr'>Calor,</span> <span class='ocrx_word' id='word_1_268' title='bbox 917 3303 1095 3366; x_wconf 87' lang='lat' dir='ltr'>quam</span> <span class='ocrx_word' id='word_1_269' title='bbox 1140 3282 1267 3345; x_wconf 87' lang='lat' dir='ltr'>Lux</span> <span class='ocrx_word' id='word_1_270' title='bbox 1310 3292 1371 3343; x_wconf 84' lang='lat' dir='ltr'>et</span> <span class='ocrx_word' id='word_1_271' title='bbox 1397 3281 1575 3345; x_wconf 81' lang='lat' dir='ltr'>Calor</span> <span class='ocrx_word' id='word_1_272' title='bbox 1604 3282 1752 3345; x_wconf 86' lang='lat' dir='ltr'>illius</span> <span class='ocrx_word' id='word_1_273' title='bbox 1781 3282 2091 3346; x_wconf 87' lang='lat' dir='ltr'>Societatis</span> <span class='ocrx_word' id='word_1_274' title='bbox 2130 3282 2189 3343; x_wconf 88' lang='lat' dir='ltr'>in</span> <span class='ocrx_word' id='word_1_275' title='bbox 2231 3281 2342 3347; x_wconf 82' lang='lat' dir='ltr'>iilis</span> 
     </span>
     <span class='ocr_line' id='line_1_30' title="bbox 235 3380 2342 3469; baseline -0.001 -21"><span class='ocrx_word' id='word_1_276' title='bbox 235 3393 399 3458; x_wconf 89' lang='lat' dir='ltr'>sunt,</span> <span class='ocrx_word' id='word_1_277' title='bbox 416 3382 537 3447; x_wconf 70' lang='lat' dir='ltr'>&#39;hoc</span> <span class='ocrx_word' id='word_1_278' title='bbox 566 3393 672 3457; x_wconf 87' lang='lat' dir='ltr'>est,</span> <span class='ocrx_word' id='word_1_279' title='bbox 712 3383 758 3446; x_wconf 86' lang='lat' dir='ltr'>si</span> <span class='ocrx_word' id='word_1_280' title='bbox 790 3383 947 3446; x_wconf 81' lang='lat' dir='ltr'>aliud</span> <span class='ocrx_word' id='word_1_281' title='bbox 968 3382 1188 3448; x_wconf 84' lang='lat' dir='ltr'>Verum</span> <span class='ocrx_word' id='word_1_282' title='bbox 1217 3393 1273 3444; x_wconf 86' lang='lat' dir='ltr'>et</span> <span class='ocrx_word' id='word_1_283' title='bbox 1303 3380 1558 3457; x_wconf 89' lang='lat' dir='ltr'>Bonum,</span> <span class='ocrx_word' id='word_1_284' title='bbox 1598 3406 1714 3446; x_wconf 87' lang='lat' dir='ltr'>non</span> <span class='ocrx_word' id='word_1_285' title='bbox 1746 3384 2127 3469; x_wconf 82' lang='lat' dir='ltr'>recipiuntur,</span> <span class='ocrx_word' id='word_1_286' title='bbox 2157 3395 2342 3467; x_wconf 80' lang='lat' dir='ltr'>quare</span> 
     </span>
     <span class='ocr_line' id='line_1_31' title="bbox 235 3481 2343 3571; baseline -0.001 -22"><span class='ocrx_word' id='word_1_287' title='bbox 235 3486 466 3549; x_wconf 77' lang='lat' dir='ltr'>abeunt</span> <span class='ocrx_word' id='word_1_288' title='bbox 493 3484 660 3557; x_wconf 87' lang='lat' dir='ltr'>inde,</span> <span class='ocrx_word' id='word_1_289' title='bbox 716 3494 769 3545; x_wconf 87' lang='lat' dir='ltr'>et</span> <span class='ocrx_word' id='word_1_290' title='bbox 804 3504 911 3568; x_wconf 80' lang='lat' dir='ltr'>per</span> <span class='ocrx_word' id='word_1_291' title='bbox 936 3483 1060 3550; x_wconf 77' lang='lat' dir='ltr'>vias</span> <span class='ocrx_word' id='word_1_292' title='bbox 1099 3484 1251 3546; x_wconf 85' lang='lat' dir='ltr'>inter</span> <span class='ocrx_word' id='word_1_293' title='bbox 1278 3481 1605 3548; x_wconf 84' lang='lat' dir='ltr'>Societates</span> <span class='ocrx_word' id='word_1_294' title='bbox 1644 3485 1700 3545; x_wconf 88' lang='lat' dir='ltr'>in</span> <span class='ocrx_word' id='word_1_295' title='bbox 1746 3484 1925 3547; x_wconf 76' lang='lat' dir='ltr'>Caelo</span> <span class='ocrx_word' id='word_1_296' title='bbox 1965 3491 2197 3571; x_wconf 83' lang='lat' dir='ltr'>apertas</span> <span class='ocrx_word' id='word_1_297' title='bbox 2237 3489 2343 3547; x_wconf 65' lang='lat' dir='ltr'>va·</span> 
     </span>
     <span class='ocr_line' id='line_1_32' title="bbox 239 3579 2341 3670; baseline 0 -21"><span class='ocrx_word' id='word_1_298' title='bbox 239 3586 428 3660; x_wconf 86' lang='lat' dir='ltr'>dunt,</span> <span class='ocrx_word' id='word_1_299' title='bbox 480 3579 678 3652; x_wconf 68' lang='lat' dir='ltr'>et&#39;hoi:</span> <span class='ocrx_word' id='word_1_300' title='bbox 709 3584 1056 3670; x_wconf 82' lang='lat' dir='ltr'>usquedum</span> <span class='ocrx_word' id='word_1_301' title='bbox 1092 3585 1400 3647; x_wconf 81' lang='lat' dir='ltr'>inveniunt</span> <span class='ocrx_word' id='word_1_302' title='bbox 1431 3584 1784 3648; x_wconf 73' lang='lat' dir='ltr'>Societatem</span> <span class='ocrx_word' id='word_1_303' title='bbox 1832 3582 2236 3650; x_wconf 82' lang='lat' dir='ltr'>affectionibus</span> <span class='ocrx_word' id='word_1_304' title='bbox 2274 3585 2341 3649; x_wconf 89' lang='lat' dir='ltr'>il-</span> 
     </span>
     <span class='ocr_line' id='line_1_33' title="bbox 235 3683 2342 3772; baseline 0 -22"><span class='ocrx_word' id='word_1_305' title='bbox 235 3687 436 3750; x_wconf 76' lang='lat' dir='ltr'>lorum</span> <span class='ocrx_word' id='word_1_306' title='bbox 467 3707 704 3772; x_wconf 81' lang='lat' dir='ltr'>prorsus</span> <span class='ocrx_word' id='word_1_307' title='bbox 732 3706 1094 3770; x_wconf 80' lang='lat' dir='ltr'>congruam,</span> <span class='ocrx_word' id='word_1_308' title='bbox 1144 3693 1204 3748; x_wconf 86' lang='lat' dir='ltr'>et</span> <span class='ocrx_word' id='word_1_309' title='bbox 1232 3686 1312 3747; x_wconf 88' lang='lat' dir='ltr'>ibi</span> <span class='ocrx_word' id='word_1_310' title='bbox 1341 3683 1406 3747; x_wconf 84' lang='lat' dir='ltr'>fit</span> <span class='ocrx_word' id='word_1_311' title='bbox 1445 3685 1733 3750; x_wconf 84' lang='lat' dir='ltr'>habitatio</span> <span class='ocrx_word' id='word_1_312' title='bbox 1774 3687 2008 3751; x_wconf 87' lang='lat' dir='ltr'>illorum</span> <span class='ocrx_word' id='word_1_313' title='bbox 2051 3688 2107 3749; x_wconf 92' lang='lat' dir='ltr'>in</span> <span class='ocrx_word' id='word_1_314' title='bbox 2152 3696 2342 3750; x_wconf 82' lang='lat' dir='ltr'>aeter-</span> 
     </span>
     <span class='ocr_line' id='line_1_34' title="bbox 235 3783 2341 3873; baseline 0 -22"><span class='ocrx_word' id='word_1_315' title='bbox 235 3809 422 3858; x_wconf 86' lang='lat' dir='ltr'>num;</span> <span class='ocrx_word' id='word_1_316' title='bbox 476 3795 608 3851; x_wconf 86' lang='lat' dir='ltr'>sunt</span> <span class='ocrx_word' id='word_1_317' title='bbox 639 3787 801 3866; x_wconf 66' lang='lat' dir='ltr'>enim=</span> <span class='ocrx_word' id='word_1_318' title='bbox 824 3787 911 3848; x_wconf 81' lang='lat' dir='ltr'>ibi·</span> <span class='ocrx_word' id='word_1_319' title='bbox 933 3787 1087 3848; x_wconf 86' lang='lat' dir='ltr'>inter</span> <span class='ocrx_word' id='word_1_320' title='bbox 1117 3808 1282 3860; x_wconf 90' lang='lat' dir='ltr'>suos,</span> <span class='ocrx_word' id='word_1_321' title='bbox 1338 3783 1832 3873; x_wconf 79' lang='lat' dir='ltr'>quemadmodum</span> <span class='ocrx_word' id='word_1_322' title='bbox 1875 3787 2029 3852; x_wconf 83' lang='lat' dir='ltr'>inter</span> <span class='ocrx_word' id='word_1_323' title='bbox 2058 3787 2257 3872; x_wconf 83' lang='lat' dir='ltr'>affines</span> <span class='ocrx_word' id='word_1_324' title='bbox 2282 3798 2341 3854; x_wconf 82' lang='lat' dir='ltr'>et</span> 
     </span>
     <span class='ocr_line' id='line_1_35' title="bbox 237 3884 2340 3976; baseline -0.002 -23"><span class='ocrx_word' id='word_1_325' title='bbox 237 3888 498 3961; x_wconf 85' lang='lat' dir='ltr'>amicos,</span> <span class='ocrx_word' id='word_1_326' title='bbox 552 3910 731 3976; x_wconf 89' lang='lat' dir='ltr'>quos,</span> <span class='ocrx_word' id='word_1_327' title='bbox 787 3888 920 3974; x_wconf 77' lang='lat' dir='ltr'>quia</span> <span class='ocrx_word' id='word_1_328' title='bbox 951 3888 1006 3949; x_wconf 88' lang='lat' dir='ltr'>in</span> <span class='ocrx_word' id='word_1_329' title='bbox 1038 3887 1206 3950; x_wconf 79' lang='lat' dir='ltr'>simiii</span> <span class='ocrx_word' id='word_1_330' title='bbox 1235 3884 1742 3963; x_wconf 70' lang='lat' dir='ltr'>affectione-sunt,</span> <span class='ocrx_word' id='word_1_331' title='bbox 1793 3910 1861 3951; x_wconf 88' lang='lat' dir='ltr'>ex</span> <span class='ocrx_word' id='word_1_332' title='bbox 1902 3888 2080 3952; x_wconf 85' lang='lat' dir='ltr'>corde</span> <span class='ocrx_word' id='word_1_333' title='bbox 2121 3895 2340 3964; x_wconf 86' lang='lat' dir='ltr'>amant,</span> 
     </span>
     <span class='ocr_line' id='line_1_36' title="bbox 240 3987 2340 4076; baseline -0.002 -22"><span class='ocrx_word' id='word_1_334' title='bbox 240 3998 305 4054; x_wconf 83' lang='lat' dir='ltr'>et</span> <span class='ocrx_word' id='word_1_335' title='bbox 336 3989 416 4052; x_wconf 88' lang='lat' dir='ltr'>ibi</span> <span class='ocrx_word' id='word_1_336' title='bbox 442 3999 576 4051; x_wconf 90' lang='lat' dir='ltr'>sunt</span> <span class='ocrx_word' id='word_1_337' title='bbox 605 3989 662 4054; x_wconf 89' lang='lat' dir='ltr'>in</span> <span class='ocrx_word' id='word_1_338' title='bbox 694 3989 847 4053; x_wconf 83' lang='lat' dir='ltr'>vitae</span> <span class='ocrx_word' id='word_1_339' title='bbox 873 4006 1014 4052; x_wconf 82' lang='lat' dir='ltr'>suae</span> <span class='ocrx_word' id='word_1_340' title='bbox 1043 3987 1375 4064; x_wconf 81' lang='lat' dir='ltr'>faustitate,</span> <span class='ocrx_word' id='word_1_341' title='bbox 1428 4000 1486 4052; x_wconf 91' lang='lat' dir='ltr'>et</span> <span class='ocrx_word' id='word_1_342' title='bbox 1525 3989 1585 4051; x_wconf 87' lang='lat' dir='ltr'>in</span> <span class='ocrx_word' id='word_1_343' title='bbox 1629 3990 1807 4053; x_wconf 88' lang='lat' dir='ltr'>totius</span> <span class='ocrx_word' id='word_1_344' title='bbox 1851 3990 2228 4076; x_wconf 47' lang='lat' dir='ltr'>pectorisvsui</span> <span class='ocrx_word' id='word_1_345' title='bbox 2269 4010 2340 4051; x_wconf 84' lang='lat' dir='ltr'>ex</span> 
     </span>
     <span class='ocr_line' id='line_1_37' title="bbox 240 4087 2344 4180; baseline -0.001 -27"><span class='ocrx_word' id='word_1_346' title='bbox 240 4112 388 4180; x_wconf 76' lang='lat' dir='ltr'>pace</span> <span class='ocrx_word' id='word_1_347' title='bbox 416 4090 644 4153; x_wconf 84' lang='lat' dir='ltr'>animae</span> <span class='ocrx_word' id='word_1_348' title='bbox 672 4087 1036 4175; x_wconf 87' lang='lat' dir='ltr'>jucunditate</span> <span class='ocrx_word' id='word_1_349' title='bbox 1054 4138 1069 4164; x_wconf 93' lang='lat'>,</span> <span class='ocrx_word' id='word_1_350' title='bbox 1115 4087 1386 4154; x_wconf 75' lang='lat' dir='ltr'>esten&#39;im</span> <span class='ocrx_word' id='word_1_351' title='bbox 1413 4090 1474 4154; x_wconf 90' lang='lat' dir='ltr'>in</span> <span class='ocrx_word' id='word_1_352' title='bbox 1503 4087 1715 4154; x_wconf 85' lang='lat' dir='ltr'>Calore</span> <span class='ocrx_word' id='word_1_353' title='bbox 1741 4099 1801 4152; x_wconf 87' lang='lat' dir='ltr'>et</span> <span class='ocrx_word' id='word_1_354' title='bbox 1827 4090 1983 4153; x_wconf 83' lang='lat' dir='ltr'>Luce</span> <span class='ocrx_word' id='word_1_355' title='bbox 2012 4089 2172 4155; x_wconf 87' lang='lat' dir='ltr'>Caeli</span> <span class='ocrx_word' id='word_1_356' title='bbox 2200 4088 2344 4151; x_wconf 76' lang='lat' dir='ltr'>deli-</span> 
     </span>
     <span class='ocr_line' id='line_1_38' title="bbox 241 4183 2342 4277; baseline -0.004 -22"><span class='ocrx_word' id='word_1_357' title='bbox 241 4183 751 4266; x_wconf 62' lang='lat' dir='ltr'>tium&gt;inefl⁸ahile,</span> <span class='ocrx_word' id='word_1_358' title='bbox 803 4189 958 4277; x_wconf 80' lang='lat' dir='ltr'>quod</span> <span class='ocrx_word' id='word_1_359' title='bbox 991 4190 1492 4263; x_wconf 62' lang='lat' dir='ltr'>communicatum</span> <span class='ocrx_word' id='word_1_360' title='bbox 1546 4190 1626 4253; x_wconf 91' lang='lat' dir='ltr'>ita</span> <span class='ocrx_word' id='word_1_361' title='bbox 1668 4188 1746 4254; x_wconf 73' lang='lat' dir='ltr'>fit&#39;·</span> <span class='ocrx_word' id='word_1_362' title='bbox 1772 4212 1902 4254; x_wconf 88' lang='lat' dir='ltr'>cum</span> <span class='ocrx_word' id='word_1_363' title='bbox 1950 4190 2061 4254; x_wconf 80' lang='lat' dir='ltr'>iliis</span> <span class='ocrx_word' id='word_1_364' title='bbox 2087 4188 2188 4274; x_wconf 89' lang='lat' dir='ltr'>qui</span> <span class='ocrx_word' id='word_1_365' title='bbox 2217 4186 2342 4250; x_wconf 85' lang='lat' dir='ltr'>An-</span> 
     </span>
     <span class='ocr_line' id='line_1_39' title="bbox 242 4285 2341 4380; baseline -0.004 -24"><span class='ocrx_word' id='word_1_366' title='bbox 242 4292 357 4379; x_wconf 79' lang='lat' dir='ltr'>geli</span> <span class='ocrx_word' id='word_1_367' title='bbox 380 4291 550 4358; x_wconf 62' lang='lat' dir='ltr'>&#39;&#39;fmnh</span> <span class='ocrx_word' id='word_1_368' title='bbox 626 4291 746 4356; x_wconf 72' lang='lat' dir='ltr'>&#39;Sed</span> <span class='ocrx_word' id='word_1_369' title='bbox 777 4291 876 4380; x_wconf 86' lang='lat' dir='ltr'>qui</span> <span class='ocrx_word' id='word_1_370' title='bbox 901 4292 963 4355; x_wconf 86' lang='lat' dir='ltr'>in</span> <span class='ocrx_word' id='word_1_371' title='bbox 1002 4291 1167 4356; x_wconf 84' lang='lat' dir='ltr'>malis</span> <span class='ocrx_word' id='word_1_372' title='bbox 1210 4300 1267 4355; x_wconf 89' lang='lat' dir='ltr'>et</span> <span class='ocrx_word' id='word_1_373' title='bbox 1309 4290 1470 4356; x_wconf 82' lang='lat' dir='ltr'>salsis</span> <span class='ocrx_word' id='word_1_374' title='bbox 1510 4298 1676 4364; x_wconf 80' lang='lat' dir='ltr'>sunt,</span> <span class='ocrx_word' id='word_1_375' title='bbox 1713 4289 1839 4354; x_wconf 78' lang='lat' dir='ltr'>&#39;illis</span> <span class='ocrx_word' id='word_1_376' title='bbox 1878 4309 1949 4352; x_wconf 83' lang='lat' dir='ltr'>ex</span> <span class='ocrx_word' id='word_1_377' title='bbox 1996 4288 2163 4355; x_wconf 85' lang='lat' dir='ltr'>venia</span> <span class='ocrx_word' id='word_1_378' title='bbox 2204 4285 2341 4347; x_wconf 79' lang='lat' dir='ltr'>iicet</span> 
     </span>
    </p>
   </div>
  </div>
 </body>
</html>
