2750 4775
449 332 560 383 398
675 320 1134 375 UMVERSA
1178 320 1715 375 'ruEOLOGlA
1770 321 1839 374 N.
1876 318 1947 375 C.
1990 321 2095 372 ET
2138 320 2205 372 N.
2249 321 2318 376 E.

551 476 710 563 quod
755 477 811 539 in
842 474 1067 539 Mundo
1104 475 1393 563 spirituali
1418 473 1724 539 manifeste
1743 523 1761 549 ‚
1808 484 1870 537 et
1896 473 2057 561 quod
2086 474 2147 538 in
2176 474 2293 538 hoc
2321 475 2574 562 aliquo·

549 578 658 642 ties
701 584 1011 642 vertantur
1049 576 1112 637 in
1153 576 1401 652 odores,
1452 585 1513 640 et
1557 577 1717 661 quod
1762 584 1905 639 tunc
1946 575 2309 663 percipiatur
2356 577 2576 662 q'ualia
2692 600 2693 603 ¹

550 687 686 744 sunt
721 677 1012 761 jucunda,
1062 684 1121 740 et
1163 677 1328 762 cujus
1370 677 1590 742 amoris
1630 687 1800 748 suut;
1852 686 1913 739 et
1953 675 2111 761 quod
2151 677 2577 763 percipiantur

493 826 502 835 -
551 779 805 867 jucunda
844 779 1062 843 amoris
1098 777 1276 853 boni,
1327 777 1526 863 qualia
1568 777 1626 840 in
1656 776 1855 842 Caelis
1871 786 2008 841 sunt
2032 828 2046 850 ,
2098 778 2249 842 sicut
2280 776 2577 864 fragran-

553 882 669 945 tiae
706 881 768 943 in
807 879 992 945 bortis
1028 889 1088 941 et
1123 877 1381 953 floretis,
1431 889 1491 941 et
1535 878 1786 945 vicissim
1832 879 2087 961 jucunda
2127 879 2356 942 amoris
2406 879 2573 954 mali,

554 981 749 1071 qualia
788 990 923 1045 seuit
963 980 1024 1042 iu
1065 979 1346 1049 laternis,
1400 980 1551 1044 sicin
1580 981 1816 1047 nidores
1854 990 1912 1043 et
1939 979 2194 1043 faetores
2221 1000 2298 1043 ex
2332 981 2578 1067 stagnis

551 1104 625 1146 ex
651 1082 907 1154 latrinis;
946 1091 1004 1146 et
1035 1081 1193 1168 quod
1218 1081 1356 1166 quia
1387 1082 1466 1144 ita
1497 1080 1747 1168 oppositi
1775 1088 1933 1153 sunt,
1968 1079 2188 1144 diaboli
2214 1083 2577 1146 crucientur

552 1184 690 1247 dum
709 1181 1241 1269 sentiuutaliqueru
1269 1183 1512 1245 odorem
1538 1183 1979 1247 suaveolentem
2000 1181 2164 1258 caeli,
2200 1202 2274 1246 ac
2298 1180 2570 1248 vicissim

554 1286 747 1372 angeli
777 1286 915 1348 dum
943 1283 1197 1370 aliquem
1225 1284 1667 1369 graveolentem
1699 1282 1957 1352 Inferni3
2012 1282 2169 1368 quod
2196 1283 2280 1347 ita
2309 1282 2415 1358 sit,
2459 1305 2571 1371 pet

556 1386 674 1450 duo
727 1386 990 1472 exempla
1045 1382 1456 1449 confirmatum
1518 1393 1625 1448 est.
1712 1384 1801 1447 Ex
1853 1382 1965 1446 hac
2003 1403 2176 1447 causa
2219 1392 2340 1457 est,
2398 1384 2568 1473 quod

555 1487 771 1551 Oleum
799 1487 1091 1551 unctionis
1115 1508 1189 1549 ex
1221 1484 1559 1551 aromaticis
1587 1494 1857 1573 paratum
1882 1485 1995 1558 sit,
2044 1493 2105 1546 et
2131 1484 2293 1569 quod
2322 1484 2570 1550 dicatur

558 1588 632 1654 de
657 1584 966 1662 Jehovah,
1020 1587 1180 1672 quod
1207 1608 1280 1651 ex
1308 1587 1665 1651 holocaustis
1703 1586 1984 1649 odoratus
2018 1585 2093 1648 sit
2129 1585 2381 1649 odorem
2425 1607 2568 1673 gra·

558 1702 716 1762 tunm
771 1698 830 1752 et
858 1689 1141 1760 vicissim,
1195 1689 1354 1773 quod
1380 1686 1728 1751 mandatum
1757 1686 1830 1750 sit
1873 1684 2295 1762 filiis-Israelis,
2350 1697 2425 1749 ut
2465 1708 2566 1750 ex-

558 1798 864 1877 portarent
900 1787 1204 1852 immunda
1248 1799 1413 1852 extra
1456 1798 1681 1863 castra,
1732 1798 1791 1853 et
1821 1787 1980 1873 quod
2017 1795 2401 1850 excrementa
2444 1789 2564 1854 alvi

557 1891 936 1962 desudet-enh
1010 1897 1200 1953 castra
1239 1892 1397 1955 enim
1440 1890 1673 1952 illorum
1728 1887 2252 1975 repraesentabant
2288 1887 2565 1964 Caelum,

560 2014 630 2056 ac
657 1992 950 2056 desertum
978 2001 1144 2054 extra
1183 1992 1665 2076 repraesentabat
1695 1987 2032 2065 Infernum,
2086 2010 2154 2050 n:
2199 1993 2351 2052 569.

457 2091 615 2156 LIX.
668 2092 843 2173 Quod
883 2092 1120 2177 quidam
1155 2090 1419 2155 novitius
1456 2092 1720 2177 spiritus,
1788 2090 1988 2175 quiin
2032 2089 2260 2154 Mundo
2304 2092 2559 2156 multum

559 2193 872 2257 meditatus
908 2202 994 2257 est
1038 2193 1110 2256 de
1140 2192 1320 2256 Caelo
1337 2203 1401 2255 et
1426 2190 1702 2266 Inferno,
1754 2191 2173 2279 desideraverit
2199 2191 2353 2257 scire
2382 2192 2562 2278 quale

557 2305 644 2358 est
673 2315 852 2356 unum
883 2301 943 2356 et
967 2293 1241 2368 alterum,
1274 2302 1330 2356 et
1359 2293 1519 2379 quod
1548 2315 1583 2356 e
1610 2291 1790 2357 Caelo
1818 2292 1875 2354 ei
1903 2291 2119 2356 dictum
2148 2292 2242 2365 sit,
2288 2292 2563 2370 anmuss

557 2414 715 2471 Qun>
751 2394 1111 2459 ,incursuum
1164 2416 1242 2459 Εἰ·
1292 2415 1670 2472 coenoscrs,
1740 2414 1924 2479 quare
1978 2394 2182 2458 abiens
2232 2395 2561 2480 inquisivit,

556 2497 658 2558 sed
694 2496 848 2580 apud
871 2496 1116 2583 spiritus
1141 2517 1302 2560 mere
1328 2496 1627 2560 naturales
1664 2495 1724 2558 in
1760 2516 1973 2559 vanum
1995 2524 2009 2569 ;
2065 2505 2127 2557 at
2153 2496 2452 2562 deductus
2474 2507 2560 2561 est

560 2597 634 2659 ad
665 2607 786 2660 tres
806 2595 1021 2661 Cactus
1048 2598 1105 2659 in
1140 2596 1382 2672 ordine,
1437 2598 1510 2659 ad
1562 2618 1743 2662 uuum
1784 2596 1886 2659 ubi
1930 2596 2328 2684 explorabant
2364 2598 2557 2673 Fines,

521 2708 617 2761 *et
655 2696 789 2762 inde
829 2696 968 2762 dicti
1011 2707 1144 2761 sunt
1189 2697 1564 2784 Sapientiae,
1634 2700 1708 2761 ad
1749 2697 1997 2761 alterum
2046 2697 2146 2760 ubi
2185 2698 2559 2763 rimabantur

559 2799 810 2872 Causas,
866 2810 924 2863 et
957 2799 1098 2864 inde
1134 2799 1269 2863 dicti
1309 2809 1445 2863 suut
1474 2797 1937 2885 Intelligentiae,
1992 2807 2051 2860 et
2077 2798 2428 2864 adtertium
2462 2800 2557 2864 ubi

559 2902 889 2965 lustrabant
932 2898 1222 2976 Effectus,
1279 2910 1337 2963 et
1370 2899 1506 2964 inde
1546 2901 1684 2964 dicti
1729 2910 1864 2964 sunt
1897 2899 2223 2970 scientiam
2280 2911 2342 2963 et
2369 2901 2450 2964 ab
2474 2899 2556 2965 bis

555 3011 620 3066 et
663 3002 776 3068 illis
819 3003 1138 3067 instructus
1176 3012 1299 3076 est,
1351 3002 1511 3087 quod
1553 3002 1673 3065 vita
1720 3000 1903 3064 cuivis
1939 3001 2181 3086 angelo,
2238 3001 2475 3088 spiritui
2498 3010 2555 3066 et

558 3102 784 3169 homini
811 3105 886 3168 sit
909 3123 983 3166 ex
1009 3102 1288 3167 Jucundo
1318 3103 1718 3187 amoris‘ejus,
1773 3112 1830 3165 et
1859 3102 2017 3185 quod
2046 3100 2325 3165 voluntas
2357 3112 2420 3166 et
2460 3124 2554 3167 co·

549 3205 764 3289 gitatio
791 3227 912 3268 non
942 3205 1157 3292 possint
1186 3223 1427 3290 :novere
1456 3224 1718 3291 passum,
1760 3202 1867 3265 nisi
1898 3224 1931 3266 a
1952 3199 2220 3285 >ju‘cundo
2247 3205 2552 3289 cujusdam

557 3305 808 3381 amoris,
862 3315 921 3369 et
949 3307 1106 3392 quod
1132 3304 1349 3370 hoc-sit
1378 3305 1592 3391 cuique
1619 3306 1676 3367 id
1704 3304 1860 3390 quod
1894 3313 2144 3367 vocatur
2169 3303 2448 3378 Bonum;
2500 3312 2557 3369 et

558 3405 797 3492 insuper
833 3407 991 3493 quod
1015 3405 1359 3470 jucundum
1392 3404 1555 3470 Caeli
1580 3405 1656 3469 sit
1682 3405 2001 3492 jucundum
2029 3403 2282 3478 faciendi
2314 3406 2554 3481 bonum,

560 3515 618 3569 et
638 3509 793 3592 quod
820 3506 1138 3591 jucundum
1170 3505 1391 3570 inferni
1420 3505 1493 3571 sit
1518 3506 1836 3589 jucundum
1864 3504 2117 3568 faciendi
2159 3506 2401 3570 malum.
2478 3506 2556 3571 Ut

561 3604 755 3670 adhuc
782 3609 1203 3680 instrueretur,
1255 3628 1325 3670 ex
1353 3608 1597 3692 proviso
1622 3605 1881 3674 ascendit
1912 3606 2210 3680 diabolus,
2265 3616 2330 3670 et
2355 3629 2554 3672 coram

560 3707 661 3771 illo
705 3705 1005 3790 descripsit
1045 3706 1296 3786 jucunda
1339 3706 1597 3784 inferni,
1655 3708 1812 3794 quod
1852 3717 2042 3771 essent
2080 3706 2554 3791 jucundaxvindi-

562 3806 766 3878 candi,
817 3807 1150 3880 scortandi,
1187 3807 1640 3894 depraedandi,
1696 3818 1757 3871 et¹
1783 3808 2257 3895 blasphemandi,
2311 3820 2371 3872 et
2398 3809 2553 3895 quod

477 3963 482 3970 .
551 3907 691 3981 illa,
742 3908 878 3970 dum
920 3909 1252 3972 sentiuntur
1293 3908 1374 3972 ibi
1418 3918 1480 3971 ut
1519 3909 1763 3985 odores,
1812 3910 2145 3973 sentiantur
2176 3919 2238 3971 ut
2270 3908 2552 3985 balsama,

459 4027 470 4082 ’,
565 4010 719 4074 unde
749 4009 982 4072 vocavit
1011 4010 1104 4073 illa
1135 4010 1364 4074 delitias
1391 4010 1621 4073 narium
1651 4027 1925 4084 suarum,
1980 4030 2047 4072 n:
2090 4013 2235 4074 570.

461 4107 583 4171 LX.
638 4107 810 4187 Quod
855 4105 1010 4174 visus
1051 4109 1367 4173 sitCaetus
1405 4109 1719 4193 spirituum·
1753 4111 2057 4176 orantium
2100 4111 2175 4174 ¹ad
2208 4112 2443 4185 Deum,
2494 4118 2553 4178 ut

562 4208 817 4272 mitteret
845 4207 1133 4295 Angelos,
1190 4210 1286 4295 qni
1326 4212 1684 4274 instruerent
1725 4209 1857 4275 illos
1899 4213 1974 4276 de
2015 4211 2192 4277 variis
2234 4221 2391 4298 quae
2425 4210 2553 4275 fidei
