2750 4775
685 358 962 413 lnossx
1006 352 1748 423 MEMORAmmuM.
2172 364 2275 413 :101

295 512 517 586 Verbo,
572 532 677 597 per
697 531 857 598 quae
882 507 1356 576 Glorificationes
1395 509 1646 587 fiebant,
1702 511 2012 576 videantur
2051 511 2110 574 in
2152 510 2283 575 Ms-

295 632 632 687 monanm,
686 634 755 674 nz
809 615 955 676 625.

194 716 362 782 LXV.
416 712 592 796 Quod
623 714 679 775 in
709 712 892 798 Plaga
922 713 1363 800 septentrionali
1393 713 1660 779 orientali
1686 715 1800 779 sint
1831 712 2285 778 Locum-mu-

294 834 586 890 (ῑτιοΝιε,ὁ
621 824 680 877 et
709 814 868 900 quod
908 814 989 877 illi
1020 816 1122 902 qui
1147 816 1561 895 instructiones
1588 816 1830 878 interius
1873 813 2159 900 recipiunt
2201 818 2284 883 ihi

290 918 664 982 nominentur
716 914 979 1002 discipuli
1032 916 1291 979 Domini.
1397 917 1711 998 Quondam
1767 917 1904 979 dum
1959 916 2019 977 in
2066 916 2276 1002 spiritu

288 1040 479 1092 eram,
538 1016 802 1104 quaesivi
830 1016 1155 1082 didascalos
1184 1016 1294 1092 ihi,
1350 1039 1488 1080 num
1519 1017 1706 1082 sciant
1735 1015 2088 1082 universalia
2117 1016 2282 1083 Caeli

291 1131 347 1185 et
389 1117 763 1187 Universalia
803 1116 1056 1193 Inferni,
1108 1128 1167 1180 et
1209 1118 1667 1205 responderunt,
1721 1119 1879 1206 quod
1907 1116 2281 1186 Universalia

291 1221 451 1286 Caeli
478 1220 594 1284 sint
624 1232 739 1285 tres
764 1216 1032 1294 Amores,
1076 1218 1257 1283 Amor
1286 1241 1516 1295 usuum,
1552 1216 1738 1284 Amor
1764 1218 2093 1307 possidendi
2122 1218 2281 1286 hona

293 1322 503 1388 Mundi
534 1341 606 1384 ex
633 1341 834 1385 amore
876 1318 1126 1384 faciendi
1168 1341 1333 1392 usus,
1388 1330 1447 1382 et
1487 1319 1673 1385 Amor
1715 1342 1854 1384 vere
1902 1320 2280 1406 coniugialis3

290 1434 345 1488 et
372 1421 534 1508 quod
561 1421 915 1488 universalia
947 1420 1167 1485 Inferni
1209 1422 1321 1484 sint
1363 1430 1481 1512 tres
1504 1420 1755 1487 Amores
1791 1421 1903 1485 illis
1941 1420 2131 1485 tribus
2175 1445 2283 1511 op·
2380 1484 2385 1491 ,

231 1525 487 1611 ,φοείὶῂ
545 1524 643 1609 qui
669 1531 804 1587 sunt
831 1518 1016 1587 Amor
1040 1521 1364 1608 imperandi
1384 1545 1466 1587 rex
1506 1544 1709 1587 amore
1745 1523 1866 1599 sui,
1918 1520 2104 1587 Amor
2145 1547 2280 1611 pos·-

283 1625 512 1691 sidendi
552 1626 708 1689 hona
742 1621 992 1687 aliorum
1031 1624 1105 1686 ex
1145 1642 1347 1689 amore
1391 1625 1631 1697 Mundi,
1682 1633 1741 1688 et
1767 1623 1954 1689 Amor
1989 1634 2284 1688 scortato-

284 1728 420 1791 rius.
480 1725 854 1790 Describitur
879 1734 1079 1813 postea
1107 1724 1293 1810 qualis
1321 1725 1541 1810 primus
1569 1744 1937 1790 menemus
1964 1744 2148 1789 amon
2172 1745 2283 1791 Bs‘r

283 1848 395 1906 Qm
425 1848 536 1891 ns‘r
560 1845 744 1890 Aaron
768 1845 1136 1890 numnam
1175 1847 1263 1891 Ex
1300 1847 1522 1891 amone
1565 1844 1701 1901 sm,
1756 1826 1912 1914 quod
1958 1825 2092 1890 talis
2120 1826 2280 1912 apud

287 1929 498 1995 Laicos
541 1927 651 2002 sit,
705 1935 768 1990 ut
812 1925 951 1989 dum
992 1927 1333 1997 relaxantur
1371 1928 1423 1991 ei
1468 1928 1701 2002 fraena,
1765 1928 1946 1990 velini
1990 1927 2283 1993 dominari

286 2052 464 2118 super
494 2028 688 2093 omnia
720 2027 955 2103 Mundi,
1009 2036 1067 2090 et
1093 2028 1246 2113 apud
1278 2027 1537 2092 Clericos
1565 2038 1627 2092 ut
1652 2029 1834 2093 velint
1869 2027 2159 2093 dominari
2183 2050 2284 2094 su·

290 2151 396 2218 per
422 2131 619 2194 omnia
650 2128 826 2197 Caeli.
912 2128 1089 2209 Quod
1117 2128 1248 2193 talis
1277 2128 1578 2217 phantasia
1620 2131 1693 2193 sit
1732 2129 1890 2216 apud
1927 2128 2057 2195 illos
2096 2131 2284 2216 quiin

287 2256 360 2298 eo
391 2253 594 2296 amore
621 2244 786 2303 sunt,
843 2229 1256 2294 confirmatum
1285 2240 1371 2297 est
1402 2252 1506 2316 per
1531 2230 1747 2294 similes
1774 2232 1834 2293 in
1862 2229 2132 2308 Inferno,
2179 2231 2284 2295 ubi

290 2333 437 2399 tales
482 2334 543 2397 in
587 2330 840 2421 quadam
888 2331 1055 2396 Valle
1107 2332 1277 2396 simul
1323 2342 1488 2406 sunt,
1553 2332 1651 2419 qui
1692 2331 2018 2419 jucundant
2056 2333 2286 2400 animos

291 2458 424 2500 suos
451 2456 558 2523 per
585 2435 920 2524 phantasias
945 2434 1101 2520 quod
1131 2433 1244 2498 sint
1284 2434 1667 2518 imperatores
1712 2435 2136 2521 imperatorum
2182 2444 2286 2500 aut

291 2558 460 2624 reges
486 2557 719 2623 regurm
773 2548 829 2598 et
858 2535 1029 2611 alibi,
1079 2534 1238 2621 quod
1262 2536 1376 2600 sint
1410 2535 1539 2609 Dii,
1590 2544 1647 2599 et
1677 2537 1862 2600 visum
1900 2538 2175 2625 estquod
2209 2536 2286 2602 ad

296 2638 503 2703 horum
534 2645 832 2724 aspectum
876 2637 1127 2722 prioreS‚
1183 2636 1281 2724 qni
1329 2646 1447 2698 tam
1490 2637 1647 2701 elato
1687 2637 1884 2700 animo
1926 2648 2134 2712 erant,
2187 2660 2285 2702 ca-

293 2739 499 2803 derent
538 2759 714 2825 super
764 2757 959 2823 genua
1001 2747 1060 2800 et
1104 2736 1439 2826 adorarent.
1537 2737 1714 2817 Quod
1758 2746 1957 2822 postea
2009 2738 2287 2824 loquutus

290 2840 397 2905 sim
427 2862 561 2904 cum
591 2839 851 2914 duobuS,
903 2859 1154 2923 quorum
1187 2861 1337 2903 unus
1360 2848 1487 2903 erat
1526 2839 1807 2923 Princeps
1849 2836 2146 2922 cujusdam
2190 2862 2288 2903 so-

291 2930 517 3008 cietatis
543 2941 601 3004 in
632 2939 843 3015 Caelo,
896 2947 954 3001 et
981 2939 1132 3006 alter
1160 2940 1259 3025 qui
1288 2949 1413 3003 erat
1442 2961 1704 3003 summus
1729 2937 2017 3001 Sacerdos
2037 2937 2143 3014 ihi,
2185 2939 2288 3026 qui

288 3043 595 3117 dixerunt,
647 3041 803 3128 quod
833 3039 988 3127 apud
1016 3040 1142 3105 illos
1183 3042 1242 3108 in
1268 3041 1549 3108 societate
1588 3039 1688 3104 illa
1729 3038 1845 3103 sint
1886 3038 2195 3123 magnifica
2226 3047 2289 3103 et

269 3143 625 3230 splendida,
679 3143 815 3228 quia
853 3163 1022 3205 amor
1063 3141 1294 3205 illorum
1337 3162 1456 3203 non
1497 3148 1583 3204 est
1613 3162 1681 3205 ex
1721 3159 1922 3202 amore
1948 3140 2059 3216 sni,
2083 3140 2186 3204 sed
2213 3162 2288 3204 ex

286 3265 496 3312 amore
526 3265 755 3319 usuum,
794 3251 851 3306 et
889 3242 1046 3328 quod
1075 3239 1622 3306 circumfundantur
1647 3238 1989 3315 honoribus,
2039 3250 2098 3305 et
2125 3240 2286 3329 quod

283 3354 598 3432 acceptent
623 3344 754 3409 illos
782 3364 902 3407 non
933 3351 1172 3431 propter
1193 3365 1291 3417 se,
1342 3341 1447 3410 sed
1478 3349 1716 3429 propter
1744 3341 1977 3410 bonum?
2003 3343 2285 3408 obedien-

285 3448 425 3511 tiae.
483 3445 764 3526 QuaesIvi
792 3453 933 3508 tunc
960 3444 1106 3518 illos,
1150 3442 1448 3530 quomodo
1479 3451 1667 3528 potest
1694 3440 1904 3527 aliquis
1929 3443 2098 3522 scire,
2144 3467 2285 3508 num

286 3569 430 3613 usus
455 3544 633 3611 faciat
662 3567 732 3610 ex
764 3563 982 3609 amore
1009 3544 1097 3610 sui
1138 3554 1239 3609 aut
1270 3544 1499 3619 mundi,
1550 3553 1653 3609 aut
1692 3563 1766 3607 ex
1812 3563 2015 3636 amore
2058 3567 2292 3623 usuum,

286 3649 573 3737 quoniam
603 3668 805 3712 omnes
834 3654 952 3710 tres
978 3644 1201 3711 faciunt
1230 3669 1397 3721 usus;
1454 3655 1704 3735 ponatur
1723 3694 1739 3721 ‚
1794 3645 1951 3731 quod
1982 3648 2057 3713 sit
2088 3648 2297 3716 socie-

286 3761 384 3814 tas
430 3750 755 3835 composita
803 3769 873 3811 ex
916 3749 1090 3811 meris
1135 3749 1388 3825 satanis,
1459 3758 1517 3812 et
1568 3748 1815 3812 societas
1855 3751 2177 3837 composita
2218 3772 2291 3815 ex

285 3853 471 3916 meris
497 3849 770 3935 Angelis,
812 3857 870 3912 et
897 3870 1131 3936 possum
1159 3849 1438 3936 augurari
1456 3898 1472 3926 ,
1520 3850 1678 3937 quod
1704 3848 1960 3916 Satanae
1991 3873 2060 3915 ex
2087 3872 2293 3920 amore

283 3953 380 4018 sui
410 3962 469 4016 et
501 3950 698 4015 mundi
725 3957 785 4014 in
811 3970 922 4015 sua
944 3949 1239 4019 Societate
1281 3949 1496 4015 facturi
1533 3951 1647 4015 sint
1686 3958 1770 4014 tot
1816 3973 1950 4016 usus
1990 3962 2134 4039 quot
2171 3950 2295 4018 An-

289 4053 407 4141 geli
433 4054 494 4116 in
519 4073 658 4128 sua,
712 4052 841 4139 quis
867 4071 1012 4136 ergo
1039 4055 1186 4114 scire
1219 4060 1410 4135 potest
1437 4073 1510 4115 ex
1551 4073 1667 4137 quo
1709 4071 1912 4117 amore
1948 4063 2084 4124 sunt
2125 4075 2290 4126 usus;

287 4154 368 4219 ad
397 4153 547 4218 haec
576 4153 1002 4240 responderunt
1042 4151 1320 4237 Princeps
1362 4162 1421 4215 et
1458 4152 1781 4227 Sacerdos»,
1837 4153 1995 4240 quod
2035 4153 2295 4220 Satanae

285 4256 516 4331 faciant
561 4276 697 4322 usus
743 4262 983 4342 propter
1028 4249 1247 4317 famam
1302 4260 1365 4315 ut
1422 4250 1751 4322 evehantur
1805 4253 1881 4316 ad
1904 4251 2191 4345 ‘dhonores
2233 4264 2294 4320 et

1803 4352 1898 4417 Cc
