2750 4775
469 390 574 441 132
710 377 911 432 UNI&
945 376 1171 431 ERSA
1214 377 1747 432 ‘rm-:OLOGlA
1792 380 1858 431 N.
1897 380 1966 432 C»
2004 379 2112 433 ET
2153 378 2220 430 N.
2262 378 2321 431 E.

463 531 785 598 ascendere
810 531 869 596 in
901 531 1179 607 Caelum,
1231 529 1333 595 sed
1369 553 1501 595 cum
1534 531 1792 609 intrant,
1846 532 2128 620 incipiunt
2165 530 2401 597 trahere
2439 533 2551 595 ani·

465 650 623 699 mam
641 679 661 708 ‚
698 643 756 696 et
784 633 1077 719 respirare
1104 652 1239 695 cum
1267 630 1461 706 lucta;
1493 641 1552 696 et
1581 654 1715 697 mox
1742 635 2096 699 obscuratur
2124 634 2281 699 visus
2307 633 2553 709 illorum,

466 744 527 800 et
565 736 780 821 caligat
819 733 1180 808 intellectus,
1232 742 1293 796 et
1336 743 1523 797 cessat
1562 735 1873 820 cogitatio,
1926 756 1999 799 ac
2035 736 2186 799 sicut
2236 735 2420 799 letum
2459 735 2554 798 oh-

462 844 735 903 versatur
760 834 979 911 oculis,
1028 843 1088 898 et
1125 834 1208 898 sic
1245 844 1405 899 stant
1444 834 1597 899 sicut
1633 835 1887 922 stipites;
1940 845 2000 899 et
2033 845 2177 899 tunc
2220 835 2426 923 incipit
2463 840 2557 900 cor

461 938 730 1028 pulsare,
783 947 985 1026 pectus
1031 936 1364 1021 angustari,
1416 945 1475 999 et
1499 957 1665 1000 mens
1691 937 1910 1027 corripi
1939 958 2193 1024 angore,
2246 946 2305 999 et
2341 936 2472 1025 plus
2506 945 2556 999 et

462 1040 591 1128 plus
632 1038 882 1103 cruciari
903 1086 918 1112 ,
973 1045 1034 1100 et
1060 1036 1116 1098 in
1146 1058 1217 1100 eo
1242 1045 1399 1100 statu
1424 1059 1487 1101 se
1515 1046 1911 1124 contorquent
1944 1039 2096 1103 sicut
2132 1048 2438 1124 serpentes
2466 1039 2557 1100 ad·

461 1140 606 1205 moti
633 1138 803 1216 foco,
845 1159 1030 1226 quare
1055 1137 1381 1202 devolvunt
1405 1156 1468 1204 se
1498 1138 1635 1205 inde
1653 1187 1671 1215 ,
1713 1149 1775 1202 et
1803 1160 1910 1226 per
1937 1139 2368 1228 praecipitium,
2409 1137 2556 1225 quod

462 1254 602 1306 tunc
642 1249 919 1330 apparet,
973 1261 1034 1304 se
1087 1238 1398 1324 dejiciunt.
1453 1260 1562 1303 nec
1602 1239 1940 1326 quiescunt,
1991 1260 2168 1327 quarn
2215 1239 2272 1302 in
2323 1239 2554 1304 Inferno

460 1342 619 1432 apud
646 1342 734 1407 sui
761 1342 1005 1413 similes,
1058 1340 1157 1402 ubi
1188 1351 1429 1428 possunt
1458 1340 1713 1405 animam
1740 1341 2012 1417 trahere,
2063 1350 2122 1406 et
2150 1341 2252 1405 ubi
2292 1362 2408 1404 cor
2438 1340 2555 1404 illo·

456 1466 592 1511 rum
622 1442 803 1507 libere
831 1442 1116 1507 vibratur.
1197 1440 1412 1505 Postea
1445 1443 1581 1509 odio
1609 1441 1832 1506 babent
1857 1441 2132 1515 Caelum,
2187 1450 2246 1506 et
2288 1443 2556 1529 rejiciunt

461 1545 684 1610 Verum
702 1597 716 1618 ,
770 1566 840 1608 ac
866 1542 1044 1606 corde
1073 1540 1480 1628 blasphemant
1509 1542 1865 1619 Dominum,
1905 1544 2213 1608 credentes
2240 1544 2407 1630 quod
2436 1565 2557 1606 cru·

460 1647 648 1712 ciatus
672 1658 730 1710 et
759 1645 1015 1709 tormina
1040 1640 1273 1708 illorum
1303 1644 1362 1707 in
1391 1643 1574 1708 Caelo
1600 1643 1677 1708 ab
1703 1642 1839 1729 Ipso
1866 1642 2101 1709 fuerint.
2185 1643 2275 1707 Ex
2301 1642 2400 1708 his
2430 1666 2557 1731 pau-

462 1747 543 1811 cis
569 1748 756 1813 videri
785 1755 1009 1836 potest,
1046 1743 1235 1830 qualis
1260 1765 1390 1810 sors
1413 1744 1651 1809 illorum
1680 1754 1801 1821 est,
1850 1745 1950 1830 qui
1976 1744 2425 1831 floccipendunt
2450 1746 2555 1810 Ve-

457 1849 664 1914 ritates
692 1868 844 1935 quae
874 1844 1007 1908 fidei
1053 1854 1222 1918 sunt,
1273 1866 1427 1931 quae
1470 1856 1666 1909 tamen
1705 1845 1931 1909 faciunt
1969 1846 2164 1910 lucem
2192 1847 2251 1907 in
2281 1868 2407 1932 qua
2434 1854 2556 1911 sunt
2669 1838 2670 1871 ³

460 1948 672 2035 Angeli
702 1948 894 2021 Caeli,
945 1954 1004 2008 et
1031 1946 1130 2030 qui
1158 1943 1594 2034 floccipendunt
1622 1946 1823 2022 Bona,
1878 1967 2031 2032 qnae
2069 1946 2290 2011 amoris
2318 1957 2382 2009 et
2411 1946 2555 2013 Cha-

458 2048 648 2116 ritatis
672 2058 838 2125 sunt,
890 2067 1044 2132 quac
1072 2056 1265 2110 tamen
1307 2047 1530 2111 faciunt
1562 2047 1816 2112 calorem
1850 2048 2007 2111 vitae
2038 2049 2097 2113 in
2131 2070 2251 2134 quo
2278 2059 2422 2112 sunt
2447 2049 2555 2113 An·

459 2152 572 2239 geli
602 2150 792 2214 Caeli=
844 2157 969 2212 tum
998 2169 1069 2211 ex
1095 2147 1185 2212 his
1211 2148 1397 2212 videri
1426 2157 1650 2236 potest,
1702 2156 1986 2233 quantum
2013 2159 2250 2224 errant,
2304 2150 2412 2236 qui
2439 2170 2554 2213 cre·

459 2252 635 2328 dunt,
691 2248 847 2338 quod
878 2247 1123 2335 quisque
1153 2249 1330 2336 possit
1357 2246 1474 2315 frui
1503 2246 1867 2315 beatitudine
1894 2249 2177 2326 Caelesti,
2232 2251 2420 2313 modo
2461 2250 2554 2315 ad-

456 2353 728 2418 mittatur
767 2351 826 2414 in
877 2348 1146 2423 Caelum
1202 2349 1378 2415 Fides
1417 2349 1571 2414 enim
1612 2349 1789 2414 hodie
1833 2359 1956 2427 est,
2010 2351 2167 2438 quod
2214 2350 2276 2414 in
2316 2351 2552 2417 Caelum

453 2453 672 2540 recipi,
723 2453 798 2517 sit
852 2473 923 2515 ex
964 2453 1087 2517 sola
1134 2451 1571 2523 Misericordia;
1625 2461 1683 2514 et
1721 2453 1879 2537 quod
1912 2453 2172 2541 receptio
2209 2452 2272 2514 in
2316 2453 2552 2518 Caelum

456 2555 563 2630 sit,
612 2554 762 2617 sicut
803 2552 902 2640 qui
939 2555 1000 2616 in
1031 2552 1257 2618 Mundo
1288 2553 1346 2616 in
1373 2553 1629 2635 Domum
1669 2553 2027 2639 Nuptiarum
2070 2553 2263 2629 venit,
2318 2566 2381 2617 et
2429 2565 2557 2618 tunc

456 2653 631 2720 simul
659 2654 718 2717 in
752 2655 964 2741 gaudia
994 2662 1054 2715 et
1079 2653 1331 2718 laetitias
1369 2654 1481 2727 ibi;
1536 2664 1596 2717 at
1633 2655 1866 2728 sciant,
1904 2654 2061 2739 quod
2103 2655 2555 2719 communicatio

458 2753 832 2819 affectionum
865 2754 1085 2819 amoris
1111 2764 1171 2817 et
1195 2754 1329 2817 inde
1359 2755 1783 2841 cogitationum
1809 2755 1884 2818 sit
1913 2757 1969 2817 in
2000 2755 2229 2820 Mundo
2254 2755 2558 2843 spirituali,

456 2856 733 2943 quoniam
765 2855 967 2922 Homo
1008 2865 1149 2919 t'unc
1176 2855 1427 2943 Spiritus
1465 2866 1583 2931 est,
1637 2867 1696 2919 et
1735 2856 1867 2920 Vita
1907 2856 2159 2944 Spiritus
2200 2856 2556 2924 est,affectio

457 2957 677 3021 amoris
703 2965 761 3020 et
786 2956 922 3020 inde
958 2957 1270 3041 cogitatio;
1324 2966 1384 3019 et
1425 2956 1583 3043 quod
1623 2955 1856 3021 affectio
1890 2956 2264 3040 homogenea
2309 2961 2550 3044 conjun-

457 3064 592 3144 gat,
643 3067 701 3121 et
743 3053 975 3121 affectio
1023 3056 1418 3143 heterogenea
1464 3067 1728 3143 separet,
1781 3066 1840 3120 et
1885 3055 2549 3144 quodheterogeneum

463 3158 705 3236 cruciet,
745 3159 1041 3223 diabolum
1071 3159 1128 3221 in
1162 3158 1361 3249 Caelo,
1400 3166 1459 3220 et
1488 3158 1758 3244 angelum
1787 3159 1845 3222 in
1877 3157 2138 3230 Inferum
2166 3161 2551 3244 quamobrem

453 3262 707 3351 separati
732 3271 873 3326 sunt
910 3261 1058 3344 juste
1091 3260 1413 3324 secundum
1444 3259 1843 3334 diversitates,
1899 3259 2243 3333 varietates,
2298 3270 2361 3323 et
2393 3257 2550 3324 diffe-
2663 3275 2664 3358 J

455 3363 675 3427 rentias
705 3360 1080 3427 affectionum
1114 3382 1264 3447 quae
1291 3360 1509 3423 amoris
1537 3370 1687 3424 sunt.

606 3467 753 3527 623.
808 3463 1113 3527 Tannum
1139 3462 1579 3526 ΜΕΜοιιΑΒιιΕ.
1660 3461 1973 3543 Quondam
2001 3461 2204 3525 'datum
2232 3472 2319 3527 est
2354 3463 2549 3527 videre

454 3565 784 3629 Trecentos
809 3584 880 3627 ex
908 3562 1146 3626 Clericis
1172 3573 1229 3625 et
1255 3560 1429 3626 simul
1455 3560 1677 3636 Laicis,
1723 3581 1927 3626 omnes
1953 3562 2158 3625 doctos
2186 3573 2243 3625 et
2270 3565 2547 3634 eruditos,

451 3663 591 3751 quia
632 3663 930 3727 sciverunt
966 3662 1151 3727 solam
1199 3662 1405 3726 Fidem
1454 3662 1805 3727 confirmare
1844 3684 2028 3749 usque
2071 3662 2144 3727 ad
2186 3663 2547 3747 justificatio-

451 3785 621 3840 nem,
687 3773 746 3827 et
791 3764 1028 3851 quidam
1076 3764 1260 3834 ultra;
1328 3771 1388 3824 et
1434 3761 1768 3849 quia'apud
1816 3761 1946 3827 illos
1988 3773 2115 3827 erat
2160 3763 2332 3843 fides,
2390 3763 2543 3852 quod

449 3864 696 3930 Caelum
722 3866 797 3931 sit
827 3864 1002 3928 modo
1031 3864 1302 3928 admissio
1329 3884 1400 3928 ex
1431 3865 1619 3951 gratia
1638 3913 1656 3939 ,
1706 3864 1842 3928 data
1884 3874 1972 3928 est
2009 3861 2122 3928 illis
2149 3867 2319 3931 venia
2349 3887 2544 3934 ascen·

450 3966 626 4030 dendi
656 3965 713 4030 in
754 3986 935 4030 unam
962 3964 1125 4032 Caeli
1150 3964 1535 4042 Societatem,
1591 3985 1743 4052 quae
1781 3976 1979 4029 tamen
2021 3965 2175 4028 inter
2217 3971 2543 4057 superiores

449 4087 574 4131 non
599 4075 756 4140 erat;
800 4076 863 4132 et
889 4089 1021 4132 cum
1050 4066 1472 4143 ascenderunt,
1526 4074 1666 4129 tunc
1693 4086 1725 4129 e
1753 4066 2078 4153 longinquo
2107 4067 2214 4131 visi
2241 4080 2376 4136 sunt
2399 4067 2542 4135 sicut

452 4167 635 4235 Vituli
653 4215 671 4244 ,
722 4176 782 4232 et
809 4191 941 4233 cum
969 4165 1272 4232 intrabant
1298 4167 1575 4242 Caelum,
1625 4168 1847 4256 recepti
1874 4171 2011 4231 'sunt
2038 4167 2114 4230 ab
2142 4162 2382 4257 Angelis
2408 4165 2542 4233 civi-

454 4269 622 4346 liter,
675 4269 778 4335 sed
808 4291 940 4338 cum
970 4268 1495 4357 colloquebantur,
1550 4268 1859 4353 occupavit
1881 4265 2013 4331 illos
2039 4276 2299 4348 tremor,
2345 4278 2539 4359 postea
