2750 4775
464 372 570 425 138
686 359 1145 416 URIVERSA
1190 358 1720 415 'ruBOLOGln
1774 361 1841 415 Β.
1885 359 1949 413 C.
1991 358 2098 415 ΒΤ
2138 359 2203 411 N.
2243 358 2312 415 E.

458 517 810 583 studuerunt
836 513 1185 593 eruditioni,
1237 537 1380 579 num
1411 513 1654 579 videant
1680 513 1776 578 bic
1801 513 1962 601 apud
1989 535 2082 577 me
2116 512 2402 599 aliquem,
2449 521 2536 577 aut
2651 496 2652 503 ἵ

460 617 682 705 aliquid
735 617 793 680 in
845 637 1025 681 manu
1072 617 1233 702 eius,
1287 617 1561 681 dixerunt
1604 636 1840 689 omnes,
1893 615 2054 702 quod
2097 635 2339 702 prorsus
2380 612 2536 687 nibih

462 717 726 809 quaesivi
756 718 891 783 dein
918 718 1049 781 illos
1077 719 1177 805 qui
1204 717 1579 783 advenerunt
1607 738 1680 781 ex
1694 717 2022 783 Occidente
2050 726 2110 780 et
2126 715 2538 803 septentrione,

462 821 563 908 qui
607 829 778 884 erant
819 821 918 907 qui
960 819 1017 881 in
1061 818 1244 884 verba
1272 818 1640 885 eruditorum
1679 818 1741 882 in
1772 818 2000 884 Mundo
2044 818 2445 890 crediderant,
2489 814 2541 879 hi

463 923 768 997 dixerunt,
832 920 990 1008 quod
1040 928 1153 984 nec
1204 920 1457 1005 aliquide
1528 928 1790 984 attamen
1834 918 2023 983 ultimi
2069 938 2142 981 ex
2179 917 2306 994 bis,
2358 917 2543 1005 quiin

463 1022 691 1091 Mundo
717 1020 953 1085 fuerant
990 1021 1051 1084 in
1078 1020 1324 1110 simplici
1352 1020 1467 1084 fide
1493 1041 1566 1084 ex
1593 1019 1917 1096 charitate,
1965 1041 2070 1085 seu
2099 1018 2158 1082 in
2189 1006 2545 1105 aliquo'vero

461 1146 535 1189 ex
580 1125 770 1198 bono,
825 1130 1133 1210 postquam
1173 1123 1489 1187 abiverant
1532 1122 1789 1209 priores,
1840 1122 2144 1197 dixerunt,
2197 1120 2360 1208 quod
2406 1119 2547 1182 vide·

462 1234 568 1290 ant
597 1223 805 1288 Virum
835 1243 967 1286 cum
995 1222 1215 1288 Charta
1234 1274 1248 1299 ‚
1302 1223 1511 1288 Virum
1553 1223 1613 1287 in
1654 1222 1859 1295 babitu
1887 1222 2105 1285 decoro
2123 1270 2140 1297 ,
2189 1230 2252 1285 et
2280 1221 2545 1286 Chartam

461 1347 639 1415 super
664 1345 780 1411 qua
810 1324 1016 1388 literae
1040 1334 1349 1399 exaratae,
1404 1333 1461 1389 et
1502 1345 1634 1387 cum
1676 1323 2074 1388 admoverunt
2116 1322 2354 1397 oculoS,
2411 1322 2547 1385 dice·

466 1429 611 1493 bant
645 1426 801 1514 quod
844 1425 1108 1511 legerent
1150 1425 1534 1493 eonsoonuu
1569 1443 1720 1488 nom
1760 1445 1839 1489 m·
1881 1444 2061 1495 veni,
2113 1433 2169 1486 et
2213 1422 2274 1487 hi
2304 1423 2548 1510 alloque-

469 1529 688 1593 bantur
714 1525 1026 1613 Angelum,
1063 1538 1341 1614 rogantes
1364 1535 1430 1589 ut
1458 1526 1699 1600 diceret,
1739 1525 1879 1612 quid
1907 1523 2053 1598 boc;
2108 1536 2164 1589 et
2194 1524 2364 1598 dixit,
2409 1521 2551 1610 qnod

463 1629 662 1694 omnia
691 1649 843 1715 quae
871 1629 931 1691 in
958 1627 1252 1693 Universa
1279 1626 1461 1692 Caelo
1487 1634 1643 1701 sunt,
1682 1633 1742 1689 et
1767 1628 1966 1691 omnia
1996 1648 2149 1713 quae
2176 1626 2237 1689 in
2270 1625 2550 1692 Universo

461 1729 720 1805 Mundo,
787 1751 823 1795 a
864 1729 1164 1792 creatione
1209 1750 1331 1792 non
1379 1729 1496 1793 sint
1539 1727 1649 1792 nisi
1692 1748 1868 1814 quam
1916 1726 2273 1815 Coniugium
2299 1726 2463 1792 boni
2501 1733 2552 1788 et

466 1833 623 1904 veri;
678 1829 960 1917 quoniam
990 1829 1188 1894 omnia
1216 1837 1276 1892 et
1313 1828 1573 1914 singula,
1627 1838 1745 1893 tam
1773 1850 1930 1915 quae
1955 1830 2162 1893 vivunt
2187 1836 2251 1892 et
2279 1828 2552 1900 animant,

462 1955 638 2021 quam
668 1953 821 2018 quae
849 1950 969 1992 uon
997 1931 1205 1994 vivunt
1248 1939 1307 1994 et
1347 1930 1643 2003 animant,
1695 1951 1767 1993 ex
1794 1930 2083 2018 Coniugio
2127 1930 2267 1994 boni
2315 1939 2377 1994 et
2422 1926 2551 2002 veri,

462 2035 606 2098 etin
633 2032 774 2097 illud
806 2039 1004 2095 creata
1031 2041 1197 2105 sunt3
1252 2052 1369 2095 non
1399 2030 1573 2095 datur
1605 2029 1919 2118 quicquam
1962 2039 2226 2094 creatum
2272 2031 2333 2094 in
2376 2031 2551 2095 solum

463 2136 686 2200 Verum
705 2186 718 2210 ,
753 2153 863 2196 nec
891 2132 1203 2219 quicquam
1233 2131 1292 2194 in
1320 2131 1511 2196 solum
1540 2129 1796 2207 Bonum,
1838 2131 1954 2198 hoc
1977 2143 2035 2196 et
2062 2131 2205 2195 illud
2236 2130 2553 2196 solitarium

463 2257 583 2301 non
613 2244 699 2299 est
731 2232 986 2321 aliquid,
1038 2233 1139 2298 sed
1178 2233 1440 2298 existunt
1474 2241 1533 2296 et
1575 2230 1721 2295 fiunt
1765 2254 1871 2319 per
1905 2232 2262 2319 Coniugium
2301 2232 2425 2296 tale
2463 2230 2555 2295 ali-

465 2336 637 2427 quid,
691 2334 864 2422 quale
901 2344 988 2399 est
1029 2335 1399 2423 coniugium:
1472 2332 1542 2398 In
1571 2332 1833 2400 Domino
1862 2335 1993 2399 Deo
2019 2333 2301 2399 Creatore
2348 2342 2437 2399 cst
2464 2331 2556 2400 Di-

463 2439 671 2503 vinum
697 2436 932 2501 Bonum
961 2446 1020 2500 et
1046 2437 1327 2502 Divinum
1361 2436 1584 2500 Verum
1611 2436 1673 2498 in
1699 2435 1822 2522 ipsa
1848 2459 1954 2506 sua
1981 2435 2327 2502 Substantia
2347 2444 2378 2509 ,‘
2417 2435 2558 2500 Sub-

462 2539 715 2605 stantias
743 2535 929 2623 Ipsius
957 2538 1099 2603 Esse
1127 2546 1214 2602 est
1241 2536 1523 2602 Divinum
1565 2537 1799 2602 Bonum
1819 2587 1835 2613 ,
1887 2547 1947 2601 et
1971 2537 2356 2601 substantiae
2384 2535 2557 2623 {psius

465 2639 732 2705 Existere
758 2647 850 2703 est
879 2638 1162 2704 Divinum
1192 2638 1450 2712 Verum,
1492 2646 1551 2701 et
1579 2660 1814 2725 quoque
1841 2647 1977 2704 sunt
2004 2639 2060 2700 in
2090 2638 2211 2726 ipsa
2238 2659 2349 2701 sua
2383 2636 2557 2702 Unio·

464 2762 572 2816 ne,
626 2761 760 2804 nam
799 2739 856 2803 in
903 2738 1038 2828 Ipso
1077 2736 1304 2803 infinite
1345 2760 1525 2802 unum
1571 2739 1825 2812 faciunt,
1879 2740 2158 2826 quoniam
2206 2738 2323 2802 duo
2366 2739 2464 2802 illa
2503 2736 2558 2799 in

465 2842 600 2931 Ipso
626 2840 758 2905 Deo
785 2840 1069 2905 Creatore
1095 2861 1275 2903 unum
1303 2849 1470 2913 sunt,
1526 2839 1658 2906 ideo
1687 2841 1861 2905 etiam
1891 2841 1950 2904 in
1979 2841 2254 2905 omnibus
2281 2849 2342 2902 et
2367 2840 2559 2925 singu-

464 2943 535 3008 lis
563 2942 774 3007 creatis
800 2942 877 3007 ab
904 2942 1043 3028 Ipso
1070 2964 1251 3007 unum
1281 2952 1445 3016 sunt,
1503 2963 1606 3028 per
1636 2941 1691 3004 id
1721 2963 1957 3028 quoque
1986 2942 2236 3007 Creator
2265 2961 2407 3008 cuni
2439 2961 2557 3006 om·

464 3044 637 3108 nibus
664 3064 698 3106 a
724 3065 787 3108 se
816 3044 1027 3107 creatis
1055 3053 1296 3109 aeterno
1326 3042 1563 3108 saedere
1605 3044 1755 3108 sicut
1783 3042 2050 3130 Coniugii
2081 3042 2435 3126 coniunctus
2460 3048 2556 3105 est.

462 3146 657 3213 Porro
695 3145 838 3209 dixit
885 3145 1176 3231 Angelus,
1229 3144 1390 3230 quod
1417 3144 1722 3232 Scriptura
1761 3131 1975 3218 Sacra,
2033 3164 2186 3231 quae
2231 3163 2264 3207 a
2304 3142 2560 3208 Domino
2624 3145 2629 3159 '

463 3248 681 3314 dictata
710 3254 830 3322 est,
883 3245 955 3310 sit
984 3246 1042 3308 in
1071 3244 1367 3310 communi
1395 3254 1458 3308 et
1486 3247 1544 3308 in
1573 3255 1739 3333 parte
1765 3244 2119 3333 Coniugium
2159 3245 2300 3310 boni
2326 3256 2389 3308 et
2418 3240 2558 3318 veri,

464 3350 734 3414 videatur
760 3367 937 3436 supra
964 3369 1036 3409 n:
1082 3347 1212 3412 248
1242 3346 1315 3410 ad
1346 3351 1510 3418 253;
1564 3359 1619 3410 et
1645 3347 1787 3434 quia
1817 3346 2115 3421 Ecclesia,
2167 3363 2320 3432 quae
2346 3345 2560 3412 forma·

459 3460 558 3515 tur
584 3472 687 3538 per
712 3451 868 3516 Vera
899 3447 1254 3524 Doctrinae,
1306 3456 1366 3511 e't
1397 3448 1662 3534 Religio,
1720 3470 1882 3534 quae.
1910 3447 2203 3512 formatur
2247 3468 2351 3536 per
2394 3446 2556 3524 Bona

462 3552 619 3616 vitae
644 3549 964 3614 secundum
993 3550 1149 3616 Vera
1181 3548 1537 3625 Doctrinae,
1586 3548 1740 3638 apud
1776 3548 2140 3614 Christianos
2169 3549 2336 3612 unice
2376 3557 2466 3636 est
2491 3566 2559 3609 ex

458 3651 763 3739 Scriptura
791 3651 1008 3726 Sacra,
1062 3660 1334 3716 constare
1362 3658 1584 3734 potest,
1629 3650 1788 3737 quod
1816 3649 1993 3714 etiam
2024 3649 2284 3715 Ecclesia
2316 3650 2376 3711 in
2405 3668 2561 3712 com·

462 3751 624 3816 muni
651 3757 709 3813 et
737 3752 796 3814 in
812 3760 991 3836 ,parte
1017 3751 1091 3815 sit
1124 3749 1476 3836 Coniugium
1506 3749 1659 3816 Boni
1701 3757 1760 3812 et
1802 3750 1959 3814 Veri.
2037 3749 2200 3814 Idem
2246 3749 2361 3814 hoc
2403 3745 2555 3836 quod

462 3871 638 3939 supra
680 3850 909 3914 dictum
941 3860 1027 3916 est
1068 3851 1139 3914 de
1168 3849 1460 3936 Coniugio
1488 3850 1640 3917 Boni
1677 3861 1736 3914 et
1766 3851 1941 3928 Veri,
1992 3851 2210 3915 dictum
2249 3851 2429 3915 etiam
2474 3856 2558 3913 est

458 3953 534 4016 de
562 3950 890 4017 consumo
917 3950 1303 4016 emmaus
1329 3972 1406 4016 m·
1435 3952 1616 4019 From
1634 4000 1652 4028 ,
1702 3953 1979 4039 quoniam
2008 3950 2244 4018 Bonum
2285 3960 2378 4017 est
2406 3948 2557 4015 Cha-

458 4052 682 4128 ritatis,
733 4061 793 4116 et
819 4051 1045 4119 Verum
1069 4061 1157 4117 est
1187 4051 1369 4117 Fidei.
1442 4053 1766 4141 Postquam
1794 4051 1943 4118 baec
1970 4052 2123 4116 dicta
2152 4063 2318 4130 sunt,
2364 4050 2556 4138 Ange·

460 4156 551 4220 lus
579 4154 784 4219 extulit
811 4176 874 4221 se
900 4175 935 4220 e
960 4162 1122 4226 terra
1141 4202 1156 4230 ,
1207 4164 1267 4218 et
1295 4164 1499 4221 vectus
1524 4164 1686 4219 trans
1713 4153 1976 4217 nimbum
2018 4151 2278 4219 ascendit
2322 4154 2386 4217 in
2413 4152 2555 4217 Cae-

462 4255 584 4320 lum
603 4306 619 4332 ,
672 4264 730 4324 et
758 4265 904 4324 tunc
931 4253 1148 4321 Charta
1176 4256 1500 4322 secundum
1526 4252 1745 4341 gradus
1772 4274 2098 4336 ascensuss
2122 4252 2388 4343 fulgebat
2413 4253 2555 4319 sicut
