2750 4775
2227 378 2328 428 141

714 556 719 561 ·
793 514 1112 620 CAPUT
1165 552 1771 621 UNDEcmuM

1228 710 1334 763 DE

624 843 1925 977 IMPUTATloNn

280 1008 477 1144 Quod
526 1057 714 1124 mes-
761 1056 1087 1127 hodsemae
1136 1058 1483 1134 Ecclesiae,
1553 1083 1709 1154 quae
1753 1059 2104 1152 palabant-
2149 1060 2289 1127 sota

472 1164 479 1171 ’
557 1159 938 1253 Ῑυσῑζῇοανε,
991 1175 1047 1224 et
1088 1163 1451 1254 Imputatic),
1526 1187 1709 1226 unum
1731 1158 2004 1250 faciant.

304 1314 311 1320 ’
395 1321 541 1381 626.
601 1317 776 1397 Quod
823 1316 997 1384 Fides
1041 1318 1364 1384 hodiernae
1407 1319 1739 1394 Ecclesiae,
1795 1315 1947 1406 quae
1994 1319 2338 1404 perhibeto:

221 1421 363 1486 sola
393 1418 740 1504 justificare,
791 1421 864 1485 sit
896 1419 1246 1506 Imputatio‚
1297 1442 1401 1484 seu
1443 1422 1602 1505 quod
1647 1419 1792 1484 fides
1830 1431 1888 1484 et
1930 1423 2236 1506 imputatio
2274 1422 2337 1485 iu

220 1520 525 1586 hodierna
567 1520 824 1586 Ecclesia
869 1543 1051 1584 unum
1098 1520 1352 1594 faciant,
1408 1531 1495 1585 est
1541 1523 1678 1609 quia
1723 1544 1901 1586 unum
1948 1531 2035 1586 est
2078 1523 2337 1599 alteriuS‚

220 1645 341 1691 seu
370 1614 549 1685 unum
577 1622 902 1708 ingreditur
932 1624 1180 1687 alterum
1211 1622 1415 1686 mutuo
1446 1631 1506 1686 et
1535 1623 1821 1698 vicissim,
1869 1631 1930 1685 et
1966 1621 2107 1686 facit
2146 1633 2211 1685 ut
2238 1624 2331 1698 sit,

223 1724 280 1791 si
312 1724 468 1787 enim
503 1723 712 1787 dicitur
736 1722 879 1791 fides
905 1735 963 1787 et
996 1744 1113 1789 non
1150 1722 1427 1811 adjicitur
1462 1724 1807 1812 imputatio,
1862 1723 2005 1787 fides
2045 1734 2132 1788 est
2173 1742 2338 1788 mere

227 1847 450 1899 sonuS,
502 1835 559 1887 et
587 1824 633 1887 si
663 1825 875 1889 dicitur
901 1825 1243 1939 imputatio,
1298 1835 1356 1888 et
1387 1845 1505 1887 non
1534 1825 1808 1905 adjicitur
1835 1824 2010 1897 fides,
2064 1835 2151 1888 est
2192 1847 2341 1911 quo-

227 1948 355 2013 que
385 1946 542 2011 mere
571 1932 775 2013 sonus,
831 1935 890 1989 at
916 1927 961 1989 si
990 1926 1108 1989 duo
1137 1925 1234 1989 illa
1266 1925 1550 1989 dicuntur
1570 1926 1960 2012 conjunctim
2017 1925 2081 1989 fit
2119 1926 2341 1990 atticu-

229 2028 422 2092 latum
457 2026 631 2113 quid,
683 2027 783 2090 scd
813 2026 1026 2089 adhuc
1035 2026 1257 2111 absque
1284 2006 1621 2100 intellectu,
1676 2047 1861 2115 quare
1896 2035 1963 2090 ut
2006 2026 2340 2091 intellectus

232 2129 523 2216 percipiat
552 2126 803 2213 aliquid,
849 2128 1180 2191 necessario
1209 2127 1515 2212 adjicietur
1541 2127 1810 2203 tertium,
1859 2127 2018 2214 quod
2046 2138 2132 2199 est
2161 2128 2339 2191 meri-

235 2238 368 2293 tum
395 2226 647 2301 Christi,
699 2228 833 2290 inde
862 2227 931 2291 fit
954 2228 1245 2305 sententia
1265 2275 1280 2302 ‚
1335 2248 1512 2313 quam
1551 2226 1731 2292 homo
1763 2237 1951 2313 potest
1978 2229 2339 2315 eloquifcum

237 2328 441 2414 aliqua
471 2327 730 2392 ratione:
787 2326 1112 2396 tidesenim
1143 2326 1463 2400 hodiernae
1494 2328 1789 2395 Ecclesiae
1817 2337 1936 2405 est,
1990 2330 2147 2416 quod
2176 2330 2341 2396 Deus

238 2431 428 2496 Pater
456 2428 699 2514 imputet
724 2428 1004 2543 justitiam
1036 2428 1168 2493 Filii
1194 2431 1314 2505 sui,
1351 2439 1411 2493 et
1441 2429 1632 2495 mittat
1655 2431 1923 2518 spiritum
1951 2431 2231 2497 Sanctum
2261 2432 2339 2497 ad

249 2529 614 2618 operandum
658 2526 895 2593 effectus
932 2529 1071 2611 ejus.

394 2634 550 2693 627.
605 2628 754 2694 Sunt
782 2630 976 2716 itaque
1005 2631 1101 2695 illa
1131 2632 1273 2707 tria,
1320 2630 1538 2706 Fides,
1571 2631 1921 2720 Imputatio,
1975 2644 2033 2699 et
2061 2611 2342 2701 Meritum

181 2781 188 2794 .
244 2731 494 2806 Christi,
534 2731 592 2793 in
624 2731 910 2796 hodierna
939 2732 1198 2796 Ecclesia
1227 2754 1429 2808 unum,
1473 2744 1533 2797 et
1564 2735 1766 2799 vocari
1795 2745 2034 2822 possunt
2062 2736 2341 2812 triunum,

239 2854 380 2898 nam
412 2834 469 2900 si,
488 2831 756 2896 aufertur
783 2854 969 2902 unum*
998 2855 1070 2898 ex
1097 2832 1208 2897 illis
1238 2823 1476 2909 tribus,
1505 2834 1675 2899 fieret
1700 2835 2029 2921 'I'heologia
2059 2835 2342 2920 hodierna

239 2956 363 3002 non
395 2934 647 3021 aliquid,
699 2955 834 2999 nam
864 2933 1012 2998 haec
1039 2957 1071 2999 a
1104 2935 1290 3000 tribus
1316 2936 1430 3001 illis
1470 2946 1536 2999 ut
1579 2957 1756 3006 unum
1802 2939 2090 3024 perceptis
2130 2937 2343 3026 pendet

236 3038 392 3102 sicut
416 3036 594 3121 longa
626 3046 833 3104 catena
864 3035 940 3100 ab
970 3036 1140 3102 Unco
1168 3035 1314 3108 ἦχος
1371 3047 1547 3122 prout
1586 3038 1634 3101 si
1674 3034 2009 3106 auferretur
2047 3038 2141 3103 vel
2180 3038 2344 3114 fides,

238 3137 339 3206 vel
366 3138 675 3223 imputatio
694 3186 715 3211 ,V
765 3137 858 3224 vel
886 3136 1161 3220 meritum
1190 3137 1438 3213 Christi,
1491 3137 1700 3206 fierent
1734 3139 1927 3214 omnia
1960 3162 2111 3226 quae
2140 3139 2343 3202 dicun·

237 3249 343 3303 tur
376 3238 449 3301 de
491 3238 527 3302 J
539 3236 959 3313 ustificatione,
1009 3239 1082 3303 de
1120 3240 1461 3303 remissione
1502 3248 1912 3326 peccatorum,
1969 3241 2041 3304 de
2082 3238 2345 3310 vivifica-

235 3329 459 3413 tione,=
514 3339 928 3412 innovatione,
1007 3340 1458 3423 regeneratione
1478 3387 1500 3413 ,-
1568 3327 2070 3415 sanctificatione,
2152 3339 2343 3425 deque

116 3447 120 3451 ’
234 3439 708 3523 evangelio‚-de
735 3440 923 3515 libero
948 3440 1245 3516 ‘arbitr-io,
1297 3441 1370 3504 de
1408 3440 1693 3505 charitate
1734 3451 1793 3504 et
1832 3440 2002 3505 bonis
2039 3439 2338 3529 operibus,

235 3543 362 3606 imo
395 3542 466 3604 de
506 3541 628 3608 vita
669 3551 944 3616 aeterna,
997 3542 1145 3610 sicut
1191 3542 1369 3606 urbes
1408 3542 1740 3617 desolatae,
1792 3551 1895 3608 aut
1937 3542 2081 3607 sicut
2127 3540 2342 3608 rudera

237 3642 508 3727 Templi,
563 3652 621 3703 et
648 3643 770 3727 ipsa
801 3640 941 3704 fides
969 3642 1354 3726 antesignana
1384 3663 1501 3706 non
1535 3642 1790 3728 aliquid,
1844 3652 1902 3706 et
1942 3644 2024 3709 sic
2067 3644 2342 3711 universa

236 3743 507 3821 Ecclesia
525 3739 697 3810 soret,
717 3744 1009 3814 desertum
1038 3743 1426 3807 et'desolatio.
1509 3743 1598 3807 Ex
1634 3743 1723 3808 his
1766 3753 1957 3831 patet,
2008 3765 2183 3833 super
2221 3767 2342 3833 qua

241 3845 521 3918 columna
561 3845 788 3908 Domus
831 3845 941 3908 Dei
984 3843 1174 3932 hodie,
1200 3839 1446 3909 fundata
1494 3856 1613 3921 est,
1680 3867 1832 3936 quae
1872 3847 1919 3909 si
1965 3847 2342 3922 avelleretur,

237 3947 555 4028 subrueret
605 3941 707 4009 uta
756 3947 1215 4021 sicxut⁴Domus,
1288 3945 1350 4008 in
1400 3967 1526 4033 qua
1569 3945 1808 4011 fuerunt
1857 3948 2146 4034 Satrapae
2198 3946 2341 4011 Phi-

206 4101 209 4108 .
240 4045 624 4120 listhaeorum
654 4055 711 4108 et
740 4047 995 4134 populus!
1014 4046 1086 4110 ad
1118 4046 1241 4110 tria·
1264 4046 1446 4111 millia
1477 4046 1777 4124 ludentes,
1832 4048 2002 4135 cujus
2039 4048 2209 4112 binas
2245 4069 2349 4111 co÷

241 4139 476 4211 lumnas
502 4147 673 4211 simul
700 4148 1009 4212 Schimson
1036 4148 1293 4229 evulsit,
1337 4149 1436 4235 qui
1479 4157 1622 4211 tunc
1651 4147 1869 4212 mortui
1895 4157 1958 4210 et
1985 4147 2161 4213 occisi
2186 4155 2347 4221 sunt,

238 4239 445 4313 sudis·
473 4246 638 4315 XVI:
682 4252 784 4314 29.
857 4249 989 4314 Hoc
1017 4247 1246 4324 dicitur,
1282 4249 1420 4335 quia
1445 4245 2019 4311 inantecedentihus
2045 4254 2343 4309 ostensum
