2750 4775
908 360 1651 423 xn.BAPT18MUS.
2228 376 2334 426 206

226 510 508 575 dentibus
536 508 717 577 Aevis
738 511 883 576 illud
912 534 1030 576 non
1059 515 1236 579 corde
1263 524 1322 580 et
1352 517 1587 594 anima,
1636 519 1737 584 sed
1767 517 2020 606 quadam
2058 518 2173 585 fide
2203 543 2336 610 per-

225 613 501 685 suasiva,
541 623 597 675 et
625 614 757 676 dein
789 613 902 678 fide
925 599 1239 693 historica,
1261 626 1351 680 et
1384 617 1619 684 demum
1656 622 1842 685 solum
1885 642 2022 695 ore,
2074 641 2336 707 agnove-

223 715 382 787 rint;
439 722 498 778 et
530 733 853 802 agnoscere
879 717 993 781 tale
1021 718 1209 783 solum
1237 740 1373 794 ore,
1432 728 1518 784 est
1547 741 1666 792 non
1694 741 2046 807 agnoscere,
2095 721 2214 787 imo
2244 732 2335 789 est

224 816 281 880 id
326 836 555 901 negare
613 817 806 886 corde.
905 818 993 884 Ex
1035 819 1124 883 his
1167 819 1350 882 videri
1396 829 1615 905 potest,
1668 821 1859 908 qualis
1901 818 2079 884 hodie
2119 832 2205 886 est
2242 844 2335 889 sa-

223 919 451 1008 pientia
491 917 549 979 in
594 927 751 981 terra
793 920 948 1005 apud
988 920 1383 994 Christianos,
1431 922 1670 987 -tametsi
1707 922 1793 985 illi
1834 942 1904 985 ex
1946 922 2335 988 Revelatione
2420 987 2428 994 ,

220 1020 449 1108 scripta
476 1018 747 1107 inspirari
776 1031 1015 1108 possunt
1043 1045 1076 1085 3
1104 1022 1268 1096 Deo,
1311 1020 1451 1084 dum
1483 1043 1600 1085 non
1627 1023 1816 1087 sciunt
1842 1022 2155 1088 discrimen
2182 1023 2337 1090 inter

218 1120 533 1186 hominem
581 1130 640 1184 et
687 1120 964 1195 bestiam
1018 1133 1075 1186 31
1119 1122 1254 1185 inde
1299 1121 1467 1186 multi
1513 1124 1790 1202 credunt,
1856 1124 2014 1211 quod
2058 1123 2107 1188 si
2151 1124 2331 1192 homo

222 1222 377 1289 ‘vivit
425 1230 555 1309 post
602 1231 882 1297 mortem,
934 1222 1111 1287 etiam
1159 1224 1353 1296 bestia,
1390 1223 1617 1289 victura
1663 1222 1768 1301 sit,
1818 1234 1921 1288 aut
1966 1225 2103 1313 quia
2146 1227 2336 1292 bestia

223 1344 351 1390 non
392 1322 551 1389 -vivit
592 1332 720 1410 post
764 1332 1051 1402 mortem,
1121 1345 1233 1389 nec
1276 1323 1458 1389 homo
1503 1325 1767 1393 victurus
1820 1325 1923 1389 sit:
1992 1345 2187 1390 annon
2235 1327 2336 1393 lux
2441 1387 2442 1390 ,

221 1435 439 1491 nostra
489 1425 838 1514 spiritualiS,
907 1447 1060 1512 quae
1112 1425 1407 1493 illuminat
1460 1426 1647 1491 visum
1703 1425 1945 1502 mentis,
2015 1428 2169 1513 apud
2199 1415 2337 1494 illos

222 1526 506 1594 facta-est
533 1525 753 1615 caligo,
805 1536 860 1591 et
888 1528 989 1592 lux
1015 1527 1249 1593 illorum
1279 1528 1596 1605 naturalis,
1649 1549 1803 1616 quae
1827 1526 2018 1592 solum
2047 1527 2335 1595 illuminat

225 1629 430 1695 visum
459 1628 750 1715 corporis,
799 1626 952 1692 facta
981 1638 1067 1694 est
1094 1628 1204 1693 illis
1226 1628 1522 1716 splendor.

389 1728 532 1794 Post
561 1728 707 1794 haec
734 1740 1155 1796 converterunt
1181 1750 1244 1794 se
1272 1751 1479 1794 omnes
1508 1728 1581 1792 ad
1612 1729 1759 1794 duos
1783 1726 2093 1807 Advenas,
2141 1739 2201 1794 et
2226 1730 2338 1796 illis

227 1830 462 1917 >gratias
489 1839 726 1917 propter
752 1831 1070 1897 adventurn
1102 1840 1159 1895 et
1190 1830 1593 1895 narrationem
1628 1830 1919 1917 agebant,
1965 1841 2023 1896 et
2065 1832 2337 1909 orabant,

226 1941 296 1997 ut
322 1930 506 2006 haec,
561 1947 715 2018 quae
753 1933 1134 2007 audiverant,
1186 1932 1304 1996 suis
1330 1931 1611 1996 fratribus
1654 1933 2092 1998 renuntiarent:
2149 1941 2208 1997 et
2245 1951 2340 1997 re·

227 2031 602 2121 sponderunt
628 2033 924 2110 advenae,
981 2034 1136 2121 quod
1171 2028 1574 2097 confirmaturi
1606 2033 1721 2098 sint
1756 2054 1895 2098 suos
1929 2033 1994 2095 in
2035 2032 2148 2098 hac
2187 2034 2341 2098 veri-

228 2142 390 2210 tate,
417 2197 423 2201 ,
448 2134 606 2220 quod
635 2143 920 2219 quantum
959 2134 1290 2199 attribuunt
1317 2154 1494 2200 omne
1533 2133 1756 2198 bouum
1794 2132 2108 2200 charitatis·
2136 2144 2197 2199 et
2236 2156 2339 2201 ve-

229 2255 369 2299 rum
401 2233 532 2298 adei
561 2234 850 2308 Domino,
903 2242 962 2296 et
991 2256 1109 2302 non
1137 2233 1279 2308 sihi,
1332 2242 1559 2297 tantum
1590 2233 1706 2299 sint
1747 2233 2045 2313 homines,
2096 2256 2167 2302 ac
2205 2245 2338 2301 tan-

233 2344 368 2400 tum
396 2332 539 2398 fiant
564 2331 775 2419 Angeli
801 2333 979 2398 Caeli.

376 2430 546 2499 ³693.
617 2433 969 2499 Secunnum
1005 2437 1447 2501 ΜΕΜοιιΑΒιιε.
1515 2435 1660 2519 Post
1701 2437 1923 2523 aliquot
1965 2438 2335 2525 septimanas

242 2534 445 2600 audivi
475 2557 678 2602 vocem
712 2556 742 2598 e
771 2535 951 2600 Caelo
979 2536 1297 2613 dicentem,
1353 2558 1426 2600 en
1468 2539 1679 2602 iterum
1723 2539 2063 2606 Conventus
2102 2540 2161 2604 iu
2188 2539 2335 2606 Par-

156 2702 163 2709 ,
240 2630 770 2713 nassio„accede,
824 2637 1279 2703 monstrabimus
1318 2640 1510 2711 viam3
1578 2639 1827 2718 accessi,
1876 2650 1935 2704 et
1977 2662 2110 2713 cum
2152 2662 2335 2731 prope

236 2758 439 2813 eram,
495 2737 612 2801 vidi
647 2737 936 2823 quendam
976 2760 1154 2828 super
1179 2740 1509 2805 Heliconeo
1552 2761 1682 2804 cum
1729 2741 1904 2817 tuba,
1954 2764 2070 2829 qua
2109 2764 2337 2813 annun-

235 2839 410 2917 tiavit
438 2849 495 2902 et
526 2838 732 2907 indixit
759 2839 1151 2907 Conventum.
1232 2841 1307 2906 Et
1335 2843 1454 2907 vidi
1482 2864 1551 2904 ex
1580 2842 1745 2907 Urbe
1774 2839 2081 2910 Athenaeo
2108 2852 2168 2906 et
2194 2864 2336 2907 con-

235 2939 391 3007 finiis
418 2942 540 3028 ejus
569 2940 951 3005 ascendentes
982 2951 1044 3006 ut
1074 2941 1264 3031 prius,
1316 2952 1378 3007 et
1407 2943 1466 3006 in
1496 2943 1687 3009 medio
1731 2941 1965 3005 illorum
2004 2951 2123 3007 tres
2150 2943 2339 3008 Novi-

234 3043 356 3106 tios
398 3064 429 3106 e
474 3041 734 3115 Mundo;
788 3052 957 3109 erant
994 3043 1073 3107 illi
1118 3052 1235 3108 tres
1275 3066 1348 3108 ex
1390 3043 1764 3118 Christianis,
1834 3064 1984 3106 unus
2026 3042 2335 3120 Sacerdos,

230 3145 391 3209 alter
426 3143 741 3217 Politieus·‚
792 3153 853 3207 et
892 3144 1097 3208 tertius
1137 3143 1561 3232 Philosophus:
1615 3142 1723 3208 hos
1763 3143 1823 3207 in
1868 3144 1965 3206 via
2006 3143 2174 3207 vario
2212 3166 2336 3208 ser-

231 3264 416 3310 mone
470 3245 881 3318 oblectabant,
960 3246 1244 3332 imprimis
1297 3246 1371 3309 de
1414 3245 1789 3331 sapientibus
1835 3242 2137 3331 Antiquis,
2192 3266 2340 3332 quos

230 3345 652 3413 nominabant:
709 3345 1127 3431 quaesiverunt
1151 3368 1292 3410 num
1322 3346 1453 3411 illos
1483 3346 1661 3411 visuri
1690 3346 1808 3409 sint
1818 3392 1834 3420 ,
1881 3346 2153 3410 dixerunt
2180 3346 2339 3433 quod

228 3447 444 3519 visuri,
498 3456 557 3509 et
583 3446 628 3510 si
659 3446 905 3521 vellent,
956 3447 1307 3525 salutaturi,
1345 3448 1624 3534 quoniam
1652 3456 1788 3512 sunt
1816 3443 2110 3519 affabiles;
2137 3440 2339 3534 *quae-

224 3549 501 3614 siverunt
529 3547 600 3619 de
631 3546 1062 3633 Demosthene,
1112 3549 1385 3634 Diogene
1426 3556 1484 3611 et
1514 3548 1808 3635 Epicuro,
1860 3547 2163 3623 dixerunt,
2218 3548 2338 3613 De-

233 3647 576 3715 mosthenes
621 3668 741 3711 non
787 3646 883 3711 bic
924 3658 1042 3723 est,
1103 3649 1205 3713 sed
1251 3651 1404 3738 apud
1450 3649 1797 3725 Platonem,
1860 3648 2158 3738 Diogenes
2204 3672 2337 3716 cum

232 3750 358 3815 suis
398 3749 766 3819 scholaribus
816 3749 927 3813 sub
979 3748 1310 3816 Heliconeo
1355 3760 1790 3824 commoratur,
1844 3771 1917 3814 ex
1969 3773 2143 3819 causa
2199 3754 2338 3841 quia

234 3851 538 3915 mundana
567 3850 714 3914 sicut
745 3849 902 3913 nihili
927 3860 1198 3938 reputat,
1254 3863 1314 3916 et
1355 3854 1531 3921 modo
1574 3851 1844 3929 caelestia
1887 3853 2083 3916 animo
2123 3853 2338 3929 volvit;

238 3951 530 4039 Epicurus
558 3951 632 4015 ad
659 3951 1022 4015 occidentem
1053 3951 1111 4017 in
1139 3954 1393 4017 termino
1420 3952 1681 4029 habitat,
1730 3970 1841 4016 nec
1885 3953 2070 4018 intrat
2106 3952 2181 4016 ad
2212 3974 2341 4028 nos,

234 4053 377 4140 quia
407 4073 515 4117 nos
542 4052 951 4138 distinguimus
977 4054 1129 4118 inter
1157 4051 1498 4119 affectiones
1525 4053 1711 4118 bonas
1753 4061 1813 4117 et
1851 4050 2196 4118 affectiones·
2217 4073 2343 4118 ma-

236 4157 355 4232 las,
409 4164 467 4218 et
516 4153 758 4218 dicimus
807 4152 1144 4219 affectiones
1181 4156 1369 4220 bonas
1393 4175 1534 4219 -uua
1573 4174 1697 4220 esse
1740 4174 1873 4217 cum
1911 4152 2244 4239 sapientia,
2282 4160 2343 4215 et

237 4253 579 4321 affectiones
607 4254 791 4321 malas
816 4275 940 4320 esse
969 4265 1175 4321 contra
1204 4254 1566 4343 sapientiam.
1651 4253 1906 4333 Quando
1950 4251 2341 4323 ascenderunt
