2750 4775
425 358 496 410 85
652 348 1107 401 umlvssnsa
1152 347 1679 401 THEOLOGM
1733 350 1798 404 N.
1845 349 1909 400 C.
1950 349 2060 400 ET
2102 350 2169 401 N.
2210 350 2275 402 Ε.

423 512 623 577 satur,-
661 510 888 565 tantum
921 502 1157 567 Bonum
1185 501 1420 565 affectet
1451 512 1714 580 etamet,
1767 511 1826 566 et
1856 504 2014 591 quod
2045 503 2203 589 prius
2230 525 2349 568 non
2379 506 2537 570 sciat

426 603 567 692 quid
597 602 861 678 Bonum,
915 604 1033 666 imo
1061 625 1170 667 nec
1195 603 1335 690 quid
1365 603 1612 668 Malum.

581 709 728 770 568.
781 703 1133 769 Secmmuu
1170 705 1618 769 Maiorianus.
1674 706 1823 786 Quis
1865 704 1993 791 pius
2030 714 2089 769 et
2129 706 2363 794 sapiens
2402 729 2533 770 non

428 806 554 873 vult
592 805 742 870 scire
780 815 1002 870 sortem
1043 806 1198 869 vitae
1238 828 1378 870 suae
1422 815 1552 888 post
1581 816 1867 881 mortem,
1920 828 2105 893 quare
2132 807 2535 875 manifestabo

427 907 761 973 communia
805 916 873 970 ut
915 907 1077 972 sciat.
1138 906 1362 972 ’Omnis
1412 906 1592 971 bomo
1642 916 1771 993 post
1826 917 2111 981 mortem,
2169 930 2302 973 cum
2347 911 2535 973 sentit

426 1009 586 1096 quod
626 1006 819 1072 adbuc
858 1008 1053 1083 vivat,
1106 1017 1165 1072 et
1205 1007 1362 1095 quod
1402 1008 1462 1070 in
1502 1008 1621 1072 alio
1647 1008 1873 1073 Mundo
1908 1009 2016 1086 sit,
2069 1031 2140 1072 ac
2168 1011 2332 1073 audit
2361 1011 2529 1093 quod

423 1130 603 1198 supra
642 1109 804 1172 illum
846 1110 917 1172 sit
944 1109 1186 1176 Caelum
1233 1110 1332 1172 ubi
1372 1118 1618 1173 aeterna
1658 1110 1901 1195 gaudia,
1954 1120 2012 1173 et
2048 1109 2200 1173 infra
2243 1110 2405 1175 illum
2446 1113 2533 1176 sit

426 1210 769 1284 Internum,
825 1212 922 1274 ubi
955 1210 1180 1274 aeterni
1221 1210 1486 1286 dolores,
1540 1209 1790 1295 primum
1821 1211 2138 1275 remittitur
2177 1212 2235 1274 in
2276 1223 2529 1276 externa

426 1333 531 1377 sua
573 1311 633 1374 in
674 1311 891 1396 quibus
929 1310 1037 1374 suit
1075 1312 1134 1374 in
1163 1311 1390 1376 Mundo
1429 1310 1639 1396 priori,
1695 1322 1752 1375 et
1780 1322 1921 1375 tunc
1947 1313 2135 1377 credit
2161 1314 2320 1398 quod
2361 1324 2531 1377 certe

426 1411 486 1475 in
516 1411 760 1477 Caelum
800 1421 1084 1477 venturus
1119 1413 1226 1486 sit,
1290 1433 1364 1474 ac
1405 1411 1667 1498 loquitur
1699 1413 2092 1499 intelligenter
2117 1422 2175 1478 et
2217 1415 2338 1500 agit
2383 1437 2531 1501 pru·

427 1513 666 1587 dentem
720 1522 779 1577 et
805 1513 1005 1577 dicunt
1047 1512 1258 1598 aliqui,
1312 1512 1615 1576 moraliter
1642 1513 1925 1588 viximus,
1982 1513 2228 1579 honesta
2272 1517 2534 1579 sectavi-

426 1635 592 1690 mus,
661 1636 733 1678 ex
776 1614 1073 1703 proposito
1114 1635 1231 1677 non
1270 1613 1515 1678 fecimus
1556 1614 1811 1686 malum;
1876 1626 1935 1679 et
1974 1617 2074 1680 alii
2116 1615 2352 1690 dicunt,
2404 1616 2532 1680 ire-

425 1716 842 1803 quentavimus
885 1715 1129 1798 templa,
1192 1717 1399 1779 missas
1439 1714 1930 1790 auscultavimus,
1983 1726 2186 1782 sancta
2230 1718 2528 1804 sculptilia

425 1817 672 1882 osculati
699 1837 928 1887 sumus,
981 1836 1159 1900 super
1187 1817 1454 1899 genubus
1484 1814 1741 1881 fudimus
1779 1838 2016 1902 preces;
2069 1829 2126 1882 et
2156 1818 2395 1902 quidam
2435 1820 2531 1880 di·

425 1929 596 1994 cunt,
649 1918 1004 2004 pauperibus
1033 1917 1327 1992 dedimus,
1380 1917 1647 2004 opitulati
1675 1939 1876 1982 sumus
1901 1919 2135 2004 egenis,
2187 1919 2369 1985 libros
2398 1921 2529 2007 pie-

423 2020 561 2084 tatis
599 2019 877 2104 legimus,
945 2029 1002 2081 et
1042 2039 1278 2104 quoque
1320 2018 1621 2093 Verbum,
1678 2027 1914 2104 praeter
1955 2022 2120 2107 plura
2161 2020 2403 2091 similitu
2456 2033 2525 2086 at

422 2129 735 2206 postquam
774 2119 921 2181 baec
961 2119 1262 2195 dixerunt,
1317 2119 1550 2184 adstant
1579 2118 1821 2206 Angeli,
1876 2132 1934 2185 et
1964 2123 2200 2197 dicunt,
2253 2122 2350 2185 illa
2385 2145 2527 2185 -om-

423 2221 522 2285 nia
552 2241 705 2307 quae
735 2221 1183 2295 memoravistis,
1236 2220 1456 2286 fecistis
1481 2221 1539 2283 in
1568 2219 1858 2297 Externis,
1910 2224 2011 2286 sed
2042 2223 2275 2288 nescitis
2303 2221 2525 2299 adbuc,

424 2322 631 2408 quales
655 2320 790 2385 estis
822 2320 880 2382 in
910 2320 1186 2395 laternis,
1239 2343 1398 2386 nunc
1426 2322 1561 2386 estis
1589 2320 1841 2409 Spiritus
1867 2323 1927 2387 in
1954 2323 2222 2411 Corpore
2248 2325 2524 2389 substan-

424 2422 571 2496 tiali,
621 2442 693 2486 ac
715 2421 962 2511 Spiritus
988 2433 1074 2488 est
1103 2423 1378 2489 Internus
1407 2432 1601 2487 vester
1624 2422 1837 2499 homo,
1889 2435 1974 2489 est
1998 2424 2098 2502 ,hic
2127 2426 2385 2491 in-vobis
2416 2429 2521 2512 qui

425 2522 647 2609 cogitat
690 2524 847 2611 quod
893 2526 1048 2599 vult,
1103 2535 1162 2587 et
1201 2526 1327 2588 vult
1369 2525 1529 2610 quod
1570 2532 1760 2600 amat,
1813 2536 1870 2589 et
1911 2526 2028 2590 boc
2065 2536 2152 2592 est
2191 2527 2520 2612 jucundum

425 2623 584 2689 vitae
609 2627 764 2713 ejus,
815 2628 1006 2689 omnis
1033 2626 1211 2690 homo
1250 2626 1328 2689 ab
1356 2623 1602 2689 infantia
1633 2624 1874 2708 inchoat
1900 2627 2082 2691 vitam
2116 2629 2194 2690 ab
2226 2628 2521 2704 Externis,

423 2746 495 2790 ac
534 2725 702 2800 discit
742 2727 1044 2790 moraliter
1072 2746 1281 2812 agere,
1319 2747 1390 2790 ac
1417 2726 1815 2811 intelligenter
1843 2727 2036 2813 loqui,
2078 2739 2134 2791 et
2165 2749 2297 2790 cum
2324 2729 2520 2793 ideam

423 2826 584 2892 Caeli
627 2838 687 2893 et
732 2828 1106 2891 beatitudinis
1153 2819 1232 2888 ibi
1287 2829 1512 2911 caepit,
1577 2827 1816 2892 inchoat
1859 2849 2069 2906 orare,
2136 2830 2521 2915 frequentare

422 2930 672 3016 templa,
723 2940 783 2992 et
820 2928 1084 2993 solennia
1123 2927 1312 2992 cultus
1350 2928 1548 3004 obire,
1600 2938 1660 2992 et
1699 2950 1883 3015 usque
1927 2930 2114 3004 mala,
2164 2929 2302 2993 dum
2341 2952 2375 2994 e
2408 2953 2520 2995 suo

424 3027 589 3093 fonte
617 3030 822 3095 nativo
850 3029 1196 3103 scaturiunt,
1249 3028 1307 3092 in
1335 3031 1468 3095 sinu
1496 3030 1706 3094 mentis
1733 3051 1874 3094 suae
1890 3030 2242 3105 arecondere,
2286 3040 2345 3094 et
2372 3052 2521 3118 quo-

427 3151 541 3217 que
568 3131 868 3217 ingeniose
898 3130 1320 3194 circumvelare
1347 3130 1673 3196 ratiociniis
1695 3152 1767 3194 ex
1797 3130 2073 3207 fallaciis,
2125 3154 2306 3217 usque
2345 3132 2523 3208 adeo,

425 3240 492 3295 ut
530 3232 652 3319 ipse
693 3254 812 3297 non
849 3232 995 3295 sciat
1035 3230 1196 3317 quod
1237 3233 1455 3295 malum
1495 3233 1584 3296 sit·
1609 3232 1859 3305 malum;
1912 3240 1973 3295 et
2009 3241 2148 3296 tunc
2188 3232 2345 3297 mala
2378 3233 2520 3320 quia

426 3333 844 3400 circumvelata
871 3344 1008 3397 sunt
1035 3342 1093 3396 et
1123 3341 1392 3396 contecta
1419 3333 1567 3397 sicut
1602 3332 1875 3416 pulvere,
1926 3353 2046 3397 non
2080 3333 2328 3418 amplius
2356 3334 2520 3419 cogi-

426 3442 514 3499 tat
554 3435 626 3501 de
664 3435 807 3510 illis,
862 3433 1126 3498 cavendo
1165 3434 1357 3496 solum
1404 3453 1477 3494 ne
1523 3443 1845 3518 appareant
1884 3454 2085 3497 eoram
2124 3435 2381 3508 Mundo;
2436 3436 2521 3499 ita

430 3537 603 3598 naiudu
643 3535 835 3598 studet
881 3534 1032 3598 vitae
1073 3533 1281 3595 morali
1321 3533 1382 3594 in
1421 3532 1707 3606 externis,
1760 3543 1819 3596 et
1857 3535 1939 3598 sic
1982 3533 2048 3598 fit
2076 3533 2256 3599 bomo
2280 3534 2519 3619 duplex,

430 3634 490 3698 sit
518 3636 643 3698 uvis
675 3638 727 3694 in
761 3638 1040 3708 externis,
1094 3642 1153 3694 et
1181 3631 1348 3717 lupus
1381 3632 1444 3695 in
1470 3632 1742 3706 internis;
1795 3646 1854 3699 et
1876 3634 2025 3699 sicut
2055 3636 2223 3725 pyxis
2248 3656 2429 3700 aurea
2456 3639 2520 3700 in

430 3758 542 3822 qua
575 3734 727 3798 intus
759 3746 843 3794 est
875 3754 1195 3804 τεηωιυηις
1249 3742 1307 3795 et
1335 3730 1397 3795 fit
1423 3734 1572 3798 sicut
1600 3732 1767 3800 faede
1797 3736 2104 3820 respirans.
2129 3738 2520 3801 aromaticum

426 3838 486 3898 in
518 3854 619 3898 ure
651 3846 851 3898 teneus
879 3858 947 3894 ire
979 3834 1051 3897 ab
1075 3831 1442 3899 adstantibus
1470 3836 1786 3907 sentiatur;
1841 3845 1899 3900 et
1926 3835 1990 3900 fit
2015 3837 2166 3901 sicut
2195 3837 2360 3925 pellis
2392 3860 2521 3901 mu-

426 3934 506 4003 ris
534 3959 687 4023 quae
717 3934 1029 3999 balsamire
1060 3933 1195 3998 olet.
1263 3934 1535 4013 Dixistis,
1588 3938 1747 4027 quod
1781 3937 2083 4003 moraliter
2111 3937 2409 4014 vixeritis,
2456 3950 2523 4004 et

426 4035 583 4123 quud
611 4039 801 4103 studia
835 4036 1060 4123 pietatis
1084 4038 1479 4116 sectaveritis,
1532 4039 1634 4105 sed
1664 4060 1918 4126 quaero,
1970 4059 2111 4102 num
2146 4061 2394 4128 usquam
2424 4062 2525 4104 ex-

430 4139 759 4223 plet-‘ivistis
807 4139 1112 4205 Internum
1161 4148 1430 4206 vestrum
1465 4140 1766 4207 bominem
1810 4149 1869 4204 et
1913 4139 2251 4227 percepistis
2296 4139 2528 4229 aliquas

434 4243 932 4327 euneupisruntias
975 4241 1309 4311 vindicandi
1350 4263 1534 4327 usque
1565 4240 1639 4304 ad
1669 4262 1903 4317 necem,
1954 4240 2297 4305 libidinandi
2340 4263 2525 4330 usque
