2750 4775
905 320 997 370 ιχ.
1081 318 1719 394 nemmem-u.
2281 333 2351 381 as

251 482 625 563 praeceptum
644 521 659 547 ,
716 472 812 538 ille
832 482 974 557 agat
1000 482 1208 550 contra
1238 472 1498 559 refirma,
1552 474 1830 560 quoniam
1857 494 1926 538 ex
1956 475 2254 562 proposito
2291 485 2353 540 et

250 572 863 660 confirmato·.agere,
915 583 1003 638 est
1044 595 1286 661 prorsus
1324 593 1543 660 negare
1586 576 1740 661 quod
1785 586 2088 663 peccatum
2127 577 2232 652 sit,
2289 585 2351 640 et

246 676 409 764 quod
446 676 494 741 si
523 675 738 740 dicitur
774 675 931 761 quod
970 674 1079 750 sit,
1135 673 1192 737 id
1225 685 1285 738 ut
1310 676 1490 756 ⁴nihili
1528 676 1782 757 rejiciat:
1838 677 2028 762 etqui
2056 677 2136 740 ita
2173 687 2350 763 negat

245 786 310 842 et
347 777 535 860 rejicit
579 786 882 861 peccatum
906 826 920 850 ,
964 775 1059 838 ille
1101 776 1262 838 nihili
1292 775 1495 862 pendit
1519 798 1698 841 omne
1725 777 1884 863 quod
1912 789 2213 864 peccatum
2244 800 2350 843 vo-

244 886 436 942 catur.
515 877 580 940 ln
624 877 736 941 boc
779 877 1139 961 propositum
1185 879 1427 944 veniunt
1468 876 1583 953 illi,
1639 879 1883 965 quinon
1914 877 2112 941 volunt
2144 879 2348 943 audire

245 979 475 1066 aliquid
516 980 593 1042 de.
618 978 1020 1046 Paenitentia:
1073 978 1321 1064 vicissim
1362 990 1564 1042 autem
1597 979 1655 1042 in
1687 979 2045 1067 propositum
2076 979 2354 1043 credendi

242 1080 312 1144 in
340 1079 663 1154 Dominum
702 1079 1023 1143 etantandi
1073 1079 1404 1163 proximum
1450 1079 1695 1144 veniunt
1734 1080 1851 1153 illi,
1900 1079 1999 1165 qui
2027 1100 2131 1166 per
2157 1080 2356 1167 paeni·

242 1182 494 1245 tentiam
539 1190 918 1245 removerunt
961 1179 1156 1265 aliqua
1208 1180 1358 1245 mala
1405 1202 1557 1267 quae
1591 1190 1832 1267 peccata
1859 1190 2024 1254 sunt:
2076 1179 2135 1243 bi
2166 1201 2200 1245 a
2228 1180 2354 1245 Do-

228 1284 412 1348 ‚mino
451 1283 509 1344 in
554 1281 853 1370 proposito
891 1280 1221 1344 abstinendi
1257 1303 1291 1345 a
1326 1280 1591 1368 pluribus
1619 1291 1928 1355 tenentum
1979 1302 2163 1369 quare
2203 1281 2253 1346 si
2292 1280 2351 1346 hi

244 1405 322 1450 ex
366 1384 593 1448 inscitia
637 1392 740 1447 aut
779 1403 853 1446 ex
894 1383 1293 1469 praepollente
1337 1382 1531 1468 aliqua
1557 1382 2043 1468 concupiscentia
2089 1392 2354 1469 peccant,

244 1483 364 1558 hoc
404 1483 517 1548 illis
549 1507 666 1554 non
713 1470 1073 1571 imputatur,
1137 1484 1273 1570 quia
1314 1483 1369 1546 id
1413 1484 1521 1550 sibi
1560 1506 1683 1547 non
1724 1492 2188 1572 proposuerunt,
2241 1504 2351 1547 nec

247 1584 406 1675 apud
437 1607 499 1649 se
529 1585 895 1656 confirmant.
967 1585 1101 1649 Hoc
1131 1582 1482 1652 confirmare
1513 1586 1650 1650 licet
1678 1607 1782 1672 per
1806 1584 1985 1658 baec;
2038 1585 2095 1646 in
2126 1583 2351 1648 Mundo

245 1687 535 1774 spirituali
580 1685 792 1752 offendi
841 1686 1067 1771 plures,
1125 1685 1224 1774 qui
1266 1687 1324 1750 in
1366 1685 1595 1752 Mundo
1632 1685 1906 1751 Naturali
1960 1683 2179 1752 similes
2224 1684 2353 1749 aliis

247 1788 541 1864 vixerant,
594 1786 891 1874 splendide
922 1808 980 1851 se
1011 1785 1336 1862 vestiendo,
1390 1786 1549 1852 laute
1577 1786 1891 1874 epulando.
1945 1799 2076 1850 cum
2105 1785 2350 1854 faenore

245 1889 400 1955 sicut
430 1891 527 1953 alii
557 1887 942 1975 negotiando,
997 1887 1167 1952 ludos
1193 1888 1457 1954 scenicos
1482 1888 1836 1980 spectando,
1887 1887 1959 1951 de
1979 1887 2355 1956 ,amatoribus

244 1990 401 2064 sicut
445 2012 514 2052 ex
560 1990 800 2053 libidine
850 1988 1142 2071 iocando,
1196 1998 1431 2075 praeter
1471 1989 1791 2054 consimilia
1846 1987 1995 2063 alia,
2048 1997 2108 2058 et
2149 1996 2350 2053 tamen

247 2089 459 2177 Angeli
504 2091 849 2175 quibusdam
880 2088 1261 2174 inculpabant
1290 2089 1389 2152 illa
1416 2099 1480 2152 ut
1525 2090 1678 2154 mala
1719 2090 1977 2176 peccati,
2024 2098 2083 2155 et
2111 2087 2351 2176 quibus·

252 2190 388 2253 dam
418 2190 947 2276 nonjnculquant
974 2189 1071 2251 illa
1102 2197 1166 2251 ut
1194 2187 1383 2263 mala,
1437 2199 1494 2252 et
1520 2190 1627 2253 hos
1656 2189 2037 2256 declarabant
2073 2190 2351 2265 insontes,

253 2289 388 2354 illos
428 2300 626 2352 autem
669 2300 896 2358 sontes:
963 2290 1039 2351 acl
1081 2289 1602 2376 interrogationem
1653 2313 1756 2358 cur
1801 2291 1914 2366 ita,
1979 2312 2108 2355 cum
2152 2302 2349 2362 tamen

254 2392 465 2479 parilia
492 2391 792 2465 fecerunt,
842 2390 1305 2477 respondebant,
1358 2392 1517 2478 quod
1546 2415 1615 2456 ex
1646 2394 1973 2481 proposito,
2025 2394 2350 2459 intentione

250 2501 313 2557 et
339 2492 455 2561 fine
487 2514 692 2557 omnes
729 2492 1243 2580 contemplentur,
1281 2504 1348 2557 et.
1370 2494 1692 2559 secundum
1721 2494 1817 2561 illa
1849 2494 2237 2581 distinguant,
2290 2505 2353 2561 et

244 2594 409 2682 quod
459 2592 799 2669 ideobillos‚
849 2614 998 2678 quos
1038 2592 1169 2658 finis
1194 2603 1294 2659 aut
1323 2605 1561 2660 excusat
1588 2606 1688 2660 aut
1717 2596 1992 2671 damnat,
2039 2598 2149 2682 ipsi
2178 2617 2351 2661 excu-

241 2705 378 2763 sent
405 2704 509 2763 aut
536 2696 838 2768 damnent,
894 2696 1171 2780 quoniam
1201 2693 1330 2761 finis
1359 2697 1614 2761 boniest
1640 2696 1912 2771 omnibus
1942 2696 2002 2760 in
2026 2696 2240 2773 Caelo,
2290 2706 2350 2761 et

242 2788 376 2862 finis
403 2796 542 2860 mali
570 2805 667 2873 est„
684 2794 955 2861 omnibus
981 2797 1040 2859 in
1067 2794 1331 2863 Inferno.
2117 2854 2122 2865 .

410 2903 557 2967 524.
625 2897 741 2963 Sed
790 2894 938 2979 haec
978 2897 1431 2965 illustrabuntur
1480 2920 1582 2987 per
1627 2898 2145 2985 comparationes:
2213 2886 2350 2965 cum

246 3001 506 3086 peccatis
548 2999 790 3063 retentis
833 2999 991 3086 apud
1042 2998 1337 3066 bominem
1391 3000 1909 3086 impaenitentem,
1975 3021 2108 3063 cum
2166 2999 2347 3065 variis

248 3100 473 3175 morbis
498 3100 654 3187 apud
683 3100 844 3180 illum
866 3142 901 3173 ,·
934 3100 1147 3186 quibus
1176 3100 1282 3164 nisi
1316 3101 1684 3186 applicantur
1717 3100 2048 3181 ⁴medicinae
2068 3149 2084 3177 ,
2135 3111 2196 3165 et
2235 3122 2348 3188 ,per

246 3199 356 3264 bas
381 3200 736 3273 auferuntur
762 3199 1053 3286 maligna,
1094 3200 1284 3273 ,homo
1315 3203 1593 3276 moritum
1646 3200 1930 3289 imprimis
1956 3222 2089 3269 cum
2133 3202 2345 3265 morbo

250 3320 595 3388 gangraena
635 3310 855 3367 vocato
885 3301 984 3389 qui
1021 3301 1135 3364 nisi
1158 3302 1216 3363 in
1246 3312 1513 3391 tempore
1538 3311 1811 3379 sanatur,
1866 3302 2084 3367 circum
2124 3303 2347 3388 spargit

245 3423 343 3477 se,
398 3413 455 3465 et
483 3401 709 3471 lethum
737 3422 852 3465 non
891 3401 1225 3477 evitabilem
1254 3402 1510 3469 inducit:
1562 3403 1828 3475 similiter
1855 3425 1985 3466 cum
2014 3411 2346 3489 apostema·

245 3503 404 3569 tibus
443 3513 500 3566 et
542 3501 935 3580 abscessibus,
987 3503 1095 3567 nisi
1134 3502 1445 3571 solvuntur
1488 3512 1549 3569 et
1589 3504 1963 3591 aperiuntur,
2014 3504 2150 3567 inde
2188 3505 2343 3569 enim

244 3615 622 3693 empyemata
649 3626 753 3678 seu
782 3602 1156 3669 collectiones
1187 3606 1349 3691 puris
1372 3627 1435 3670 se
1464 3602 1753 3670 effusurae
1781 3606 1840 3667 in
1869 3606 2083 3680 vicina,
2125 3614 2184 3669 et
2211 3607 2347 3673 inde

244 3705 309 3771 in
348 3725 585 3797 annexa.
617 3706 876 3782 viscera,
934 3714 990 3768 et
1016 3706 1250 3769 demum
1279 3707 1339 3769 in
1369 3727 1505 3779 cor,
1559 3707 1715 3771 unde
1749 3727 1925 3771 mors.
2002 3707 2347 3795 Comparari

243 3806 422 3871 etiam
456 3815 647 3894 potest
675 3826 809 3877 cum
836 3807 1101 3892 tigribus,
1158 3809 1383 3893 pardis,
1436 3807 1764 3884 leonibus„
1791 3807 1941 3896 lupis
1967 3818 2033 3875 et¹
2055 3806 2347 3896 vulpibus,

244 3929 398 3997 quae
437 3908 548 3972 nisi
578 3914 892 3987 teneantur
919 3907 978 3970 in
1005 3910 1235 3984 caveis,
1285 3916 1392 3975 aut
1424 3907 1757 3991 vinciantur
1797 3906 2022 3981 catenis
2058 3910 2153 3974 vel
2192 3909 2348 3975 funi-

245 4009 386 4082 bus,
441 4008 792 4087 invaderent
840 4027 1078 4095 gregem
1125 4019 1183 4073 et
1206 4017 1556 4093 =armentum
1579 4057 1596 4086 ,
1642 4018 1706 4077 ut
1739 4009 1932 4097 vulpis
1953 4009 2244 4095 gallinas,
2277 4030 2354 4077 ae
2439 4073 2445 4079 .

242 4111 642 4187 trucidarent:
712 4119 769 4175 et
812 4130 1048 4196 quoque
1101 4131 1233 4175 cum
1278 4111 1649 4197 serpentibus
1696 4109 2035 4184 venenatis,
2090 4109 2192 4195 qui
2235 4108 2348 4173 nisi
2435 4200 2442 4205 ‚

243 4212 560 4303 compressi
600 4221 944 4277 tenerentur
971 4210 1239 4300 paxillis,
1281 4220 1386 4292 aut
1412 4209 1522 4276 illis
1548 4210 1755 4287 dentes
1783 4208 2184 4284 auferrentur,
2239 4207 2348 4277 ho-
