2750 4775
532 376 632 424 itti
746 364 1201 419 UNIVERSA
1256 363 1788 419 THEOLOGIA
1837 366 1906 420 N.
1947 365 2013 422 C.
2055 366 2161 418 ΕΤ
2202 366 2270 421 Ν.
2311 365 2374 421 Ε.

520 517 859 606 particulari
886 518 1040 608 apud
1066 517 1396 593 bominem,
1436 517 1663 583 durnin
1689 518 2112 584 tentationibus
2138 530 2244 595 est,
2296 521 2356 582 in
2378 518 2463 584 his
2487 540 2577 604 pro

520 621 623 685 illo
650 630 892 708 pugnat,
936 630 995 685 et
1022 621 1201 684 vincit
1225 621 1464 709 spiritus
1487 619 1827 698 infernales,
1875 621 1978 706 qni
2009 621 2169 711 illum
2198 621 2491 696 infestant,
2533 630 2585 683 et

518 720 681 786 illum
725 731 854 809 post
894 722 1278 787 tentationem
1310 719 1631 808 glorificat,
1681 721 1795 786 boc
1817 731 1936 798 est,
1990 723 2355 810 spiritualem
2396 721 2582 785 reddit.

520 823 810 887 Dominus
861 835 991 909 post
1040 822 1434 889 universalem
1481 844 1647 888 suam
1705 822 2236 910 Redemptionem,
2307 823 2498 888 omnia
2535 824 2585 885 in

518 923 701 989 Caelo
725 933 781 988 et
809 925 869 988 in
897 923 1168 1000 Inferno,
1210 925 1273 986 in
1302 924 1568 989 ordinem
1597 923 1851 1010 redegit3
1905 924 2171 988 similiter
2209 947 2345 989 cum
2374 923 2588 987 bomine

517 1035 647 1114 post
675 1026 1060 1090 tentationem
1090 1025 1262 1102 facit,
1309 1024 1578 1091 videlicet
1607 1025 1822 1111 redigit
1846 1027 1908 1089 in
1937 1026 2203 1090 ordinem
2231 1025 2430 1091 omnia
2457 1044 2588 1110 quae

517 1126 679 1192 Caeli
705 1137 766 1191 et
792 1127 996 1191 Mundi
1023 1137 1159 1192 sunt
1190 1128 1345 1215 apud
1373 1126 1554 1190 illum.
1635 1127 1926 1193 Dominus
1957 1138 2088 1214 post
2116 1128 2588 1213 Redemptionem

516 1250 735 1294 novam
764 1228 1087 1294 Ecclesiam
1117 1227 1487 1304 instauravit,
1517 1228 1783 1293 similiter
1809 1230 1987 1292 etiam
2017 1228 2309 1295 instaurat
2337 1227 2435 1292 illa
2460 1246 2590 1313 quae

518 1329 814 1394 Ecclesiae
841 1341 978 1395 sunt
1007 1331 1163 1419 apud
1190 1328 1489 1393 hominem
1507 1377 1523 1405 ,
1577 1338 1636 1393 et
1663 1329 1804 1393 facit
1832 1340 1895 1394 ut
1920 1329 1991 1393 sit
2023 1330 2287 1395 Ecclesia
2330 1330 2391 1394 in
2431 1327 2588 1416 parti-

519 1430 717 1496 culari.
776 1431 1064 1496 Dominus
1092 1441 1219 1519 post
1246 1431 1711 1517 redemptionem
1738 1429 1870 1496 illos
1898 1431 2000 1518 qui
2026 1432 2408 1497 crediderunt
2431 1431 2488 1492 in
2511 1428 2590 1516 Ip-

516 1554 647 1598 sum
688 1524 931 1601 donavit
972 1535 1160 1607 Pace,
1213 1554 1347 1597 nam
1376 1533 1555 1608 dixit,
1607 1532 1831 1598 Pacem
1870 1554 2059 1597 meam
2098 1531 2379 1625 relinquo
2412 1529 2585 1596 vobis.

516 1633 737 1699 Pacem
790 1658 979 1700 meam
1025 1632 1109 1698 do
1152 1633 1361 1708 vobis,
1422 1659 1545 1700 non
1570 1637 1724 1699 sicut
1768 1631 2049 1699 Mundus
2086 1633 2230 1711 dat,
2287 1633 2373 1700 do
2410 1632 2586 1704 vobis,

514 1734 655 1799 Job.
698 1735 870 1801 XIV:
916 1741 1020 1809 27,
1074 1735 1340 1799 similiter
1384 1735 1483 1801 dat
1526 1733 1749 1800 bomini
1790 1745 1919 1823 post
1959 1737 2354 1800 tentationem
2399 1733 2589 1799 sentire

519 1858 743 1925 pacem,
795 1834 912 1901 boc
936 1847 1044 1912 est,
1095 1835 1347 1901 laetitias
1373 1837 1572 1913 animi,
1608 1846 1667 1900 ct
1694 1837 1922 1901 solatia.
1979 1836 2067 1901 Ex
2090 1826 2196 1901 his‘
2213 1844 2398 1923 patet,
2452 1830 2587 1922 quod

519 1938 810 2004 Dominus
835 1937 1200 2022 Redemptor
1224 1938 1297 2001 sit
1324 1940 1382 2000 in
1411 1946 1734 2003 aeternum.

672 2043 814 2103 600.
874 2038 1147 2102 Internus
1188 2038 1366 2103 bomo
1412 2048 1800 2126 regeneratus
1842 2049 1901 2102 et
1938 2061 2057 2102 non
2098 2039 2270 2104 simul
2315 2048 2586 2107 externus,

517 2141 849 2226 comparari
880 2149 1068 2228 potest
1095 2140 1191 2202 avi
1220 2140 1444 2205 volanti
1474 2141 1533 2203 in
1560 2145 1698 2206 aere
1726 2140 1947 2227 absque
1972 2139 2111 2205 sede
2135 2141 2193 2202 iu
2228 2148 2393 2205 terra
2432 2137 2583 2208 sicca,

513 2244 617 2311 sed
668 2242 856 2305 solum
908 2241 966 2302 in
1015 2240 1257 2328 palude,
1327 2241 1427 2305 ubi
1486 2263 1521 2305 a
1566 2242 1934 2329 serpentibus
1978 2251 2038 2304 et
2075 2242 2236 2306 ranis
2276 2241 2583 2309 infestatur,

515 2364 698 2431 quare
728 2341 926 2408 avolat
953 2351 1011 2405 et
1040 2343 1305 2407 moritur.
1361 2342 1706 2429 Comparari
1739 2343 1917 2410 etiam
1962 2352 2151 2431 potest
2190 2343 2343 2409 olori
2386 2342 2443 2406 in
2484 2355 2582 2402 me·

515 2445 611 2509 dio
641 2444 788 2508 mari
814 2444 1074 2518 natanti,
1129 2445 1371 2531 quinon
1405 2454 1596 2529 potest
1636 2447 1929 2530 attingere
1963 2444 2128 2520 litus,
2181 2454 2242 2507 et
2269 2444 2473 2509 nidum
2498 2460 2582 2526 po-

516 2565 688 2620 nere,
741 2566 925 2631 quare
965 2567 1078 2609 ova
1122 2566 1274 2631 quae
1317 2546 1498 2634 parit,
1551 2546 1845 2633 immergit
1887 2547 2085 2632 aquis,
2136 2545 2238 2609 ubi
2279 2567 2315 2609 a
2360 2542 2581 2632 piscibus

516 2646 895 2713 devorantur.
966 2646 1316 2730 Comparari
1359 2647 1537 2712 etiam
1580 2657 1767 2733 potest
1811 2648 1978 2711 militi
2021 2668 2199 2734 super
2244 2669 2454 2719 muro,
2503 2637 2582 2727 qui

514 2748 630 2811 hoc
654 2747 765 2811 sub
797 2749 1041 2835 pedibus
1064 2748 1191 2833 ejus
1217 2748 1466 2811 subruto
1495 2749 1652 2812 cadit
1679 2748 1951 2812 deorsum
1971 2795 1987 2823 ,
2041 2757 2102 2812 et
2129 2747 2190 2812 in
2216 2747 2393 2812 ruina
2423 2740 2584 2828 exspi-

514 2858 626 2913 rat.
680 2846 1022 2938 Comparari
1047 2850 1225 2912 etiam
1255 2857 1446 2934 potest
1490 2871 1621 2913 cum
1648 2846 1884 2916 Arbore
1929 2847 2167 2935 pulchra
2217 2848 2500 2915 translata
2536 2841 2583 2904 in

515 2958 736 3014 terram
782 2950 1076 3039 putidam,
1133 2950 1230 3013 ubi
1270 2971 1503 3015 vei-mes
1542 2951 1601 3013 in
1642 2960 1883 3015 caterva
1907 2951 2162 3016 exedunt
2190 2948 2485 3022 radicem,
2528 2960 2584 3006 οἱ

516 3074 636 3138 quo
678 3050 774 3115 illa
820 3051 1162 3115 emarcescit
1204 3061 1264 3115 et
1307 3051 1475 3137 perit.
1557 3051 1903 3139 Comparari
1945 3051 2124 3116 etiam
2170 3059 2366 3138 potest
2409 3040 2583 3114 domui

514 3152 737 3237 absque
790 3151 1207 3229 fundamento,
1280 3161 1338 3216 et
1379 3172 1612 3238 quoque
1645 3152 1966 3216 columnae
2008 3152 2233 3239 absque
2273 3151 2581 3242 stylobata:

512 3252 678 3317 Talis
703 3262 789 3318 est
815 3254 1088 3318 Internus
1115 3251 1295 3316 homo
1320 3252 1510 3317 solum
1537 3252 1897 3318 reformatus
1914 3300 1933 3329 ,
1984 3261 2044 3317 et
2071 3274 2190 3317 non
2214 3253 2391 3318 simul
2418 3257 2584 3315 exter-

516 3376 654 3429 nus,
708 3376 840 3422 nam
874 3355 1031 3417 nulla
1063 3364 1149 3418 est
1177 3357 1228 3417 ei
1258 3353 1671 3420 determinatio
1700 3354 1773 3418 ad
1802 3353 2132 3419 faciendum
2165 3354 2408 3422 bonum.

552 3601 555 3606 ·
592 3581 774 3663 Quod
827 3582 1073 3646 Homini
1133 3593 1481 3671 regenerato
1533 3582 1612 3643 sit
1661 3604 1816 3646 nova
1874 3578 2190 3648 Voluntas
2239 3595 2298 3646 et
2348 3599 2527 3645 novus

1375 3678 1740 3745 Intellectus.
2213 3687 2234 3704 ⁶

667 3860 811 3921 601.
867 3859 1041 3939 Quod
1070 3858 1246 3922 bomo
1275 3866 1658 3944 regeneratus
1685 3858 1759 3923 sit
1785 3858 1964 3924 bomo
2003 3860 2320 3928 innovatus
2356 3880 2457 3923 seu
2493 3872 2578 3916 1¹⁰·

515 3980 651 4033 vus,
692 3960 808 4022 -scit
848 3949 1106 4023 Ecclesia
1149 3956 1433 4022 hodierna
1477 3968 1598 4022 tam
1637 3981 1706 4024 ex
1733 3960 1970 4037 Verbo,
2023 3982 2200 4046 quam
2240 3980 2313 4023 ex
2352 3957 2575 4025 ratione,

511 4080 582 4121 ex
608 4058 825 4125 Venno
852 4081 923 4123 ex
950 4057 1058 4137 his,
1082 4060 1313 4124 .Facite
1347 4060 1528 4126 vobis
1570 4085 1675 4127 cor
1695 4085 1947 4136 novum,
1990 4075 2045 4126 et
2069 4064 2340 4155 spiritum
2369 4075 2571 4126 novumn

509 4182 694 4253 quare
724 4165 1078 4246 ‚moriemimss
1120 4161 1339 4232 domus
1365 4161 1655 4238 Israelis,
1710 4159 1921 4226 Ezech.
1964 4162 2202 4230 XVIII:
2251 4165 2353 4226 31.
2419 4151 2573 4226 Dabo

506 4262 689 4329 vobis
731 4286 837 4328 cor
876 4286 1086 4329 novum
1104 4315 1119 4342 ‚
1189 4277 1245 4330 et
1287 4268 1558 4358 spiritum
1608 4287 1821 4327 novum
1878 4266 1939 4326 in
1998 4262 2193 4329 medio
2241 4265 2437 4328 ‘vestri
2449 4309 2465 4336 ,
2529 4262 2573 4322 et
