<?xml version="1.0" encoding="UTF-8"?>
<!DOCTYPE html PUBLIC "-//W3C//DTD XHTML 1.0 Transitional//EN"
    "http://www.w3.org/TR/xhtml1/DTD/xhtml1-transitional.dtd">
<html xmlns="http://www.w3.org/1999/xhtml" xml:lang="en" lang="en">
 <head>
  <title>
</title>
<meta http-equiv="Content-Type" content="text/html;charset=utf-8" />
  <meta name='ocr-system' content='tesseract 3.04.00' />
  <meta name='ocr-capabilities' content='ocr_page ocr_carea ocr_par ocr_line ocrx_word'/>
</head>
<body>
  <div class='ocr_page' id='page_1' title='image "./verachristianar00unkngoog_0403.png"; bbox 0 0 2750 4775; ppageno 0'>
   <div class='ocr_carea' id='block_1_1' title="bbox 723 337 2333 399">
    <p class='ocr_par' dir='ltr' id='par_1_1' title="bbox 723 337 2333 399">
     <span class='ocr_line' id='line_1_1' title="bbox 723 337 2333 399; baseline 0.006 -10"><span class='ocrx_word' id='word_1_1' title='bbox 723 338 1006 391; x_wconf 74' lang='lat' dir='ltr'>lNDEX</span> <span class='ocrx_word' id='word_1_2' title='bbox 1051 337 1797 394; x_wconf 68' lang='lat' dir='ltr'>MEMORABHAUM.</span> <span class='ocrx_word' id='word_1_3' title='bbox 2228 351 2333 399; x_wconf 77' lang='lat'>375</span> 
     </span>
    </p>
   </div>
   <div class='ocr_carea' id='block_1_2' title="bbox 215 487 2425 4290">
    <p class='ocr_par' dir='ltr' id='par_1_2' title="bbox 322 487 2341 877">
     <span class='ocr_line' id='line_1_2' title="bbox 326 487 2341 577; baseline 0 -20"><span class='ocrx_word' id='word_1_4' title='bbox 326 492 401 557; x_wconf 86' lang='lat' dir='ltr'>ab</span> <span class='ocrx_word' id='word_1_5' title='bbox 430 488 680 577; x_wconf 77' lang='lat' dir='ltr'><strong>Angelis</strong></span> <span class='ocrx_word' id='word_1_6' title='bbox 704 487 808 576; x_wconf 88' lang='lat' dir='ltr'>qui</span> <span class='ocrx_word' id='word_1_7' title='bbox 837 510 870 552; x_wconf 82' lang='lat' dir='ltr'>e</span> <span class='ocrx_word' id='word_1_8' title='bbox 896 487 1082 554; x_wconf 81' lang='lat' dir='ltr'>Caelo</span> <span class='ocrx_word' id='word_1_9' title='bbox 1119 488 1584 565; x_wconf 88' lang='lat' dir='ltr'>descenderunt,</span> <span class='ocrx_word' id='word_1_10' title='bbox 1638 491 1738 576; x_wconf 87' lang='lat' dir='ltr'>qui</span> <span class='ocrx_word' id='word_1_11' title='bbox 1778 501 1919 557; x_wconf 89' lang='lat' dir='ltr'>tunc</span> <span class='ocrx_word' id='word_1_12' title='bbox 1948 493 2149 558; x_wconf 87' lang='lat' dir='ltr'>Unum</span> <span class='ocrx_word' id='word_1_13' title='bbox 2175 512 2246 557; x_wconf 82' lang='lat' dir='ltr'>ex</span> <span class='ocrx_word' id='word_1_14' title='bbox 2272 514 2341 558; x_wconf 87' lang='lat' dir='ltr'>se</span> 
     </span>
     <span class='ocr_line' id='line_1_3' title="bbox 327 590 2337 683; baseline 0.002 -29"><span class='ocrx_word' id='word_1_15' title='bbox 327 591 697 683; x_wconf 82' lang='lat' dir='ltr'>demiserunt</span> <span class='ocrx_word' id='word_1_16' title='bbox 725 591 786 653; x_wconf 91' lang='lat' dir='ltr'>in</span> <span class='ocrx_word' id='word_1_17' title='bbox 810 590 1126 678; x_wconf 84' lang='lat' dir='ltr'>Templum</span> <span class='ocrx_word' id='word_1_18' title='bbox 1147 638 1163 664; x_wconf 90' lang='lat'><strong>‚</strong></span> <span class='ocrx_word' id='word_1_19' title='bbox 1216 591 1318 676; x_wconf 86' lang='lat' dir='ltr'>qui</span> <span class='ocrx_word' id='word_1_20' title='bbox 1345 592 1663 654; x_wconf 81' lang='lat' dir='ltr'>instrueret</span> <span class='ocrx_word' id='word_1_21' title='bbox 1694 593 1825 656; x_wconf 78' lang='lat' dir='ltr'>illos</span> <span class='ocrx_word' id='word_1_22' title='bbox 1851 594 1924 656; x_wconf 88' lang='lat' dir='ltr'>de</span> <span class='ocrx_word' id='word_1_23' title='bbox 1952 594 2337 680; x_wconf 80' lang='lat' dir='ltr'>Redemptio·</span> 
     </span>
     <span class='ocr_line' id='line_1_4' title="bbox 323 688 2333 778; baseline 0.001 -23"><span class='ocrx_word' id='word_1_24' title='bbox 323 712 430 767; x_wconf 89' lang='lat' dir='ltr'>ne,</span> <span class='ocrx_word' id='word_1_25' title='bbox 483 693 584 754; x_wconf 86' lang='lat' dir='ltr'>bic</span> <span class='ocrx_word' id='word_1_26' title='bbox 626 692 800 763; x_wconf 79' lang='lat' dir='ltr'>dixit,</span> <span class='ocrx_word' id='word_1_27' title='bbox 867 688 1028 776; x_wconf 88' lang='lat' dir='ltr'>quod</span> <span class='ocrx_word' id='word_1_28' title='bbox 1073 691 1280 755; x_wconf 78' lang='lat' dir='ltr'>Passio</span> <span class='ocrx_word' id='word_1_29' title='bbox 1326 691 1520 755; x_wconf 83' lang='lat' dir='ltr'>erucis</span> <span class='ocrx_word' id='word_1_30' title='bbox 1567 714 1682 755; x_wconf 87' lang='lat' dir='ltr'>non</span> <span class='ocrx_word' id='word_1_31' title='bbox 1732 691 1909 756; x_wconf 84' lang='lat' dir='ltr'>suerit</span> <span class='ocrx_word' id='word_1_32' title='bbox 1956 692 2333 778; x_wconf 77' lang='lat' dir='ltr'><strong>Redemptio,</strong></span> 
     </span>
     <span class='ocr_line' id='line_1_5' title="bbox 322 789 2335 877; baseline -0.002 -19"><span class='ocrx_word' id='word_1_33' title='bbox 322 793 422 858; x_wconf 84' lang='lat' dir='ltr'>sed</span> <span class='ocrx_word' id='word_1_34' title='bbox 469 792 634 877; x_wconf 84' lang='lat' dir='ltr'>quod</span> <span class='ocrx_word' id='word_1_35' title='bbox 677 791 1016 877; x_wconf 78' lang='lat' dir='ltr'>subjugatio</span> <span class='ocrx_word' id='word_1_36' title='bbox 1058 789 1471 865; x_wconf 83' lang='lat' dir='ltr'>Insernorum,</span> <span class='ocrx_word' id='word_1_37' title='bbox 1538 792 1829 855; x_wconf 87' lang='lat' dir='ltr'>ordinatio</span> <span class='ocrx_word' id='word_1_38' title='bbox 1872 793 2221 868; x_wconf 80' lang='lat' dir='ltr'>Caeterum,</span> <span class='ocrx_word' id='word_1_39' title='bbox 2275 805 2335 855; x_wconf 89' lang='lat' dir='ltr'>et</span> 
     </span>
    </p>

    <p class='ocr_par' dir='ltr' id='par_1_3' title="bbox 253 892 2425 1972">
     <span class='ocr_line' id='line_1_6' title="bbox 253 892 2334 980; baseline -0.001 -22"><span class='ocrx_word' id='word_1_40' title='bbox 253 940 260 947; x_wconf 89' lang='lat'>-</span> <span class='ocrx_word' id='word_1_41' title='bbox 322 895 406 959; x_wconf 84' lang='lat' dir='ltr'>sic</span> <span class='ocrx_word' id='word_1_42' title='bbox 430 893 729 957; x_wconf 67' lang='lat' dir='ltr'><strong>restitutio</strong></span> <span class='ocrx_word' id='word_1_43' title='bbox 757 893 1020 955; x_wconf 84' lang='lat' dir='ltr'>omnium</span> <span class='ocrx_word' id='word_1_44' title='bbox 1048 913 1203 977; x_wconf 83' lang='lat' dir='ltr'>quae</span> <span class='ocrx_word' id='word_1_45' title='bbox 1235 900 1352 954; x_wconf 89' lang='lat' dir='ltr'>tam</span> <span class='ocrx_word' id='word_1_46' title='bbox 1382 893 1443 955; x_wconf 92' lang='lat' dir='ltr'>in</span> <span class='ocrx_word' id='word_1_47' title='bbox 1474 893 1701 956; x_wconf 86' lang='lat' dir='ltr'>Mundo</span> <span class='ocrx_word' id='word_1_48' title='bbox 1738 892 2025 980; x_wconf 70' lang='lat' dir='ltr'>spirituali</span> <span class='ocrx_word' id='word_1_49' title='bbox 2053 913 2232 977; x_wconf 83' lang='lat' dir='ltr'>quam</span> <span class='ocrx_word' id='word_1_50' title='bbox 2272 894 2334 956; x_wconf 90' lang='lat' dir='ltr'>in</span> 
     </span>
     <span class='ocr_line' id='line_1_7' title="bbox 323 991 2335 1080; baseline -0.001 -21"><span class='ocrx_word' id='word_1_51' title='bbox 323 994 553 1059; x_wconf 77' lang='lat' dir='ltr'>Mundo</span> <span class='ocrx_word' id='word_1_52' title='bbox 581 993 836 1057; x_wconf 86' lang='lat' dir='ltr'>naturali</span> <span class='ocrx_word' id='word_1_53' title='bbox 864 993 1121 1080; x_wconf 81' lang='lat' dir='ltr'>collapsa</span> <span class='ocrx_word' id='word_1_54' title='bbox 1149 1002 1305 1066; x_wconf 83' lang='lat' dir='ltr'>sunt,</span> <span class='ocrx_word' id='word_1_55' title='bbox 1357 1003 1418 1055; x_wconf 92' lang='lat' dir='ltr'>et</span> <span class='ocrx_word' id='word_1_56' title='bbox 1448 995 1606 1079; x_wconf 90' lang='lat' dir='ltr'>quod</span> <span class='ocrx_word' id='word_1_57' title='bbox 1634 995 1857 1079; x_wconf 86' lang='lat' dir='ltr'>absque</span> <span class='ocrx_word' id='word_1_58' title='bbox 1885 1015 1957 1058; x_wconf 89' lang='lat' dir='ltr'>eo</span> <span class='ocrx_word' id='word_1_59' title='bbox 1982 991 2143 1055; x_wconf 85' lang='lat' dir='ltr'>nulla</span> <span class='ocrx_word' id='word_1_60' title='bbox 2175 992 2335 1056; x_wconf 87' lang='lat' dir='ltr'>Caro</span> 
     </span>
     <span class='ocr_line' id='line_1_8' title="bbox 323 1093 2334 1179; baseline -0.001 -20"><span class='ocrx_word' id='word_1_61' title='bbox 323 1095 665 1159; x_wconf 81' lang='lat' dir='ltr'>conservari</span> <span class='ocrx_word' id='word_1_62' title='bbox 698 1094 990 1179; x_wconf 82' lang='lat' dir='ltr'>potuerit:</span> <span class='ocrx_word' id='word_1_63' title='bbox 1042 1101 1099 1156; x_wconf 89' lang='lat' dir='ltr'>et</span> <span class='ocrx_word' id='word_1_64' title='bbox 1135 1094 1212 1155; x_wconf 81' lang='lat' dir='ltr'>de</span> <span class='ocrx_word' id='word_1_65' title='bbox 1241 1093 1523 1157; x_wconf 83' lang='lat' dir='ltr'>Passione</span> <span class='ocrx_word' id='word_1_66' title='bbox 1563 1095 1755 1157; x_wconf 83' lang='lat' dir='ltr'>crucis</span> <span class='ocrx_word' id='word_1_67' title='bbox 1798 1095 1971 1169; x_wconf 83' lang='lat' dir='ltr'>dixit,</span> <span class='ocrx_word' id='word_1_68' title='bbox 2025 1093 2182 1179; x_wconf 87' lang='lat' dir='ltr'>quod</span> <span class='ocrx_word' id='word_1_69' title='bbox 2226 1115 2334 1178; x_wconf 90' lang='lat' dir='ltr'>per</span> 
     </span>
     <span class='ocr_line' id='line_1_9' title="bbox 319 1193 2331 1280; baseline -0.002 -21"><span class='ocrx_word' id='word_1_70' title='bbox 319 1194 482 1260; x_wconf 84' lang='lat' dir='ltr'>illam</span> <span class='ocrx_word' id='word_1_71' title='bbox 532 1194 826 1279; x_wconf 86' lang='lat' dir='ltr'>completa</span> <span class='ocrx_word' id='word_1_72' title='bbox 865 1194 942 1256; x_wconf 85' lang='lat' dir='ltr'>sit</span> <span class='ocrx_word' id='word_1_73' title='bbox 979 1194 1167 1258; x_wconf 90' lang='lat' dir='ltr'>unitio</span> <span class='ocrx_word' id='word_1_74' title='bbox 1205 1194 1411 1256; x_wconf 84' lang='lat' dir='ltr'>intima</span> <span class='ocrx_word' id='word_1_75' title='bbox 1451 1215 1583 1257; x_wconf 91' lang='lat' dir='ltr'>cum</span> <span class='ocrx_word' id='word_1_76' title='bbox 1626 1195 1839 1265; x_wconf 83' lang='lat' dir='ltr'>l&#39;atre;</span> <span class='ocrx_word' id='word_1_77' title='bbox 1893 1204 1953 1258; x_wconf 92' lang='lat' dir='ltr'>et</span> <span class='ocrx_word' id='word_1_78' title='bbox 1990 1193 2149 1280; x_wconf 88' lang='lat' dir='ltr'>quod</span> <span class='ocrx_word' id='word_1_79' title='bbox 2190 1194 2331 1256; x_wconf 89' lang='lat' dir='ltr'>dum</span> 
     </span>
     <span class='ocr_line' id='line_1_10' title="bbox 319 1293 2331 1383; baseline -0 -26"><span class='ocrx_word' id='word_1_80' title='bbox 319 1295 420 1359; x_wconf 89' lang='lat' dir='ltr'>illa</span> <span class='ocrx_word' id='word_1_81' title='bbox 462 1296 782 1359; x_wconf 72' lang='lat' dir='ltr'>assumitur</span> <span class='ocrx_word' id='word_1_82' title='bbox 821 1316 928 1383; x_wconf 90' lang='lat' dir='ltr'>pro</span> <span class='ocrx_word' id='word_1_83' title='bbox 970 1294 1432 1380; x_wconf 87' lang='lat' dir='ltr'>Redemptione,</span> <span class='ocrx_word' id='word_1_84' title='bbox 1488 1296 1671 1359; x_wconf 88' lang='lat' dir='ltr'>multa</span> <span class='ocrx_word' id='word_1_85' title='bbox 1715 1295 1954 1377; x_wconf 80' lang='lat' dir='ltr'>indigna</span> <span class='ocrx_word' id='word_1_86' title='bbox 1992 1293 2162 1368; x_wconf 89' lang='lat' dir='ltr'>Deo,</span> <span class='ocrx_word' id='word_1_87' title='bbox 2211 1294 2331 1356; x_wconf 87' lang='lat' dir='ltr'>imo</span> 
     </span>
     <span class='ocr_line' id='line_1_11' title="bbox 323 1392 2334 1481; baseline -0 -23"><span class='ocrx_word' id='word_1_88' title='bbox 323 1394 621 1470; x_wconf 83' lang='lat' dir='ltr'>nefanda,</span> <span class='ocrx_word' id='word_1_89' title='bbox 673 1404 1146 1481; x_wconf 85' lang='lat' dir='ltr'>consequantur,</span> <span class='ocrx_word' id='word_1_90' title='bbox 1189 1406 1249 1457; x_wconf 91' lang='lat' dir='ltr'>ut</span> <span class='ocrx_word' id='word_1_91' title='bbox 1279 1395 1441 1479; x_wconf 86' lang='lat' dir='ltr'>quod</span> <span class='ocrx_word' id='word_1_92' title='bbox 1466 1416 1646 1481; x_wconf 88' lang='lat' dir='ltr'>super</span> <span class='ocrx_word' id='word_1_93' title='bbox 1671 1404 1859 1458; x_wconf 90' lang='lat' dir='ltr'>totum</span> <span class='ocrx_word' id='word_1_94' title='bbox 1888 1394 2095 1459; x_wconf 87' lang='lat' dir='ltr'>Genus</span> <span class='ocrx_word' id='word_1_95' title='bbox 2122 1392 2334 1457; x_wconf 87' lang='lat' dir='ltr'>buma-</span> 
     </span>
     <span class='ocr_line' id='line_1_12' title="bbox 321 1494 2331 1581; baseline -0.001 -22"><span class='ocrx_word' id='word_1_96' title='bbox 321 1517 465 1559; x_wconf 89' lang='lat' dir='ltr'>num</span> <span class='ocrx_word' id='word_1_97' title='bbox 509 1497 866 1561; x_wconf 76' lang='lat' dir='ltr'>concluserit</span> <span class='ocrx_word' id='word_1_98' title='bbox 902 1496 1376 1569; x_wconf 73' lang='lat' dir='ltr'>damnationem,</span> <span class='ocrx_word' id='word_1_99' title='bbox 1427 1507 1487 1559; x_wconf 89' lang='lat' dir='ltr'>et</span> <span class='ocrx_word' id='word_1_100' title='bbox 1529 1497 1687 1581; x_wconf 85' lang='lat' dir='ltr'>quod</span> <span class='ocrx_word' id='word_1_101' title='bbox 1738 1494 2121 1560; x_wconf 86' lang='lat' dir='ltr'>Filius&#39;illam</span> <span class='ocrx_word' id='word_1_102' title='bbox 2167 1495 2227 1557; x_wconf 86' lang='lat' dir='ltr'>in</span> <span class='ocrx_word' id='word_1_103' title='bbox 2267 1517 2331 1560; x_wconf 84' lang='lat' dir='ltr'>se</span> 
     </span>
     <span class='ocr_line' id='line_1_13' title="bbox 319 1596 2334 1682; baseline -0.001 -22"><span class='ocrx_word' id='word_1_104' title='bbox 319 1599 676 1682; x_wconf 77' lang='lat' dir='ltr'>susceperit,</span> <span class='ocrx_word' id='word_1_105' title='bbox 728 1606 788 1659; x_wconf 86' lang='lat' dir='ltr'>et</span> <span class='ocrx_word' id='word_1_106' title='bbox 815 1596 974 1680; x_wconf 82' lang='lat' dir='ltr'>quod</span> <span class='ocrx_word' id='word_1_107' title='bbox 1012 1596 1096 1659; x_wconf 85' lang='lat' dir='ltr'>sic</span> <span class='ocrx_word' id='word_1_108' title='bbox 1122 1596 1362 1661; x_wconf 84' lang='lat' dir='ltr'>Patrem</span> <span class='ocrx_word' id='word_1_109' title='bbox 1406 1598 1849 1682; x_wconf 70' lang='lat' dir='ltr'>propitiaverit,</span> <span class='ocrx_word' id='word_1_110' title='bbox 1901 1606 1959 1659; x_wconf 88' lang='lat' dir='ltr'>et</span> <span class='ocrx_word' id='word_1_111' title='bbox 2006 1616 2113 1682; x_wconf 87' lang='lat' dir='ltr'>per</span> <span class='ocrx_word' id='word_1_112' title='bbox 2152 1596 2334 1659; x_wconf 82' lang='lat' dir='ltr'>inter-</span> 
     </span>
     <span class='ocr_line' id='line_1_14' title="bbox 317 1696 2425 1783; baseline -0.001 -24"><span class='ocrx_word' id='word_1_113' title='bbox 317 1701 642 1761; x_wconf 84' lang='lat' dir='ltr'>cessionem</span> <span class='ocrx_word' id='word_1_114' title='bbox 685 1696 977 1781; x_wconf 71' lang='lat' dir='ltr'>redegerit</span> <span class='ocrx_word' id='word_1_115' title='bbox 1015 1697 1073 1758; x_wconf 91' lang='lat' dir='ltr'>in</span> <span class='ocrx_word' id='word_1_116' title='bbox 1115 1696 1392 1759; x_wconf 82' lang='lat' dir='ltr'>Divinam</span> <span class='ocrx_word' id='word_1_117' title='bbox 1433 1719 1600 1760; x_wconf 86' lang='lat' dir='ltr'>suam</span> <span class='ocrx_word' id='word_1_118' title='bbox 1634 1697 1992 1770; x_wconf 78' lang='lat' dir='ltr'>Essentiam,</span> <span class='ocrx_word' id='word_1_119' title='bbox 2046 1717 2202 1783; x_wconf 88' lang='lat' dir='ltr'>quae</span> <span class='ocrx_word' id='word_1_120' title='bbox 2241 1705 2331 1759; x_wconf 89' lang='lat' dir='ltr'>est</span> <span class='ocrx_word' id='word_1_121' title='bbox 2410 1746 2425 1751; x_wconf 87' lang='lat'>-</span> 
     </span>
     <span class='ocr_line' id='line_1_15' title="bbox 320 1794 2329 1883; baseline -0.001 -23"><span class='ocrx_word' id='word_1_122' title='bbox 320 1794 510 1861; x_wconf 79' lang='lat' dir='ltr'>Amor</span> <span class='ocrx_word' id='word_1_123' title='bbox 535 1806 598 1859; x_wconf 90' lang='lat' dir='ltr'>et</span> <span class='ocrx_word' id='word_1_124' title='bbox 627 1797 1065 1869; x_wconf 80' lang='lat' dir='ltr'>Misericordia,</span> <span class='ocrx_word' id='word_1_125' title='bbox 1120 1807 1358 1882; x_wconf 80' lang='lat' dir='ltr'>praeter</span> <span class='ocrx_word' id='word_1_126' title='bbox 1385 1797 1552 1882; x_wconf 90' lang='lat' dir='ltr'>plura</span> <span class='ocrx_word' id='word_1_127' title='bbox 1570 1846 1585 1873; x_wconf 86' lang='lat'>,</span> <span class='ocrx_word' id='word_1_128' title='bbox 1638 1819 1795 1883; x_wconf 81' lang='lat' dir='ltr'>quae</span> <span class='ocrx_word' id='word_1_129' title='bbox 1824 1797 1955 1860; x_wconf 75' lang='lat' dir='ltr'>Deo</span> <span class='ocrx_word' id='word_1_130' title='bbox 1983 1796 2329 1871; x_wconf 72' lang='lat' dir='ltr'>attribuere,</span> 
     </span>
     <span class='ocr_line' id='line_1_16' title="bbox 319 1897 1196 1972; baseline -0.001 -13"><span class='ocrx_word' id='word_1_131' title='bbox 319 1897 666 1961; x_wconf 81' lang='lat' dir='ltr'>scandalosa</span> <span class='ocrx_word' id='word_1_132' title='bbox 693 1909 867 1972; x_wconf 87' lang='lat' dir='ltr'>sunt,</span> <span class='ocrx_word' id='word_1_133' title='bbox 920 1918 991 1959; x_wconf 85' lang='lat' dir='ltr'>n:</span> <span class='ocrx_word' id='word_1_134' title='bbox 1050 1900 1196 1959; x_wconf 73' lang='lat'>134.</span> 
     </span>
    </p>

    <p class='ocr_par' dir='ltr' id='par_1_4' title="bbox 215 1993 2327 2281">
     <span class='ocr_line' id='line_1_17' title="bbox 215 1993 2327 2082; baseline 0 -24"><span class='ocrx_word' id='word_1_135' title='bbox 215 1993 376 2059; x_wconf 81' lang='lat' dir='ltr'><strong>xlx.</strong></span> <span class='ocrx_word' id='word_1_136' title='bbox 433 1998 614 2079; x_wconf 83' lang='lat' dir='ltr'>Quod</span> <span class='ocrx_word' id='word_1_137' title='bbox 658 2002 815 2062; x_wconf 84' lang='lat' dir='ltr'>visus</span> <span class='ocrx_word' id='word_1_138' title='bbox 853 1999 925 2061; x_wconf 88' lang='lat' dir='ltr'>sit</span> <span class='ocrx_word' id='word_1_139' title='bbox 967 1997 1070 2061; x_wconf 84' lang='lat' dir='ltr'>Sol</span> <span class='ocrx_word' id='word_1_140' title='bbox 1117 1998 1323 2060; x_wconf 81' lang='lat' dir='ltr'>Mundi</span> <span class='ocrx_word' id='word_1_141' title='bbox 1370 1997 1724 2082; x_wconf 85' lang='lat' dir='ltr'>spiritualis,</span> <span class='ocrx_word' id='word_1_142' title='bbox 1778 1998 1837 2059; x_wconf 90' lang='lat' dir='ltr'>in</span> <span class='ocrx_word' id='word_1_143' title='bbox 1885 2018 2003 2082; x_wconf 90' lang='lat' dir='ltr'>quo</span> <span class='ocrx_word' id='word_1_144' title='bbox 2048 1995 2327 2061; x_wconf 80' lang='lat' dir='ltr'>Jehovah</span> 
     </span>
     <span class='ocr_line' id='line_1_18' title="bbox 318 2097 2326 2170; baseline -0.003 -7"><span class='ocrx_word' id='word_1_145' title='bbox 318 2098 481 2163; x_wconf 81' lang='lat' dir='ltr'>Deus</span> <span class='ocrx_word' id='word_1_146' title='bbox 508 2099 567 2161; x_wconf 92' lang='lat' dir='ltr'>in</span> <span class='ocrx_word' id='word_1_147' title='bbox 593 2121 702 2163; x_wconf 85' lang='lat' dir='ltr'>suo</span> <span class='ocrx_word' id='word_1_148' title='bbox 733 2099 1018 2163; x_wconf 86' lang='lat' dir='ltr'>Humano</span> <span class='ocrx_word' id='word_1_149' title='bbox 1043 2106 1161 2167; x_wconf 83' lang='lat' dir='ltr'>est;</span> <span class='ocrx_word' id='word_1_150' title='bbox 1217 2108 1275 2159; x_wconf 88' lang='lat' dir='ltr'>et</span> <span class='ocrx_word' id='word_1_151' title='bbox 1311 2108 1450 2159; x_wconf 89' lang='lat' dir='ltr'>tunc</span> <span class='ocrx_word' id='word_1_152' title='bbox 1481 2120 1512 2158; x_wconf 91' lang='lat' dir='ltr'>e</span> <span class='ocrx_word' id='word_1_153' title='bbox 1543 2098 1723 2160; x_wconf 87' lang='lat' dir='ltr'>Caelo</span> <span class='ocrx_word' id='word_1_154' title='bbox 1765 2099 2027 2160; x_wconf 87' lang='lat' dir='ltr'>auditum</span> <span class='ocrx_word' id='word_1_155' title='bbox 2069 2107 2156 2160; x_wconf 89' lang='lat' dir='ltr'>est</span> <span class='ocrx_word' id='word_1_156' title='bbox 2192 2097 2326 2170; x_wconf 88' lang='lat' dir='ltr'>boc,</span> 
     </span>
     <span class='ocr_line' id='line_1_19' title="bbox 320 2197 2327 2281; baseline -0.002 -19"><span class='ocrx_word' id='word_1_157' title='bbox 320 2198 510 2278; x_wconf 72' lang='lat' dir='ltr'>Quoi&gt;</span> <span class='ocrx_word' id='word_1_158' title='bbox 541 2199 714 2261; x_wconf 72' lang='lat' dir='ltr'>Deus</span> <span class='ocrx_word' id='word_1_159' title='bbox 741 2198 920 2262; x_wconf 66' lang='lat' dir='ltr'>Usus</span> <span class='ocrx_word' id='word_1_160' title='bbox 947 2219 1072 2269; x_wconf 69' lang='grc' dir='ltr'>ειτς</span> <span class='ocrx_word' id='word_1_161' title='bbox 1125 2198 1227 2260; x_wconf 88' lang='lat' dir='ltr'>sed</span> <span class='ocrx_word' id='word_1_162' title='bbox 1257 2221 1394 2261; x_wconf 88' lang='lat' dir='ltr'>cum</span> <span class='ocrx_word' id='word_1_163' title='bbox 1434 2197 1548 2260; x_wconf 87' lang='lat' dir='ltr'>boc</span> <span class='ocrx_word' id='word_1_164' title='bbox 1588 2198 1890 2281; x_wconf 81' lang='lat' dir='ltr'>delapsum</span> <span class='ocrx_word' id='word_1_165' title='bbox 1933 2206 2019 2261; x_wconf 87' lang='lat' dir='ltr'>est</span> <span class='ocrx_word' id='word_1_166' title='bbox 2059 2199 2119 2260; x_wconf 90' lang='lat' dir='ltr'>in</span> <span class='ocrx_word' id='word_1_167' title='bbox 2150 2197 2327 2261; x_wconf 85' lang='lat' dir='ltr'>Mun-</span> 
     </span>
    </p>

    <p class='ocr_par' dir='ltr' id='par_1_5' title="bbox 267 2298 2329 3691">
     <span class='ocr_line' id='line_1_20' title="bbox 267 2298 2328 2384; baseline -0 -24"><span class='ocrx_word' id='word_1_168' title='bbox 267 2368 272 2375; x_wconf 46' lang='lat'>,</span> <span class='ocrx_word' id='word_1_169' title='bbox 322 2300 456 2362; x_wconf 89' lang='lat' dir='ltr'>dum</span> <span class='ocrx_word' id='word_1_170' title='bbox 483 2299 828 2384; x_wconf 80' lang='lat' dir='ltr'>spirituum,</span> <span class='ocrx_word' id='word_1_171' title='bbox 879 2299 1202 2363; x_wconf 85' lang='lat' dir='ltr'>secundum</span> <span class='ocrx_word' id='word_1_172' title='bbox 1244 2298 1469 2362; x_wconf 83' lang='lat' dir='ltr'>formas</span> <span class='ocrx_word' id='word_1_173' title='bbox 1504 2299 1787 2362; x_wconf 81' lang='lat' dir='ltr'>mentium</span> <span class='ocrx_word' id='word_1_174' title='bbox 1831 2300 1909 2361; x_wconf 91' lang='lat' dir='ltr'>ibi</span> <span class='ocrx_word' id='word_1_175' title='bbox 1956 2320 2187 2364; x_wconf 87' lang='lat' dir='ltr'>versum</span> <span class='ocrx_word' id='word_1_176' title='bbox 2221 2306 2328 2373; x_wconf 86' lang='lat' dir='ltr'>est,</span> 
     </span>
     <span class='ocr_line' id='line_1_21' title="bbox 324 2400 2329 2486; baseline -0 -24"><span class='ocrx_word' id='word_1_177' title='bbox 324 2411 379 2464; x_wconf 89' lang='lat' dir='ltr'>et</span> <span class='ocrx_word' id='word_1_178' title='bbox 406 2402 643 2465; x_wconf 88' lang='lat' dir='ltr'>tandem</span> <span class='ocrx_word' id='word_1_179' title='bbox 673 2403 732 2463; x_wconf 92' lang='lat' dir='ltr'>in</span> <span class='ocrx_word' id='word_1_180' title='bbox 764 2411 882 2464; x_wconf 86' lang='lat' dir='ltr'>tres</span> <span class='ocrx_word' id='word_1_181' title='bbox 899 2401 1086 2469; x_wconf 82' lang='lat' dir='ltr'>Deos:</span> <span class='ocrx_word' id='word_1_182' title='bbox 1115 2400 1478 2486; x_wconf 72' lang='lat' dir='ltr'>quod-etiam</span> <span class='ocrx_word' id='word_1_183' title='bbox 1510 2422 1661 2463; x_wconf 90' lang='lat' dir='ltr'>unus</span> <span class='ocrx_word' id='word_1_184' title='bbox 1689 2401 1768 2462; x_wconf 92' lang='lat' dir='ltr'>ibi</span> <span class='ocrx_word' id='word_1_185' title='bbox 1802 2402 2158 2464; x_wconf 86' lang='lat' dir='ltr'>ratiocinans</span> <span class='ocrx_word' id='word_1_186' title='bbox 2187 2420 2329 2466; x_wconf 88' lang='lat' dir='ltr'>con-</span> 
     </span>
     <span class='ocr_line' id='line_1_22' title="bbox 327 2497 2329 2588; baseline 0.001 -27"><span class='ocrx_word' id='word_1_187' title='bbox 327 2497 579 2566; x_wconf 82' lang='lat' dir='ltr'>firmavit</span> <span class='ocrx_word' id='word_1_188' title='bbox 607 2524 711 2586; x_wconf 88' lang='lat' dir='ltr'>per</span> <span class='ocrx_word' id='word_1_189' title='bbox 733 2501 913 2577; x_wconf 85' lang='lat' dir='ltr'>haec,</span> <span class='ocrx_word' id='word_1_190' title='bbox 965 2500 1123 2588; x_wconf 89' lang='lat' dir='ltr'>quod</span> <span class='ocrx_word' id='word_1_191' title='bbox 1155 2501 1324 2566; x_wconf 90' lang='lat' dir='ltr'>Unus</span> <span class='ocrx_word' id='word_1_192' title='bbox 1362 2502 1437 2564; x_wconf 87' lang='lat' dir='ltr'>sit</span> <span class='ocrx_word' id='word_1_193' title='bbox 1479 2500 1576 2586; x_wconf 88' lang='lat' dir='ltr'>qui</span> <span class='ocrx_word' id='word_1_194' title='bbox 1620 2503 1843 2564; x_wconf 75' lang='lat' dir='ltr'>creavit</span> <span class='ocrx_word' id='word_1_195' title='bbox 1876 2502 2109 2577; x_wconf 87' lang='lat' dir='ltr'>omnia,</span> <span class='ocrx_word' id='word_1_196' title='bbox 2160 2497 2329 2564; x_wconf 84' lang='lat' dir='ltr'>Alter</span> 
     </span>
     <span class='ocr_line' id='line_1_23' title="bbox 332 2601 2325 2686; baseline 0.001 -25"><span class='ocrx_word' id='word_1_197' title='bbox 332 2602 427 2685; x_wconf 89' lang='lat' dir='ltr'>qui</span> <span class='ocrx_word' id='word_1_198' title='bbox 471 2604 714 2665; x_wconf 83' lang='lat' dir='ltr'>redemit</span> <span class='ocrx_word' id='word_1_199' title='bbox 754 2623 991 2675; x_wconf 83' lang='lat' dir='ltr'>omnes,</span> <span class='ocrx_word' id='word_1_200' title='bbox 1045 2622 1118 2665; x_wconf 87' lang='lat' dir='ltr'>ac</span> <span class='ocrx_word' id='word_1_201' title='bbox 1145 2601 1405 2670; x_wconf 67' lang='lat' dir='ltr'>,Tertius</span> <span class='ocrx_word' id='word_1_202' title='bbox 1451 2602 1549 2686; x_wconf 87' lang='lat' dir='ltr'>qui</span> <span class='ocrx_word' id='word_1_203' title='bbox 1589 2612 1874 2686; x_wconf 88' lang='lat' dir='ltr'>operatur</span> <span class='ocrx_word' id='word_1_204' title='bbox 1912 2601 2144 2673; x_wconf 88' lang='lat' dir='ltr'>omnia,</span> <span class='ocrx_word' id='word_1_205' title='bbox 2201 2611 2325 2663; x_wconf 90' lang='lat' dir='ltr'>tum</span> 
     </span>
     <span class='ocr_line' id='line_1_24' title="bbox 331 2701 2327 2788; baseline -0.002 -22"><span class='ocrx_word' id='word_1_206' title='bbox 331 2703 485 2788; x_wconf 78' lang='lat' dir='ltr'>quod</span> <span class='ocrx_word' id='word_1_207' title='bbox 531 2703 699 2767; x_wconf 87' lang='lat' dir='ltr'>Unus</span> <span class='ocrx_word' id='word_1_208' title='bbox 738 2704 812 2766; x_wconf 89' lang='lat' dir='ltr'>sit</span> <span class='ocrx_word' id='word_1_209' title='bbox 854 2702 952 2786; x_wconf 80' lang='lat' dir='ltr'>qui</span> <span class='ocrx_word' id='word_1_210' title='bbox 999 2703 1280 2787; x_wconf 88' lang='lat' dir='ltr'>imputat,</span> <span class='ocrx_word' id='word_1_211' title='bbox 1334 2702 1502 2767; x_wconf 81' lang='lat' dir='ltr'>Alter</span> <span class='ocrx_word' id='word_1_212' title='bbox 1542 2701 1640 2787; x_wconf 87' lang='lat' dir='ltr'>qui</span> <span class='ocrx_word' id='word_1_213' title='bbox 1686 2703 1937 2777; x_wconf 85' lang='lat' dir='ltr'>mediat,</span> <span class='ocrx_word' id='word_1_214' title='bbox 1986 2711 2045 2765; x_wconf 88' lang='lat' dir='ltr'>et</span> <span class='ocrx_word' id='word_1_215' title='bbox 2086 2701 2327 2766; x_wconf 88' lang='lat' dir='ltr'>Tertius</span> 
     </span>
     <span class='ocr_line' id='line_1_25' title="bbox 326 2800 2323 2889; baseline -0.003 -22"><span class='ocrx_word' id='word_1_216' title='bbox 326 2804 421 2889; x_wconf 86' lang='lat' dir='ltr'>qui</span> <span class='ocrx_word' id='word_1_217' title='bbox 451 2802 547 2868; x_wconf 82' lang='lat' dir='ltr'>illa</span> <span class='ocrx_word' id='word_1_218' title='bbox 576 2802 802 2866; x_wconf 87' lang='lat' dir='ltr'>bomini</span> <span class='ocrx_word' id='word_1_219' title='bbox 832 2803 1095 2865; x_wconf 83' lang='lat' dir='ltr'>inscribit</span> <span class='ocrx_word' id='word_1_220' title='bbox 1115 2854 1128 2873; x_wconf 82' lang='lat'>‚</span> <span class='ocrx_word' id='word_1_221' title='bbox 1183 2811 1239 2865; x_wconf 92' lang='lat' dir='ltr'>et</span> <span class='ocrx_word' id='word_1_222' title='bbox 1267 2804 1351 2866; x_wconf 90' lang='lat' dir='ltr'>sic</span> <span class='ocrx_word' id='word_1_223' title='bbox 1383 2803 1526 2866; x_wconf 87' lang='lat' dir='ltr'>indit</span> <span class='ocrx_word' id='word_1_224' title='bbox 1557 2800 1763 2874; x_wconf 81' lang='lat' dir='ltr'>fidem,</span> <span class='ocrx_word' id='word_1_225' title='bbox 1818 2824 1923 2885; x_wconf 86' lang='lat' dir='ltr'>per</span> <span class='ocrx_word' id='word_1_226' title='bbox 1956 2821 2132 2885; x_wconf 86' lang='lat' dir='ltr'>quam</span> <span class='ocrx_word' id='word_1_227' title='bbox 2160 2801 2323 2863; x_wconf 84' lang='lat' dir='ltr'>illum</span> 
     </span>
     <span class='ocr_line' id='line_1_26' title="bbox 318 2903 2321 2991; baseline -0.004 -22"><span class='ocrx_word' id='word_1_228' title='bbox 318 2903 614 2991; x_wconf 84' lang='lat' dir='ltr'>justificat.</span> <span class='ocrx_word' id='word_1_229' title='bbox 696 2904 772 2968; x_wconf 80' lang='lat' dir='ltr'>At</span> <span class='ocrx_word' id='word_1_230' title='bbox 811 2905 949 2989; x_wconf 72' lang='lat' dir='ltr'>‘quia</span> <span class='ocrx_word' id='word_1_231' title='bbox 993 2904 1168 2968; x_wconf 84' lang='lat' dir='ltr'>Fides</span> <span class='ocrx_word' id='word_1_232' title='bbox 1206 2907 1384 2966; x_wconf 89' lang='lat' dir='ltr'>trium</span> <span class='ocrx_word' id='word_1_233' title='bbox 1427 2904 1692 2966; x_wconf 86' lang='lat' dir='ltr'>Deorum</span> <span class='ocrx_word' id='word_1_234' title='bbox 1728 2908 2098 2986; x_wconf 82' lang='lat' dir='ltr'>perverterat</span> <span class='ocrx_word' id='word_1_235' title='bbox 2136 2907 2321 2961; x_wconf 88' lang='lat' dir='ltr'>totam</span> 
     </span>
     <span class='ocr_line' id='line_1_27' title="bbox 319 2996 2326 3089; baseline -0.007 -15"><span class='ocrx_word' id='word_1_236' title='bbox 319 3005 644 3074; x_wconf 83' lang='lat' dir='ltr'>Ecclesiam</span> <span class='ocrx_word' id='word_1_237' title='bbox 673 3004 1103 3078; x_wconf 85' lang='lat' dir='ltr'>Christianam,</span> <span class='ocrx_word' id='word_1_238' title='bbox 1154 3024 1224 3066; x_wconf 85' lang='lat' dir='ltr'>ex</span> <span class='ocrx_word' id='word_1_239' title='bbox 1254 3004 1391 3067; x_wconf 90' lang='lat' dir='ltr'>data</span> <span class='ocrx_word' id='word_1_240' title='bbox 1423 3003 1799 3089; x_wconf 85' lang='lat' dir='ltr'>perceptione</span> <span class='ocrx_word' id='word_1_241' title='bbox 1825 2998 2012 3062; x_wconf 85' lang='lat' dir='ltr'>detexi</span> <span class='ocrx_word' id='word_1_242' title='bbox 2040 2996 2154 3061; x_wconf 87' lang='lat' dir='ltr'>illis</span> <span class='ocrx_word' id='word_1_243' title='bbox 2183 2998 2326 3083; x_wconf 88' lang='lat' dir='ltr'>quid</span> 
     </span>
     <span class='ocr_line' id='line_1_28' title="bbox 318 3098 2328 3195; baseline -0.005 -24"><span class='ocrx_word' id='word_1_244' title='bbox 318 3107 474 3195; x_wconf 90' lang='lat' dir='ltr'>apud</span> <span class='ocrx_word' id='word_1_245' title='bbox 509 3127 690 3169; x_wconf 90' lang='lat' dir='ltr'>unum</span> <span class='ocrx_word' id='word_1_246' title='bbox 724 3106 914 3168; x_wconf 86' lang='lat' dir='ltr'>Deum</span> <span class='ocrx_word' id='word_1_247' title='bbox 944 3103 1290 3187; x_wconf 69' lang='lat' dir='ltr'>intelligitur</span> <span class='ocrx_word' id='word_1_248' title='bbox 1317 3125 1423 3190; x_wconf 86' lang='lat' dir='ltr'>per</span> <span class='ocrx_word' id='word_1_249' title='bbox 1452 3100 1910 3173; x_wconf 88' lang='lat' dir='ltr'>Mediationem,</span> <span class='ocrx_word' id='word_1_250' title='bbox 1952 3098 2328 3162; x_wconf 88' lang='lat' dir='ltr'>Intercessio·</span> 
     </span>
     <span class='ocr_line' id='line_1_29' title="bbox 318 3197 2321 3292; baseline -0.005 -22"><span class='ocrx_word' id='word_1_251' title='bbox 318 3229 488 3281; x_wconf 88' lang='lat' dir='ltr'>nem,</span> <span class='ocrx_word' id='word_1_252' title='bbox 531 3206 1058 3292; x_wconf 77' lang='lat' dir='ltr'>propitiationem,</span> <span class='ocrx_word' id='word_1_253' title='bbox 1096 3216 1153 3268; x_wconf 90' lang='lat' dir='ltr'>et</span> <span class='ocrx_word' id='word_1_254' title='bbox 1185 3203 1635 3290; x_wconf 77' lang='lat' dir='ltr'>Expiationem‚</span> <span class='ocrx_word' id='word_1_255' title='bbox 1685 3201 1987 3273; x_wconf 74' lang='lat' dir='ltr'>videlicet,</span> <span class='ocrx_word' id='word_1_256' title='bbox 2032 3197 2189 3285; x_wconf 84' lang='lat' dir='ltr'>quod</span> <span class='ocrx_word' id='word_1_257' title='bbox 2223 3198 2321 3259; x_wconf 87' lang='lat' dir='ltr'>illa</span> 
     </span>
     <span class='ocr_line' id='line_1_30' title="bbox 316 3299 2327 3395; baseline -0.006 -21"><span class='ocrx_word' id='word_1_258' title='bbox 316 3319 581 3395; x_wconf 81' lang='lat' dir='ltr'>quatuor</span> <span class='ocrx_word' id='word_1_259' title='bbox 611 3306 725 3370; x_wconf 84' lang='lat' dir='ltr'>sint</span> <span class='ocrx_word' id='word_1_260' title='bbox 767 3307 1050 3368; x_wconf 86' lang='lat' dir='ltr'>attributa</span> <span class='ocrx_word' id='word_1_261' title='bbox 1083 3303 1342 3368; x_wconf 89' lang='lat' dir='ltr'>Humani</span> <span class='ocrx_word' id='word_1_262' title='bbox 1370 3303 1645 3365; x_wconf 84' lang='lat' dir='ltr'>Jehovae</span> <span class='ocrx_word' id='word_1_263' title='bbox 1675 3301 1818 3375; x_wconf 87' lang='lat' dir='ltr'>Dei,</span> <span class='ocrx_word' id='word_1_264' title='bbox 1868 3300 2028 3386; x_wconf 90' lang='lat' dir='ltr'>qnod</span> <span class='ocrx_word' id='word_1_265' title='bbox 2058 3301 2194 3385; x_wconf 90' lang='lat' dir='ltr'>quia</span> <span class='ocrx_word' id='word_1_266' title='bbox 2223 3299 2327 3363; x_wconf 86' lang='lat' dir='ltr'>Je-</span> 
     </span>
     <span class='ocr_line' id='line_1_31' title="bbox 316 3398 2327 3491; baseline -0.005 -21"><span class='ocrx_word' id='word_1_267' title='bbox 316 3406 525 3471; x_wconf 83' lang='lat' dir='ltr'>bovab</span> <span class='ocrx_word' id='word_1_268' title='bbox 551 3407 713 3471; x_wconf 89' lang='lat' dir='ltr'>Deus</span> <span class='ocrx_word' id='word_1_269' title='bbox 740 3407 962 3491; x_wconf 85' lang='lat' dir='ltr'>absque</span> <span class='ocrx_word' id='word_1_270' title='bbox 994 3406 1276 3470; x_wconf 89' lang='lat' dir='ltr'>Humano</span> <span class='ocrx_word' id='word_1_271' title='bbox 1306 3424 1425 3466; x_wconf 89' lang='lat' dir='ltr'>non</span> <span class='ocrx_word' id='word_1_272' title='bbox 1452 3398 1617 3464; x_wconf 74' lang='lat' dir='ltr'>adir&#39;e</span> <span class='ocrx_word' id='word_1_273' title='bbox 1647 3410 1835 3487; x_wconf 80' lang='lat' dir='ltr'>potest</span> <span class='ocrx_word' id='word_1_274' title='bbox 1871 3399 2190 3484; x_wconf 81' lang='lat' dir='ltr'>bominem,</span> <span class='ocrx_word' id='word_1_275' title='bbox 2218 3422 2327 3462; x_wconf 80' lang='lat' dir='ltr'>nec</span> 
     </span>
     <span class='ocr_line' id='line_1_32' title="bbox 316 3502 2327 3588; baseline -0.006 -14"><span class='ocrx_word' id='word_1_276' title='bbox 316 3511 397 3574; x_wconf 82' lang='lat' dir='ltr'>ab</span> <span class='ocrx_word' id='word_1_277' title='bbox 450 3507 690 3570; x_wconf 88' lang='lat' dir='ltr'>bomine</span> <span class='ocrx_word' id='word_1_278' title='bbox 743 3507 923 3582; x_wconf 88' lang='lat' dir='ltr'>adiri,</span> <span class='ocrx_word' id='word_1_279' title='bbox 995 3506 1278 3570; x_wconf 87' lang='lat' dir='ltr'>Mediatio</span> <span class='ocrx_word' id='word_1_280' title='bbox 1320 3502 1610 3588; x_wconf 76' lang='lat' dir='ltr'>significet</span> <span class='ocrx_word' id='word_1_281' title='bbox 1646 3503 1802 3588; x_wconf 85' lang='lat' dir='ltr'>quod</span> <span class='ocrx_word' id='word_1_282' title='bbox 1850 3502 2196 3565; x_wconf 88' lang='lat' dir='ltr'>Humanum</span> <span class='ocrx_word' id='word_1_283' title='bbox 2254 3503 2327 3562; x_wconf 83' lang='lat' dir='ltr'>sit</span> 
     </span>
     <span class='ocr_line' id='line_1_33' title="bbox 315 3603 2327 3691; baseline -0.004 -20"><span class='ocrx_word' id='word_1_284' title='bbox 315 3609 769 3687; x_wconf 83' lang='lat' dir='ltr'>intermedians,</span> <span class='ocrx_word' id='word_1_285' title='bbox 822 3607 979 3691; x_wconf 88' lang='lat' dir='ltr'>quod</span> <span class='ocrx_word' id='word_1_286' title='bbox 1010 3605 1359 3670; x_wconf 79' lang='lat' dir='ltr'>intercessio</span> <span class='ocrx_word' id='word_1_287' title='bbox 1388 3603 1670 3690; x_wconf 76' lang='lat' dir='ltr'>significet</span> <span class='ocrx_word' id='word_1_288' title='bbox 1702 3603 1859 3689; x_wconf 89' lang='lat' dir='ltr'>quod</span> <span class='ocrx_word' id='word_1_289' title='bbox 1894 3611 2177 3691; x_wconf 86' lang='lat' dir='ltr'>perpetuo</span> <span class='ocrx_word' id='word_1_290' title='bbox 2207 3622 2327 3664; x_wconf 87' lang='lat' dir='ltr'>me·</span> 
     </span>
    </p>

    <p class='ocr_par' dir='ltr' id='par_1_6' title="bbox 281 3702 2328 3996">
     <span class='ocr_line' id='line_1_34' title="bbox 281 3702 2328 3794; baseline -0.004 -22"><span class='ocrx_word' id='word_1_291' title='bbox 281 3710 470 3783; x_wconf 75' lang='lat' dir='ltr'>diet,</span> <span class='ocrx_word' id='word_1_292' title='bbox 526 3709 683 3793; x_wconf 89' lang='lat' dir='ltr'>quod</span> <span class='ocrx_word' id='word_1_293' title='bbox 713 3707 1064 3794; x_wconf 87' lang='lat' dir='ltr'>Propitiatio</span> <span class='ocrx_word' id='word_1_294' title='bbox 1101 3704 1391 3792; x_wconf 79' lang='lat' dir='ltr'>significet</span> <span class='ocrx_word' id='word_1_295' title='bbox 1433 3705 1590 3791; x_wconf 79' lang='lat' dir='ltr'>quod</span> <span class='ocrx_word' id='word_1_296' title='bbox 1620 3705 1912 3789; x_wconf 68' lang='lat' dir='ltr'>benignus</span> <span class='ocrx_word' id='word_1_297' title='bbox 1950 3725 2216 3767; x_wconf 85' lang='lat' dir='ltr'>accessus</span> <span class='ocrx_word' id='word_1_298' title='bbox 2255 3702 2328 3765; x_wconf 90' lang='lat' dir='ltr'>sit</span> 
     </span>
     <span class='ocr_line' id='line_1_35' title="bbox 315 3799 2325 3894; baseline -0.005 -21"><span class='ocrx_word' id='word_1_299' title='bbox 315 3810 506 3873; x_wconf 87' lang='lat' dir='ltr'>cuivis</span> <span class='ocrx_word' id='word_1_300' title='bbox 549 3807 776 3872; x_wconf 84' lang='lat' dir='ltr'>homini</span> <span class='ocrx_word' id='word_1_301' title='bbox 823 3808 896 3871; x_wconf 88' lang='lat' dir='ltr'>ad</span> <span class='ocrx_word' id='word_1_302' title='bbox 942 3808 1168 3881; x_wconf 84' lang='lat' dir='ltr'>Deum;</span> <span class='ocrx_word' id='word_1_303' title='bbox 1222 3807 1480 3894; x_wconf 22' lang='lat' dir='ltr'>et‘quod</span> <span class='ocrx_word' id='word_1_304' title='bbox 1523 3806 1794 3892; x_wconf 88' lang='lat' dir='ltr'>Expiatio</span> <span class='ocrx_word' id='word_1_305' title='bbox 1838 3804 2125 3888; x_wconf 84' lang='lat' dir='ltr'>significet</span> <span class='ocrx_word' id='word_1_306' title='bbox 2168 3799 2325 3888; x_wconf 89' lang='lat' dir='ltr'>quod</span> 
     </span>
     <span class='ocr_line' id='line_1_36' title="bbox 315 3905 2323 3996; baseline -0.004 -24"><span class='ocrx_word' id='word_1_307' title='bbox 315 3910 496 3974; x_wconf 86' lang='lat' dir='ltr'>etiam</span> <span class='ocrx_word' id='word_1_308' title='bbox 532 3909 972 3996; x_wconf 84' lang='lat' dir='ltr'>peccatoribus,</span> <span class='ocrx_word' id='word_1_309' title='bbox 1025 3917 1083 3969; x_wconf 86' lang='lat' dir='ltr'>et</span> <span class='ocrx_word' id='word_1_310' title='bbox 1112 3907 1261 3973; x_wconf 88' lang='lat' dir='ltr'>haec</span> <span class='ocrx_word' id='word_1_311' title='bbox 1287 3909 1485 3970; x_wconf 89' lang='lat' dir='ltr'>omnia</span> <span class='ocrx_word' id='word_1_312' title='bbox 1515 3925 1620 3993; x_wconf 84' lang='lat' dir='ltr'>per</span> <span class='ocrx_word' id='word_1_313' title='bbox 1650 3906 2021 3980; x_wconf 83' lang='lat' dir='ltr'>Humanum,</span> <span class='ocrx_word' id='word_1_314' title='bbox 2057 3927 2127 3967; x_wconf 85' lang='lat' dir='ltr'>n:</span> <span class='ocrx_word' id='word_1_315' title='bbox 2178 3905 2323 3966; x_wconf 78' lang='lat'>135.</span> 
     </span>
    </p>

    <p class='ocr_par' dir='ltr' id='par_1_7' title="bbox 216 4002 2331 4290">
     <span class='ocr_line' id='line_1_37' title="bbox 216 4002 2328 4097; baseline -0.002 -29"><span class='ocrx_word' id='word_1_316' title='bbox 216 4002 343 4074; x_wconf 89' lang='lat' dir='ltr'>XX.</span> <span class='ocrx_word' id='word_1_317' title='bbox 407 4011 587 4090; x_wconf 90' lang='lat' dir='ltr'>Quod</span> <span class='ocrx_word' id='word_1_318' title='bbox 628 4008 975 4086; x_wconf 74' lang='lat' dir='ltr'>intraverim</span> <span class='ocrx_word' id='word_1_319' title='bbox 1022 4007 1079 4070; x_wconf 90' lang='lat' dir='ltr'>in</span> <span class='ocrx_word' id='word_1_320' title='bbox 1114 4006 1543 4097; x_wconf 86' lang='lat' dir='ltr'>Gymnasium,</span> <span class='ocrx_word' id='word_1_321' title='bbox 1597 4006 1698 4070; x_wconf 91' lang='lat' dir='ltr'>ubi</span> <span class='ocrx_word' id='word_1_322' title='bbox 1743 4004 2144 4070; x_wconf 84' lang='lat' dir='ltr'>ventilabatur</span> <span class='ocrx_word' id='word_1_323' title='bbox 2183 4024 2328 4089; x_wconf 89' lang='lat' dir='ltr'>quo-</span> 
     </span>
     <span class='ocr_line' id='line_1_38' title="bbox 316 4100 2327 4195; baseline -0.005 -22"><span class='ocrx_word' id='word_1_324' title='bbox 316 4111 499 4175; x_wconf 81' lang='lat' dir='ltr'>modo</span> <span class='ocrx_word' id='word_1_325' title='bbox 540 4109 985 4195; x_wconf 81' lang='lat' dir='ltr'>intelligendum</span> <span class='ocrx_word' id='word_1_326' title='bbox 1029 4118 1147 4182; x_wconf 83' lang='lat' dir='ltr'>est,</span> <span class='ocrx_word' id='word_1_327' title='bbox 1199 4108 1359 4194; x_wconf 88' lang='lat' dir='ltr'>quod</span> <span class='ocrx_word' id='word_1_328' title='bbox 1408 4105 1620 4169; x_wconf 88' lang='lat' dir='ltr'>dicitur</span> <span class='ocrx_word' id='word_1_329' title='bbox 1667 4107 1738 4169; x_wconf 90' lang='lat' dir='ltr'>de</span> <span class='ocrx_word' id='word_1_330' title='bbox 1782 4104 1933 4170; x_wconf 86' lang='lat' dir='ltr'>Filio</span> <span class='ocrx_word' id='word_1_331' title='bbox 1973 4104 2118 4178; x_wconf 89' lang='lat' dir='ltr'>Dei,</span> <span class='ocrx_word' id='word_1_332' title='bbox 2171 4100 2327 4189; x_wconf 89' lang='lat' dir='ltr'>quod</span> 
     </span>
     <span class='ocr_line' id='line_1_39' title="bbox 313 4201 2331 4290; baseline -0.006 -16"><span class='ocrx_word' id='word_1_333' title='bbox 313 4211 567 4286; x_wconf 64' lang='lat' dir='ltr'>Seni-:AT</span> <span class='ocrx_word' id='word_1_334' title='bbox 605 4231 693 4275; x_wconf 72' lang='lat' dir='ltr'>Ao</span> <span class='ocrx_word' id='word_1_335' title='bbox 733 4229 1046 4274; x_wconf 72' lang='lat' dir='ltr'>nexrnm</span> <span class='ocrx_word' id='word_1_336' title='bbox 1087 4208 1350 4280; x_wconf 71' lang='lat' dir='ltr'>ans3</span> <span class='ocrx_word' id='word_1_337' title='bbox 1405 4206 1478 4271; x_wconf 90' lang='lat' dir='ltr'>de</span> <span class='ocrx_word' id='word_1_338' title='bbox 1506 4204 1623 4270; x_wconf 90' lang='lat' dir='ltr'>boc</span> <span class='ocrx_word' id='word_1_339' title='bbox 1660 4206 1863 4271; x_wconf 83' lang='lat' dir='ltr'>variae</span> <span class='ocrx_word' id='word_1_340' title='bbox 1905 4214 2074 4269; x_wconf 89' lang='lat' dir='ltr'>erant</span> <span class='ocrx_word' id='word_1_341' title='bbox 2105 4201 2331 4290; x_wconf 83' lang='lat' dir='ltr'>opinio-</span> 
     </span>
    </p>
   </div>
  </div>
 </body>
</html>
