2750 4775
400 352 507 403 156
626 339 1084 395 UNIVERSA
1126 340 1656 395 THEOLOGIA
1698 341 1768 393 N.
1807 340 1873 392 G.
1913 340 2020 393 ET
2062 340 2129 395 N.
2169 339 2234 394 E.

393 497 719 582 imputetur
743 495 870 580 ejus
893 494 1113 558 bonum
1140 506 1242 559 aut
1273 494 1527 570 malum,
1579 515 1765 581 usque
1805 494 2122 582 dogmatici
2164 492 2490 580 Religionis

397 595 767 663 Christianae
794 595 1205 661 obturaverint
1231 597 1381 661 sicut
1420 616 1558 660 cera
1599 617 1802 669 aures,
1853 617 1925 660 ac
1965 596 2301 661 inunxerint
2337 594 2494 659 sicut

397 697 646 788 collyrio
680 696 911 773 oculos,
965 708 1027 761 ut
1074 718 1195 764 non
1232 697 1571 762 audiverint
1615 706 1718 760 aut
1759 696 2040 771 viderint,
2095 716 2206 759 nec
2247 695 2493 760 audiant

396 808 500 864 aut
529 798 766 864 videant
792 795 969 862 aliam
999 797 1453 884 Imputationem
1484 818 1660 885 quam
1688 819 1831 862 suae
1857 798 2025 862 Fidei
2051 819 2227 884 supra
2266 816 2493 861 memo·

396 910 589 973 ratae;
644 909 702 963 et
750 907 946 963 tamen
986 899 1162 966 Fides
1194 899 1291 963 illa
1334 900 1447 964 rite
1488 899 1815 986 comparari
1860 907 2052 986 potest
2097 919 2226 962 cum
2270 898 2493 963 Morbo

397 1002 584 1076 oculi,
638 1000 739 1086 qui
765 1009 1013 1067 vocatur
1037 1000 1262 1066 Gur‘rA
1286 1002 1571 1076 Smin,
1616 1002 1733 1063 imo
1761 1002 1972 1077 merito
2001 999 2357 1063 nominanda
2385 998 2497 1074 ita,

397 1123 552 1189 quae
577 1111 665 1166 est
689 1100 960 1167 absoluta
987 1102 1140 1167 oculi
1169 1103 1440 1177 caecitas,
1488 1102 1736 1166 oriunda
1761 1122 1836 1164 ex
1861 1102 2267 1166 obstructione
2293 1100 2491 1165 Nervi

397 1203 608 1292 optici,
658 1211 718 1266 et
755 1212 952 1266 tamen
982 1205 1207 1272 Oculus
1231 1212 1478 1291 apparet
1508 1204 1661 1268 sicut
1699 1203 1958 1290 plenarie
2001 1202 2236 1275 videns;
2287 1199 2494 1265 simili-

401 1315 494 1370 ter
519 1302 600 1367 illi
627 1303 725 1389 qui
757 1305 813 1366 in
843 1303 956 1367 fide
984 1304 1093 1369 ista
1121 1314 1292 1378 sunt,
1341 1304 1567 1367 radunt
1593 1306 1741 1369 sicut
1777 1303 1992 1392 apertis
2018 1303 2229 1375 oculis.
2284 1311 2344 1366 et
2387 1323 2494 1387 ap·

402 1413 610 1495 parent
638 1425 839 1469 coram
883 1404 1012 1470 aliis
1051 1407 1200 1471 sicut
1241 1407 1440 1469 omnia
1483 1406 1753 1481 videant,
1805 1426 1937 1468 cum
1977 1414 2174 1468 tamen
2217 1403 2359 1468 nihil
2401 1403 2494 1468 vi-

310 1546 319 1567 f
398 1505 573 1581 deut,
627 1507 906 1591 quoniam
945 1505 1126 1574 homo
1170 1506 1313 1570 nihil
1356 1506 1465 1571 scit
1504 1506 1576 1569 de
1618 1506 1716 1568 illa
1757 1506 1893 1573 dum
1939 1505 2153 1579 intrat,
2202 1515 2286 1569 est
2329 1504 2494 1567 enim

395 1616 537 1671 tunc
561 1606 710 1671 sicut
738 1617 1008 1683 truncuS,
1058 1630 1168 1673 nec
1196 1607 1406 1672 deinde
1432 1607 1538 1672 scit
1568 1628 1704 1671 num
1733 1607 1914 1681 inest,
1969 1628 2158 1692 neque
2197 1608 2302 1670 scit
2337 1625 2493 1668 num

396 1707 615 1795 aliquid
645 1708 705 1770 in
734 1708 832 1772 illa
861 1716 977 1781 est;
1031 1731 1101 1774 ac
1138 1718 1339 1795 postea
1380 1708 1462 1772 illi
1498 1730 1734 1795 quoque
1773 1708 1925 1772 sicut
1963 1707 2135 1771 claris
2177 1707 2361 1771 oculis
2402 1705 2494 1771 vi-

398 1809 539 1874 dent
563 1807 768 1873 Fidem
796 1809 954 1873 illam
985 1810 1404 1894 parturientem
1433 1818 1491 1873 et
1517 1810 1855 1896 gignentem
1898 1809 2124 1873 nobiles
2160 1808 2350 1872 faetus
2376 1806 2492 1873 Ju-

395 1910 792 1980 stificationis,
843 1909 1113 1973 videlicet
1164 1910 1594 1976 Remissionem
1643 1920 2055 1997 peccatorum,
2121 1907 2492 1973 vivificatio·

396 2033 565 2088 nem,
607 2010 1093 2086 Innovationem,
1141 2013 1713 2098 Regenerationem,
1754 2009 2308 2087 sanctificationem,
2351 2031 2491 2074 cum

395 2122 592 2178 tamen
610 2134 740 2177 non
767 2109 938 2176 ullius
964 2111 1196 2176 illarum
1224 2113 1456 2197 signum
1485 2112 1790 2189 viderunt,
1843 2134 1952 2176 nec
1980 2112 2183 2177 videre
2226 2119 2488 2200 possunt.

548 2215 692 2277 646.
747 2212 922 2291 Quod
952 2214 1171 2279 bonum
1198 2215 1356 2302 quod
1388 2224 1474 2279 est
1502 2211 1791 2290 charitas,
1842 2223 1898 2277 et
1941 2212 2157 2277 malum
2197 2212 2358 2298 quod
2397 2220 2490 2276 est

397 2314 707 2402 iniquitas,
758 2321 885 2402 post
928 2325 1176 2380 mortem
1224 2316 1613 2404 imputentur,
1687 2337 1758 2379 ex
1802 2315 1960 2379 omni
2006 2313 2368 2403 experientia
2412 2311 2492 2376 de

397 2426 556 2482 sorte
595 2414 862 2491 illorum,
915 2418 1013 2504 qui
1042 2437 1113 2479 ex
1139 2417 1255 2483 hoc
1284 2417 1507 2481 Mundo
1550 2416 1608 2478 in
1640 2419 1885 2482 alterum
1919 2425 2255 2489 transeunt,
2307 2422 2492 2479 testa·

398 2527 523 2581 tum
561 2515 699 2579 mihi
727 2516 945 2581 factum
973 2528 1093 2594 est,
1147 2519 1392 2606 quisque
1421 2529 1727 2604 postquam
1756 2509 1979 2605 aliquot
2007 2519 2130 2582 dies
2167 2517 2247 2579 ibi
2287 2536 2492 2580 mora·

399 2628 494 2683 tus
517 2625 634 2692 est,
687 2616 1027 2702 exploratur
1050 2620 1240 2704 qualis
1272 2630 1393 2696 est,
1444 2619 1523 2681 ita
1564 2619 1752 2705 qualis
1792 2619 1902 2683 fuit
1941 2620 1999 2682 in
2041 2618 2221 2706 priori
2260 2616 2489 2686 Mundo

400 2717 595 2806 quoad
628 2717 1000 2804 religionem,
1055 2742 1173 2806 quo
1201 2719 1359 2784 facto
1381 2768 1397 2794 ‚
1452 2718 1849 2807 exploratores
1878 2720 2215 2784 renuntiant
2259 2717 2375 2781 boc
2410 2716 2488 2780 ad

401 2819 674 2894 Caelum,
724 2829 784 2882 et
812 2828 948 2883 tunc
976 2819 1325 2886 transfertur
1353 2821 1428 2885 ad
1454 2821 1700 2896 similes,
1754 2823 1832 2884 ita
1862 2823 1934 2885 ad
1961 2843 2127 2896 suos,
2172 2819 2251 2883 ita
2281 2817 2344 2882 fit
2373 2819 2494 2882 Im-

404 2920 647 3009 putatio.
725 2921 900 3001 Quod
939 2923 1248 3008 imputatio
1276 2922 1415 2986 boni
1454 2925 1526 2986 sit
1566 2921 1841 2988 omnibus
1877 2922 1976 3009 qui
2012 2922 2071 2985 in
2112 2920 2292 2984 Caelo
2331 2928 2492 2995 sunt,

403 3032 462 3085 et
488 3022 796 3106 imputatio
827 3021 961 3085 mali
990 3023 1262 3087 omnibus
1288 3022 1474 3109 quiin
1507 3024 1767 3098 inferno,
1826 3023 2011 3110 patuit
2045 3021 2186 3086 mihi
2223 3042 2295 3083 ex
2329 3018 2491 3083 ordi-

398 3122 641 3187 natione
685 3122 989 3208 utriusque
1035 3145 1070 3187 a
1115 3122 1407 3197 Domino;
1464 3124 1816 3190 Universum
1866 3124 2107 3188 Caelum
2150 3123 2490 3185 ordinatum

400 3233 489 3288 est
524 3224 582 3287 in
619 3224 943 3289 societates
980 3226 1297 3288 secundum
1341 3247 1544 3290 omnes
1589 3227 1907 3290 varietates
1941 3224 2156 3289 amoris
2200 3223 2373 3297 honi,
2425 3230 2494 3285 et

404 3325 756 3391 Universum
788 3321 1088 3389 Infernum
1118 3327 1436 3390 secundum
1478 3349 1680 3391 omnes
1721 3326 2035 3390 varietates
2073 3325 2291 3392 amoris
2329 3322 2489 3387 mali.

398 3426 677 3493 Similiter
703 3426 1008 3491 ordinatur
1037 3426 1295 3492 Ecclesia
1325 3429 1383 3489 in
1414 3430 1584 3493 terris
1610 3450 1642 3492 a
1671 3427 1961 3500 Domino,
2000 3426 2148 3489 haee
2174 3426 2327 3488 enim
2358 3446 2493 3488 cor-

397 3529 711 3616 respondet
752 3525 963 3601 Caelo;
1017 3527 1145 3612 ejus
1186 3528 1393 3614 religio
1433 3537 1520 3593 est
1572 3530 1811 3593 bonum.
1906 3528 2225 3593 Praeterea
2265 3545 2490 3615 quaere

399 3648 827 3715 quemcumque
857 3625 999 3692 libet
1025 3628 1308 3716 religione
1337 3639 1396 3692 et
1424 3630 1593 3693 simul
1632 3629 1861 3695 ratione
1890 3629 2216 3715 praeditum
2235 3675 2251 3702 ,
2303 3627 2377 3691 sit
2415 3648 2493 3689 ex

397 3727 511 3792 hac
537 3738 636 3792 aut
665 3750 734 3791 ex
765 3728 914 3793 binis
940 3728 1143 3794 alteris
1169 3729 1434 3814 partibus
1462 3730 1671 3805 Orbis,
1717 3751 1901 3817 quem
1945 3730 2129 3794 credit
2171 3738 2493 3793 venturum

397 3828 459 3891 in
486 3827 758 3904 Caelum,
804 3838 863 3892 et
890 3851 1063 3917 quem
1092 3830 1152 3892 in
1181 3829 1517 3909 Infernum,
1571 3841 1626 3897 et
1656 3831 2095 3921 respondebunt
2121 3829 2495 3894 consentien-

399 3938 522 4004 ter,
576 3929 733 4017 quod
759 3928 842 3992 illi
870 3931 968 4018 qui
997 3931 1216 3995 bonum
1247 3931 1472 3998 faciunt
1509 3936 1569 3997 in
1598 3933 1870 4010 Caelum,
1923 3942 1981 3996 et
2019 3930 2177 4019 quod
2219 3932 2321 4018 qui
2361 3950 2494 3992 ma-

397 4030 519 4094 lum
559 4029 620 4094 iu
653 4029 962 4096 infernum.
1057 4032 1304 4121 Insuper
1348 4034 1478 4124 quis
1519 4057 1635 4100 non
1673 4034 1814 4110 scit,
1876 4031 2034 4120 quod
2081 4031 2272 4097 omnis
2312 4051 2496 4096 verus

397 4129 578 4195 homo
631 4142 789 4198 amet
838 4131 1168 4212 hominem,
1247 4135 1492 4200 Caetum
1546 4156 1617 4200 ex
1670 4134 1963 4223 pluribus,
2033 4133 2377 4209 Civitatem,
2427 4140 2497 4195 et

402 4232 676 4321 Regnum
703 4256 774 4299 ex
802 4235 958 4301 bono
986 4257 1220 4317 eorum,
1274 4237 1394 4300 imo
1434 4258 1551 4301 non
1589 4234 1772 4302 modo
1813 4231 2113 4313 homines,
2165 4233 2266 4302 sed
2311 4234 2496 4300 etiam
