2750 4775
429 365 497 419 Χ.
578 362 1192 417 REFORMATm
1247 365 1350 416 ΕΤ
1405 365 2080 423 REGENERATIO.
2239 378 2344 427 109

225 539 382 582 num
408 527 489 581 ,et
529 525 866 590 externum,
916 515 1030 583 hoc
1081 526 1239 604 patet
1284 539 1357 582 ex
1393 539 1498 595 eo,
1552 519 1708 606 quod
1749 542 1864 584 non
1907 519 2081 585 liceat
2120 518 2348 587 homini

218 626 419 707 'agere
466 627 523 680 et
552 619 709 704 loqui
756 616 1029 682 in-Caetu
1076 630 1181 682 aut
1225 616 1406 696 foris,
1459 624 1607 684 sicut
1650 622 1792 683 dum
1817 621 1926 686 sibi
1965 621 2203 688 relictus
2234 632 2344 700 est,

219 742 341 788 seu
373 721 568 792 domi;
625 739 804 795 causa
827 720 1128 784 divisionis
1167 720 1340 806 hujus
1381 729 1500 809 est,
1554 721 1690 807 quia
1719 721 1906 807 Leges
1946 722 2145 786 civiles
2173 745 2341 812 prae·

225 822 512 890 scribunt
543 821 873 910 punitiones
901 842 1008 909 pro
1035 820 1148 886 illis
1186 820 1283 907 qui
1316 821 1467 885 male
1494 831 1703 909 agunt,
1757 832 1815 884 et
1843 824 2345 889 remunerationes

222 946 348 1014 pro
391 923 504 987 illis
545 922 644 1008 qui
686 923 875 998 hene,
929 931 986 986 et
1029 923 1112 985 sic
1151 943 1214 987 se
1251 932 1475 1008 cogunt
1502 924 1577 987 ad
1604 922 1992 1010 separandum
2023 922 2343 989 Externum

223 1025 547 1091 hominem
574 1024 651 1087 ab
682 1023 960 1097 Interno,
986 1012 1150 1085 'narn
1191 1022 1387 1089 nullus
1415 1025 1540 1089 vult
1577 1024 1803 1112 puniri,
1856 1035 1912 1087 et
1944 1025 2344 1111 unusquisque

225 1129 371 1192 vult
419 1125 821 1199 remunerari,
906 1124 1062 1210 quod
1112 1123 1179 1188 fit
1227 1147 1330 1213 per
1375 1148 1519 1214 opes
1564 1135 1624 1189 et
1669 1123 1952 1196 honores;
2028 1135 2346 1212 utrumque

224 1228 361 1295 hoc
400 1248 518 1291 non
565 1227 897 1312 assequitur
935 1226 1144 1301 homo,
1196 1225 1243 1290 si
1281 1247 1403 1289 non
1446 1226 1766 1291 secundum
1807 1225 1934 1290 illas
1972 1227 2129 1312 leges
2169 1227 2342 1301 vivit3

225 1331 380 1399 inde
426 1338 544 1403 est,
617 1327 775 1412 quod
832 1325 1004 1389 detur
1048 1326 1348 1391 moralitas
1390 1339 1448 1391 et
1506 1324 1920 1391 benevolentia
1968 1327 2026 1389 in
2069 1327 2343 1404 externis,

225 1434 421 1497 etiam
455 1427 610 1516 apud
638 1428 800 1505 illos,
854 1429 1067 1513 quibus
1095 1427 1253 1492 nulla
1290 1430 1594 1495 moralitas
1619 1437 1678 1491 et
1706 1426 2118 1493 benevolentia
2157 1438 2243 1493 est
2282 1428 2345 1494 in

222 1532 520 1604 internis;
592 1550 664 1593 ex
710 1529 821 1594 hac
866 1530 1090 1616 origine
1135 1539 1221 1593 est
1265 1531 1457 1596 omnis
1490 1526 1850 1620 hypocrisis.
1924 1529 2242 1595 assentatio
2283 1539 2345 1593 et

228 1633 555 1701 simulatio.
622 1666 627 1675 -
1254 1680 1257 1685 ,

399 1738 547 1797 593.
603 1732 778 1812 Quod
807 1732 1154 1797 divisionem
1188 1731 1473 1796 naturalis
1514 1731 1770 1797 hominis
1812 1732 1870 1794 in
1912 1730 2081 1797 binas
2122 1730 2346 1798 formas

234 1836 495 1911 attinet,
544 1843 630 1898 est
678 1834 922 1898 actualis
968 1833 1176 1897 divisio
1217 1842 1336 1897 tam
1385 1833 1708 1899 voluntatis
1750 1854 1925 1919 quam
1957 1832 2345 1918 *cogitationis

232 1940 356 2015 ibi,
411 1958 547 2000 nam
577 1938 766 1999 omnis
794 1934 962 1997 xactio
990 1932 1246 1997 hominis
1276 1932 1658 2019 proficiscitur
1686 1955 1720 1998 a
1751 1932 2055 2001 voluntate
2081 1932 2228 2017 ejus,
2280 1944 2343 2000 et

238 2039 438 2104 omnis
476 2035 713 2122 loquela
755 2057 787 2099 a
830 2033 1219 2119 cogitatione,
1285 2055 1469 2118 quare
1495 2035 1628 2099 tatia
1670 2035 1942 2099 voluntas
1990 2034 2066 2098 ab
2104 2032 2344 2100 homine

238 2139 502 2204 formata
543 2147 629 2198 est
668 2136 823 2201 infra
865 2135 1153 2222 priorem,
1210 2134 1476 2199 simi-liter
1505 2136 1619 2200 alia
1649 2135 1961 2222 cogitatio,
2009 2136 2112 2200 sed
2156 2156 2343 2223 usque

248 2248 507 2324 utraque
542 2234 709 2301 ‚haec
754 2235 1053 2298 constituit
1097 2235 1427 2298 naturalem
1479 2234 1804 2309 hominem;
1873 2234 2022 2302 haec
2069 2237 2345 2303 voluntas

248 2356 405 2427 quae
446 2324 815 2401 ab'liofnine-
852 2335 1171 2410 formatur,
1245 2336 1445 2400 vocari
1487 2345 1677 2426 potest
1718 2339 1990 2405 voluntas
2035 2359 2344 2426 corporea,

252 2441 390 2528 quia
435 2439 557 2525 agit
598 2437 908 2522 corpusad
940 2436 1401 2523 gesticulandum
1428 2460 1490 2503 se
1518 2438 1858 2516 moraliter,
1906 2448 1966 2503 et
1989 2440 2089 2506 illa
2118 2441 2360 2528 cogita-5

247 2542 334 2606 tio
374 2539 578 2604 vocari
622 2549 812 2625 potest
854 2537 1137 2624 cogitatio
1188 2540 1578 2626 pulmonaris,
1643 2541 1780 2626 quia
1823 2541 1945 2625 agit
1982 2541 2242 2628 linguam
2282 2554 2343 2608 et

242 2643 414 2710 labra
458 2643 531 2705 ad
569 2642 926 2727 loquendum
958 2638 1096 2703 talia
1122 2661 1272 2726 quae
1307 2641 1640 2706 intellectus
1659 2651 1812 2706 sunt.
1868 2642 2037 2706 Haec
2062 2644 2342 2731 cogitatio

238 2743 440 2810 et-‘illa
484 2743 759 2808 voluntas
798 2741 970 2808 simul
1012 2742 1342 2828 comparari
1400 2754 1638 2830 possunt
1678 2741 1948 2834 philyrae
1991 2765 2145 2831 quae
2184 2744 2343 2810 intus

237 2844 526 2912 adhaeret
555 2845 756 2908 cortici
786 2843 1045 2917 arboris,
1101 2863 1170 2907 ac
1199 2844 1578 2909 membranae
1606 2866 1765 2930 quae
1797 2852 1979 2909 testae
2007 2847 2135 2921 ovi,
2187 2846 2343 2910 inter

240 2947 390 3035 quas
417 2958 501 3009 est
528 2947 794 3010 internus
820 2945 1107 3010 naturalis
1132 2943 1309 3008 homo
1326 2996 1340 3017 ,
1388 2946 1486 3030 qui
1515 2947 1562 3009 si
1592 2945 1795 3018 malus,
1852 2947 2183 3032 comparari
2213 2953 2343 3033 pot·

236 3058 331 3112 est
356 3049 516 3134 ligno
547 3047 776 3110 arboris
805 3049 1016 3132 putris,
1068 3046 1287 3109 circum
1317 3046 1475 3132 quod
1505 3045 1692 3110 dictus
1720 3046 1813 3110 ille
1844 3057 2045 3112 cortex
2075 3068 2208 3113 cum
2234 3067 2340 3112 sua

239 3148 474 3240 philyra
514 3156 759 3233 apparet
806 3149 1067 3234 integer,
1131 3156 1189 3212 et
1233 3166 1469 3232 quoque
1517 3169 1633 3224 ovo
1675 3147 1876 3233 putido
1931 3150 2085 3214 intra
2131 3155 2341 3212 testam

239 3249 459 3315 albam.
513 3249 722 3329 Qualis
748 3259 943 3313 autem
973 3250 1237 3314 internus
1264 3247 1549 3324 naturalis
1583 3247 1765 3314 homo
1808 3259 1895 3312 est
1935 3270 1970 3315 a
2011 3247 2340 3323 nativitate,

236 3351 502 3415 dicetur:
554 3349 825 3414 voluntas
851 3351 974 3436 ejus
999 3348 1243 3412 inclinat
1271 3348 1345 3412 ad
1386 3348 1538 3412 mala
1568 3351 1756 3415 omnis
1784 3350 2045 3436 generis,
2096 3357 2156 3411 et
2183 3347 2342 3434 cogi—

240 3452 395 3515 tatio
432 3450 566 3513 inde
613 3449 685 3514 ad
731 3450 876 3515 falsa
923 3449 1098 3522 etiam
1147 3451 1335 3514 omnis
1379 3451 1638 3536 generis;
1693 3451 1787 3514 hic
1831 3450 2032 3537 itaque
2077 3449 2341 3518 internus

235 3552 423 3618 homo
454 3561 571 3625 est,
638 3553 735 3637 qui
778 3550 1215 3637 regenerandus
1254 3560 1370 3625 est,
1442 3573 1577 3616 narn
1634 3552 1742 3616 nisi
1786 3551 1881 3614 hic
1935 3559 2342 3639 regeneratur,

242 3676 368 3718 non
409 3662 495 3716 est
526 3653 642 3715 nisi
683 3653 880 3718 odium
915 3662 1122 3717 contra
1149 3653 1348 3724 omnia
1380 3674 1532 3738 quae
1561 3650 1861 3718 charitatis
1885 3662 2054 3730 sunt,
2106 3662 2164 3720 et
2203 3639 2341 3722 inde

234 3753 726 3819 excandescentia
777 3763 982 3817 contra
1024 3752 1221 3819 omnia
1265 3775 1421 3839 quae
1467 3752 1601 3817 fidei
1643 3763 1797 3818 sunt.
1871 3755 2014 3819 Inde
2058 3756 2341 3841 sequitur,

241 3854 405 3944 quod
445 3855 694 3943 primum
737 3855 1173 3942 regenerandus
1198 3856 1271 3919 sit
1297 3853 1584 3919 naturalis
1621 3856 1888 3922 internus
1914 3856 2127 3932 homo,
2151 3866 2211 3920 et
2239 3869 2345 3943 per

241 3956 402 4021 hunc
430 3966 723 4032 externus,
771 3955 886 4020 hoc
912 3957 1067 4020 enim
1095 3956 1416 4021 secundum
1445 3954 1712 4020 ordinem
1740 3966 1845 4034 est,
1900 3965 1962 4021 at
1986 3969 2345 4041 regenerare

239 4060 541 4121 internum
594 4079 699 4144 per
749 4067 1056 4123 externum
1100 4066 1303 4124 eontra
1348 4057 1615 4121 ordinem
1657 4067 1774 4130 θεὴ
1848 4059 2142 4124 internum
2184 4056 2343 4120 enim

240 4168 331 4225 est
369 4159 520 4224 sicut
559 4159 761 4224 anima
787 4159 853 4223 in¹
874 4165 1150 4233 externo,
1180 4180 1323 4224 non
1352 4157 1530 4221 modo
1557 4157 1618 4222 in
1647 4157 1943 4232 communi
1966 4205 1982 4233 ,
2031 4155 2131 4222 sed
2161 4155 2343 4218 etiam

208 4255 302 4326 ‘in
341 4260 503 4330 omni
543 4259 917 4349 particulari,
970 4258 1219 4348 proinde
1265 4259 1328 4324 in
1366 4257 1609 4345 singulis
1652 4280 1806 4345 quae
1847 4255 2143 4342 loquitur,
2183 4253 2345 4315 inest
