2750 4775
447 377 554 430 52⁸
631 361 1152 421 'UvaERSA
1196 368 1740 422 TuEOLOGlA
1782 369 1850 421 N.
1889 370 1952 422 C.
1995 368 2097 420 ΕΤ
2138 369 2199 420 Π.
2236 367 2295 419 Ε.

443 520 722 588 Mirabile
748 530 869 596 est,
924 520 1084 607 quod
1125 541 1363 594 omnes,
1422 521 1520 606 qui
1562 540 1635 584 ex
1674 520 1978 607 Religioso
2018 519 2114 582 illo
2150 517 2410 584 catholico
2438 518 2487 582 in
2550 545 2559 556 ¹

445 622 738 688 Mundum
783 621 1147 707 spiritualem
1196 619 1459 694 alluunt,
1533 643 1650 684 non
1699 621 1941 685 videant
1984 620 2062 685 ibi
2108 619 2356 694 Caelum,
2414 620 2499 681 ubi

444 730 585 787 sunt
630 723 878 808 Angeli,
930 730 1019 785 est
1058 722 1208 784 sicut
1255 722 1466 786 Nubes
1506 723 1758 785 obscura
1799 744 1977 807 super
2022 720 2176 796 illos,
2235 741 2368 806 quae
2406 729 2498 782 ter·

445 822 632 886 minat
663 824 880 894 visuum
935 831 1176 894 atvero
1205 831 1268 884 ut
1297 823 1552 908 primum
1583 822 1794 907 aliquis
1834 843 2156 886 conversus
2192 821 2258 884 ad
2298 840 2497 882 conver·
2606 815 2607 866 Ὗ

444 923 765 999 eosvenit,
819 923 1087 1007 aperitur
1116 921 1400 999 Caelum,
1453 933 1511 988 et
1558 923 1915 1009 quandoque
1958 924 2159 986 vident
2184 918 2411 1006 Angelos
2437 919 2500 981 ibi
2608 935 2609 978 1

445 1024 507 1087 in
535 1022 811 1088 Vestibus
839 1023 1018 1099 albis,
1072 1022 1145 1086 ad
1191 1041 1342 1109 quos
1384 1023 1562 1086 etiam
1599 1033 1729 1111 post
1760 1034 2036 1088 exactum
2067 1034 2283 1109 tempus
2304 1040 2500 1106 praepa·
2610 1055 2611 1062 κ

447 1125 736 1197 rationis,
786 1124 1115 1188 elevantur.

448 1301 560 1366 DE
628 1298 968 1365 SANCTIS
1038 1296 1712 1364 PONTIFICIORUM
1790 1298 1877 1363 IN
1953 1299 2252 1365 MUNDO
2312 1293 2506 1364 sPlffl-
2614 1301 2615 1312 ¹

1367 1397 1641 1464 TUALl.

607 1530 756 1590 822.
831 1527 1057 1591 Notum
1102 1535 1222 1601 est,
1278 1525 1436 1609 quod
1484 1523 1710 1587 homini
1754 1546 1787 1587 a
1834 1525 2193 1590 Parentibus
2227 1525 2295 1590 sit
2332 1521 2507 1585 malum

448 1629 687 1694 insitum
727 1647 833 1692 seu
873 1626 1367 1699 haereditarium,
1420 1624 1523 1688 sed
1560 1624 1765 1711 paucis
1803 1635 2011 1689 n‘otutn
2045 1637 2134 1691 est
2172 1628 2230 1688 in
2261 1645 2364 1709 quo
2399 1618 2511 1683 illud
2620 1683 2621 1686 ,

450 1727 510 1794 in
557 1751 661 1793 sua
711 1726 1069 1813 plenitudine
1115 1727 1380 1801 habitat,
1436 1723 1667 1792 habitat
1709 1727 1767 1787 in
1814 1746 2021 1789 amore
2068 1710 2377 1816 possidendi
2415 1741 2511 1784 om·

452 1831 616 1896 nium
655 1819 918 1892 aliorum
953 1829 1138 1900 bona,
1195 1836 1250 1891 et
1295 1831 1355 1889 in
1396 1847 1602 1891 amore
1646 1826 2022 1902 dominandi,
2080 1828 2359 1915 posterior
2391 1820 2510 1884 enim
2622 1847 2623 1858 ¹

450 1929 546 1993 hic
592 1951 762 1994 amor
807 1929 937 1992 talis
983 1937 1101 2002 est,
1141 1937 1238 1991 -ut
1283 1937 1593 2012 quantum
1621 1928 1670 1989 ei
1719 1927 1992 1990 laxantur
2041 1927 2284 2002 fraena,
2332 1931 2511 1986 tantum

451 2039 725 2115 erumpat
745 2078 760 2105 ,
813 2049 1000 2114 usque
1029 2038 1089 2090 ut
1118 2027 1332 2113 flagret
1358 2028 1630 2113 cupidine
1659 2028 2001 2091 dominandi
2032 2050 2213 2113 super
2238 2046 2433 2095 onmes,
2473 2029 2515 2080 el

451 2130 694 2194 tandem
726 2139 787 2194 ut
819 2128 958 2193 velit
987 2129 1251 2192 invocari
1279 2136 1343 2190 et
1368 2129 1481 2191 coli
1515 2129 1664 2192 sicut
1700 2127 1891 2191 Deus:
1945 2128 2039 2191 hic
2076 2127 2267 2194 Amor
2302 2136 2379 2190 est
2410 2123 2515 2186 ser-

451 2251 633 2317 pens,
685 2230 785 2314 qui
813 2228 1042 2313 decepit
1072 2228 1357 2292 Chaivam
1391 2239 1447 2292 et
1474 2227 1804 2303 Adamum‚
1858 2229 2000 2292 dixit
2042 2230 2204 2293 enim
2242 2227 2313 2292 ad
2348 2222 2516 2288 Mulie·

454 2352 623 2405 rem,
674 2330 867 2396 Novit
894 2328 1094 2405 Deus,
1150 2352 1271 2422 quo
1306 2328 1406 2394 die
1447 2327 1823 2395 comederitis
1867 2325 2195 2418 defructu
2238 2326 2391 2393 illius
2422 2318 2518 2387 Ar»

451 2430 653 2508 boris,
709 2434 1052 2521 aperientur
1091 2429 1257 2496 oculi
1295 2435 1513 2505 vestri,
1581 2452 1659 2494 m·
1696 2451 1860 2494 ‘runc
1904 2451 2107 2495 muns
2159 2451 2333 2497 srcur
2368 2428 2518 2495 Utus,

452 2529 604 2594 Gen.
651 2529 772 2593 1112
832 2531 885 2592 4.
936 2537 1008 2602 ὃς
1079 2541 1366 2618 quantum
1419 2532 1622 2616 itaque
1674 2530 1857 2594 homo
1910 2532 2191 2598 relaxatis
2242 2528 2437 2594 fraenis
2474 2522 2516 2583 in
2574 2596 2577 2601 ⁴

452 2630 612 2695 hunc
637 2629 919 2695 Amorem
950 2633 1101 2706 ruit,
1155 2641 1383 2695 tantum
1425 2653 1487 2697 se
1526 2632 1743 2695 avertit
1771 2653 1807 2696 a
1839 2631 2002 2707 Deo,
2056 2641 2115 2694 et
2159 2628 2433 2694 convertit
2468 2619 2521 2686 ad

453 2742 677 2808 semet,
730 2742 788 2795 et
818 2729 880 2794 fit
910 2734 1194 2796 adorator
1218 2732 1338 2807 sui,
1392 2743 1450 2795 et
1489 2741 1863 2817 tunc-potest
1902 2733 2184 2797 invocare
2225 2733 2405 2796 Deum
2443 2741 2520 2786 ore

462 2833 654 2898 calido
692 2855 761 2896 ex
805 2855 1005 2897 amore
1039 2834 1160 2908 sui,
1216 2833 1315 2899 sed
1359 2834 1537 2897 corde
1572 2832 1787 2918 frigido
1827 2854 1898 2896 ex
1940 2843 2283 2919 contemptu
2311 2830 2438 2897 Dei.·
2478 2829 2521 2884 el

456 2956 697 3021 quoque
729 2945 867 2998 tunc
898 2945 1134 3021 possunt
1168 2935 1385 2999 Divina
1414 2932 1715 2998 Ecclesiae
1743 2933 2027 2998 inservire
2058 2952 2168 3018 pro
2206 2930 2416 3003 mediis,
2447 2920 2523 2988 sed

455 3037 595 3121 quia
643 3034 775 3100 finis
822 3046 910 3100 est
952 3036 1309 3110 dominium,
1375 3035 1568 3101 media
1625 3055 1744 3096 non
1791 3033 1919 3118 plus
1964 3035 2130 3096 cordi
2164 3043 2334 3105 sunt,
2385 3043 2522 3115 quam

456 3146 630 3220 prout
659 3137 1003 3200 inserviunt.
1083 3134 1276 3209 Talis,
1329 3137 1375 3198 si
1405 3135 1481 3199 ad
1509 3156 1816 3222 supremos
1841 3133 2099 3198 honores
2130 3135 2422 3217 evehitur,
2462 3132 2528 3187 esi

455 3235 517 3298 in
548 3259 652 3300 sua
680 3237 938 3321 imagine
965 3236 1075 3300 sibi
1103 3237 1250 3300 sicut
1280 3233 1447 3299 Atlas
1479 3244 1720 3320 portans
1746 3233 2006 3298 Globum
2056 3244 2425 3321 terraquenm
2453 3245 2527 3289 su·

456 3358 564 3423 per
592 3337 847 3422 scapulis
873 3337 1021 3408 suis;
1077 3357 1145 3400 ac
1169 3336 1324 3401 sicut
1351 3334 1630 3400 Phoebus
1657 3334 1840 3399 solem
1870 3335 2039 3421 equis
2067 3337 2187 3398 suis
2227 3335 2411 3398 ferens
2442 3326 2526 3389 cit·

456 3458 590 3500 cum
644 3437 872 3500 orbem.

610 3540 758 3598 823.
816 3536 1116 3615 Quoniam
1154 3536 1333 3601 homo
1373 3558 1445 3599 ex
1486 3535 1887 3599 haereditario
1926 3536 2057 3601 talis
2098 3546 2211 3607 est,
2266 3533 2392 3596 ideo
2429 3547 2527 3590 om·

457 3656 593 3708 nes,
633 3636 733 3720 qui
776 3658 877 3722 per
906 3637 1108 3701 Bullas
1137 3638 1391 3723 Papales
1428 3636 1780 3702 sanctificati
1819 3646 1987 3712 sunt,
2040 3637 2107 3699 in=
2129 3636 2354 3701 Mundo
2390 3624 2527 3715 spiri·

457 3733 602 3799 luali
631 3745 1015 3798 removentur
1041 3739 1117 3800 ab
1147 3739 1331 3801 oculis
1360 3739 1661 3811 aliorum‚-
1698 3747 1757 3800 et
1790 3738 2225 3811 reconduntur,
2277 3744 2331 3796 et
2371 3727 2528 3795 auler-

454 3847 554 3901 tur
582 3832 691 3900 illis
726 3855 902 3898 omne
928 3839 1348 3901 commercium
1394 3861 1526 3902 cum
1562 3838 1887 3902 cultoribus
1918 3837 2149 3900 illorum
2175 3885 2190 3911 ‚
2244 3855 2409 3901 causa
2445 3834 2526 3896 esi,

455 3956 530 4000 nc
561 3935 728 4000 radix
756 3935 854 3999 illa
887 3934 1175 3999 malorum
1207 3939 1454 4024 pessima
1489 3938 1779 4001 excitetur
1815 3937 1971 4024 apud
2013 3938 2142 4001 illos
2164 3983 2180 4010 ,
2232 3946 2288 3998 et
2327 3935 2382 3997 in
2417 3926 2529 3993 deli·

458 4038 544 4101 ria
591 4035 993 4122 phantastica,
1050 4037 1244 4123 qualia
1290 4048 1429 4102 sunt
1467 4036 1622 4126 apud
1671 4039 2025 4111 daemones,
2090 4036 2437 4101 inserantur:
2481 4026 2524 4087 5⁰

455 4137 598 4200 talia
641 4138 844 4201 deliria
888 4138 1127 4200 veniunt
1163 4137 1278 4210 iui,
1331 4139 1429 4223 qui
1471 4140 1608 4202 dum
1650 4139 1711 4201 iu
1750 4138 1978 4204 Mundo
2004 4140 2267 4215 ⁴vivunt,
2318 4136 2528 4200 sanctos

454 4234 579 4300 fieri
612 4245 742 4325 post
788 4244 1040 4300 mortem
1070 4245 1135 4300 ut
1168 4236 1554 4314 invocentur,
1607 4238 1803 4302 studio
1845 4236 2137 4303 affectant.
