2750 4775
936 343 1031 401 xl.
1110 343 1643 403 ,lMPUTA'l‘lQ
2217 358 2324 407 ¹5⁵

211 494 337 586 fi‘i
385 510 445 562 et
484 495 768 562 induistis
796 496 921 563 Me.
993 493 1306 586 Aegrotas
1326 493 1447 584 fiii
1480 512 1536 565 et
1577 501 1875 564 visitastis
1897 499 2022 565 Me.
2087 500 2167 565 In
2216 500 2332 566 Cu·

232 593 581 686 stodiafui
602 612 659 663 et
681 600 936 664 venistis
962 598 1050 664 ad
1079 598 1205 664 Me.
1284 597 1379 664 At
1403 623 1552 665 vero
1576 600 1781 667 Hircis
1807 624 1846 664 α
1872 604 2149 677 sinistris,
2187 606 2333 694 quia

232 696 656 788 nonfecerunt
684 700 863 776 bona,
907 698 1088 776 dixit,
1133 697 1426 766 discedite
1456 725 1494 765 a
1523 700 1634 766 Me
1662 697 1993 776 maledicti,
2032 705 2096 765 in
2122 703 2332 793 Ignem

229 815 545 867 aeternum
565 814 847 894 paratum
874 799 1122 866 diabolo
1155 814 1212 864 et
1249 799 1490 891 angelis
1515 805 1679 891 ejus,
1725 800 1938 866 Mattb.
1979 801 2182 867 XXV:
2226 807 2326 867 31.

227 925 404 991 seqq.
486 902 574 966 Ex
616 901 706 966 his
753 903 998 989 quisque
1043 900 1261 990 apertis
1306 902 1492 968 oculis
1542 904 1742 966 videre
1788 910 2011 989 potest,
2059 903 2218 989 quod
2260 904 2334 968 sit

228 1002 562 1092 Imputatio
604 1003 743 1066 boni
771 1012 830 1068 et
858 1003 1015 1067 mali.
1093 1003 1268 1084 Quod
1311 1005 1487 1068 etiam
1523 1003 1598 1068 sit
1636 1002 1955 1089 Imputatio
1999 1003 2198 1080 Fidei,
2249 1014 2338 1067 est

229 1098 370 1193 buia
406 1104 676 1170 Charitas
701 1125 854 1191 quae
880 1115 968 1169 est
995 1105 1168 1180 boni,
1220 1113 1277 1168 et
1306 1105 1479 1170 Fides
1512 1125 1666 1190 quae
1703 1112 1789 1168 est
1830 1102 1989 1177 veri,
2040 1125 2156 1168 una
2195 1116 2333 1169 sunt

226 1208 291 1272 in
322 1207 503 1271 bonis
529 1206 848 1294 Operibus,
889 1214 947 1268 et
975 1206 1130 1291 quod
1160 1206 1269 1269 nisi
1297 1227 1415 1270 una
1444 1214 1600 1283 sunt,
1637 1205 1836 1293 Opera
1866 1225 1983 1267 non
2011 1207 2127 1268 sint
2156 1205 2335 1281 bona,

229 1307 516 1373 videatur
542 1328 761 1393 supra,
809 1328 881 1369 n:
920 1310 1047 1371 373
1078 1308 1150 1370 ad
1184 1311 1346 1381 :3773
1401 1328 1584 1394 quare
1616 1307 1754 1371 dicit
1783 1304 2077 1383 Jacobus,
2130 1305 2337 1374 Abra-

231 1407 382 1477 ham
410 1408 601 1474 Pater
627 1421 830 1474 noster
851 1432 1048 1473 nonne
1069 1431 1150 1473 ex
1179 1409 1475 1501 Operibus
1492 1406 1872 1496 justificatus
1898 1421 1987 1470 est
2005 1454 2022 1482 ,
2072 1430 2199 1472 cum
2227 1408 2331 1473 ob-

229 1509 376 1576 tulit
403 1508 624 1574 Filium
652 1533 829 1574 suum
853 1533 1032 1603 super
1053 1509 1279 1586 altare,
1330 1509 1586 1575 videsne
1609 1506 1776 1601 quod
1800 1507 1987 1572 Fides
2011 1523 2333 1600 cooperata

232 1616 315 1677 sit
346 1611 672 1703 Operibus,
724 1624 781 1676 et
820 1634 904 1677 ezr
944 1612 1240 1705 Opera‘bus
1281 1611 1470 1676 Fides
1498 1634 1615 1703 pro
1643 1605 1915 1702 perfecta
1955 1612 2197 1698 cognita
2232 1614 2331 1685 sit,

232 1736 312 1778 ac
339 1710 584 1806 impleta
622 1727 713 1778 est
747 1709 1085 1804 Scriptura,
1135 1736 1291 1806 quae
1329 1712 1506 1787 dicit,
1559 1710 1811 1776 credidit
1836 1709 2157 1776 Abraham
2181 1709 2334 1789 Deo,

234 1826 294 1879 et
340 1817 691 1906 imputatum
733 1828 822 1878 est
851 1813 947 1878 illi
980 1816 1043 1878 in
1082 1817 1411 1903 justitiam,
1467 1813 1649 1899 Epist.
1690 1810 1784 1874 ll:
1829 1815 1937 1877 21.
1976 1815 2078 1875 22.
2109 1813 2212 1874 23.

396 1918 543 1978 644.
596 1914 822 1989 Causa,
873 1916 1028 2000 quod
1070 1913 1383 1982 Praesules
1409 1912 1807 1978 Ecclesiarum
1848 1911 2332 1988 Christianarum,

236 2024 299 2079 et
328 2015 467 2079 inde
490 2015 814 2079 subalterni
842 2015 1074 2079 illorum
1102 2038 1208 2103 per
1235 2015 1693 2101 Imputationem
1723 2014 1783 2076 in
1813 2012 2013 2078 Verbo
2039 2013 2336 2077 intellexe-

237 2117 364 2180 rint
404 2117 853 2204 imputationem
895 2116 1098 2190 Fidei,
1149 2116 1239 2179 cui
1278 2115 1521 2180 ,Iustitia
1563 2124 1621 2178 et
1661 2114 1942 2178 Meritum
1990 2113 2205 2179 Christi
2247 2115 2336 2179 in-

235 2218 456 2304 scripta
499 2225 669 2288 sunt,
721 2225 778 2278 et
804 2217 886 2279 sic
916 2216 1138 2280 homini
1168 2217 1493 2304 adscripta,
1545 2222 1631 2281 est
1668 2216 1804 2302 quia
1831 2235 1951 2279 non
1981 2215 2053 2279 de
2081 2214 2194 2279 alia
2224 2214 2337 2280 fide

226 2338 346 2406 per
372 2314 822 2405 quatuordecim
848 2316 1115 2393 Saecula,
1158 2315 1274 2383 hoc
1310 2325 1428 2392 est,
1482 2338 1515 2380 a
1556 2326 1821 2406 tempore
1848 2316 2075 2408 synodi
2113 2316 2331 2382 Nicae-

243 2438 397 2493 περ,
452 2417 765 2481 voluerunt
792 2418 971 2489 scire;
1022 2440 1214 2505 quare
1239 2418 1339 2483 illa
1365 2418 1487 2483 sola
1527 2418 1738 2482 insedit
1763 2420 2082 2483 memoriae
2112 2430 2169 2482 et
2198 2420 2334 2483 inde
2395 2451 2402 2458 ·

245 2518 430 2581 menti
476 2518 745 2604 illorum,
786 2519 947 2583 sicut
987 2519 1360 2605 organizata,
1415 2541 1566 2605 quae
1605 2519 1682 2584 ab
1720 2541 1793 2583 eo
1832 2527 2095 2608 tempore
2136 2519 2334 2586 faene-

240 2629 376 2683 rata
409 2629 496 2684 est
521 2619 746 2695 lucem,
798 2620 987 2707 qualis
1012 2631 1100 2686 est
1122 2642 1197 2685 ex
1224 2621 1496 2686 incendio
1529 2630 1798 2708 tempore
1834 2622 2055 2698 noctis,
2107 2643 2178 2684 ex
2215 2643 2333 2709 qua

239 2720 377 2785 luce
403 2721 500 2785 illa
529 2720 674 2786 fides
701 2721 825 2786 visa
854 2732 940 2786 est
968 2732 1246 2809 tanquam
1290 2722 1479 2810 ipsum
1510 2743 1714 2785 verum
1753 2721 2209 2807 Theologicum‚
2262 2743 2335 2787 ex

238 2844 360 2909 qua
388 2823 642 2910 pendent
670 2823 865 2887 omnia
895 2825 1120 2910 reliqua
1152 2825 1211 2887 in
1250 2824 1402 2888 serie
1442 2830 1869 2898 concatenata,
1920 2843 2074 2907 quae
2115 2824 2334 2887 dilabe-

236 2933 477 2999 rentur,
528 2925 577 2987 si
604 2923 745 2987 illud
775 2935 982 3011 caput,
1033 2946 1138 2990 seu
1166 2925 1264 2989 illa
1292 2924 1565 2990 columna
1597 2931 2009 2989 amoveretur:
2059 2945 2242 3011 quare
2280 2925 2333 2989 si

237 3025 415 3089 aliam
445 3025 682 3100 Fidem,
735 3048 909 3112 quam
941 3026 1353 3115 imputativam
1394 3026 1553 3090 illam
1585 3026 1945 3111 cogitarent,
1999 3046 2130 3088 cum
2174 3026 2333 3110 lege-

236 3134 382 3189 runt
410 3125 708 3200 Verbum,
759 3126 858 3190 lux
896 3126 993 3191 illa
1024 3148 1138 3192 una
1169 3145 1303 3190 cum
1332 3126 1493 3190 omni
1521 3124 1889 3211 Theologico
1915 3125 2181 3201 illorum,
2236 3147 2336 3188 ex·

235 3227 674 3311 stingueretur,
728 3238 786 3291 et
816 3228 1193 3292 oborirentur
1222 3228 1534 3303 tenebrae,
1588 3248 1621 3288 e
1659 3228 1872 3312 quibus
1911 3237 2034 3290 tota
2072 3226 2332 3291 Ecclesia

236 3326 573 3392 Christiana
612 3339 1023 3404 evanesceret,
1077 3350 1261 3416 quare
1288 3328 1492 3391 relicta
1521 3338 1609 3391 est
1640 3327 1774 3404 itta,
1823 3330 1982 3390 sicut
2015 3329 2199 3417 stirps
2239 3350 2335 3392 ra-

233 3428 440 3494 dicum
466 3432 530 3491 in
569 3443 725 3493 terra
738 3478 755 3504 ‚
805 3433 1017 3495 excisa
1053 3444 1110 3495 et
1150 3428 1465 3521 deperdita
1501 3429 1714 3495 arbore
1728 3476 1745 3506 ,
1799 3449 1987 3519 usque
2023 3425 2165 3491 dum
2199 3451 2333 3522 sep-

234 3544 358 3595 tem
386 3542 652 3622 tempora
679 3535 1030 3607 transirent,
1085 3531 1238 3596 Dan.
1287 3528 1401 3595 lv:
1443 3535 1559 3602 20;
1611 3531 1742 3615 quis
1769 3532 1924 3593 inter
1956 3528 2333 3597 confirmatos

233 3631 532 3695 antistites
557 3630 855 3695 Ecclesiae
885 3631 1093 3708 hodie,
1145 3632 1284 3695 dum
1314 3633 1693 3718 impugnatur
1718 3631 1814 3696 itta
1846 3628 2014 3706 fides,
2066 3652 2188 3694 non
2227 3634 2333 3697 ob·

235 3741 403 3796 turat
430 3752 633 3796 aurem
656 3733 812 3797 sicut
842 3734 1115 3824 gossypio
1152 3734 1225 3796 ad
1254 3733 1614 3797 audiendum
1646 3732 1864 3817 aliquid
1907 3741 2110 3796 contra
2153 3733 2331 3797 illam.

230 3833 390 3907 Sed,
441 3833 518 3895 mi
557 3833 806 3909 Lector,
859 3834 1022 3921 aperi
1049 3855 1252 3911 aures,
1305 3842 1364 3897 et
1404 3835 1533 3919 lege
1569 3833 1867 3909 Verbum,
1922 3842 1979 3896 et
2019 3833 2176 3897 clare
2203 3857 2336 3922 per-

233 3933 417 4024 cipies
442 3932 619 3998 aliam
647 3933 820 4000 fidem
849 3944 907 4001 et
944 3933 1122 4001 aliam
1149 3936 1629 4024 imputationem,
1681 3956 1860 4022 quam
1902 3934 2185 3999 hactenus
2224 3937 2331 4000 tibi

228 4055 626 4124 persuaseras.

392 4139 538 4200 ⁸45.
593 4137 866 4204 Mirabile
907 4147 1026 4212 est,
1078 4136 1237 4222 quod
1276 4135 1509 4201 tametsi
1537 4135 1804 4203 verbum
1845 4156 1878 4199 a
1928 4134 2211 4222 principio
2247 4135 2332 4196 ad

231 4236 413 4303 finem
441 4237 677 4326 plenum
713 4248 800 4305 est
837 4237 1183 4304 testimoniis
1219 4246 1276 4301 et
1317 4233 1896 4305 confirmationibus,
1949 4232 2105 4315 quod
2145 4230 2331 4290 cuivis
