2750 4775
900 357 994 413 xt.
1076 356 1612 423 IMPUTATJO.
2171 356 2300 419 ‘ias

203 519 258 572 et
282 510 405 595 ejus
434 509 1160 597 mandatum-adpaucos,
1215 522 1412 598 quare„
1439 533 1553 576 una
1583 513 1896 600 duplicitas
1931 523 2019 579 est
2058 523 2300 581 extensa

200 621 255 675 et
278 612 645 698 inseparata,
699 614 884 675 altera
914 621 1001 675 est
1040 613 1398 687 restrictaet
1423 623 1726 700 separata,
1778 625 1835 678 et
1876 615 2023 680 haec
2064 625 2150 680 est
2191 616 2299 680 du·

202 713 450 800 plicitas,
503 714 603 776 illa
633 723 837 778 autern
862 715 1087 785 unitas;
1144 733 1279 776 nam
1312 715 1614 788 docetur„
1644 716 1799 802 quod
1828 715 2146 802 Imputatio
2177 738 2299 780 rne-

200 813 289 878 riti
314 812 533 881 Christi
560 808 736 889 sit'ex
763 814 1080 879 arbitraria
1109 815 1397 879 electione
1417 862 1434 890 ,
1486 824 1548 879 et
1575 817 1734 903 quod
1772 816 1861 881 his
1887 816 1959 879 sit
1989 816 2295 904 imputatio

196 915 419 987 salutis.
488 916 574 979 ita
618 917 776 1001 quod
825 915 1063 1000 quidam
1113 917 1502 1000 adoptentur,
1566 925 1624 978 et
1665 916 1874 1004 reliqui
1923 915 2299 1002 rejiciantur;

198 1019 347 1106 quod
379 1015 571 1092 foret,
625 1015 774 1080 sicut
804 1017 963 1087 Deus
994 1017 1278 1102 quosdam
1325 1017 1385 1080 in
1425 1008 1615 1080 sinum
1657 1015 1981 1082 Abrahami
2021 1017 2303 1094 elevaret,

196 1127 251 1182 et
297 1118 591 1205 quosdam
639 1117 786 1193 sicut
831 1115 975 1181 offas
1018 1117 1257 1181 diabolo
1302 1118 1598 1198 traderet;
1652 1139 1783 1181 cum
1841 1128 2037 1182 tamen
2086 1119 2304 1184 veritas

195 1228 308 1296 est,
360 1219 525 1306 quod
551 1218 863 1299 Dominus·
881 1219 1171 1285 neminem
1202 1218 1432 1305 rejiciat
1459 1226 1517 1282 et
1547 1219 1770 1294 tradat,
1803 1219 1905 1284 sed
1935 1220 2090 1306 quod
2120 1219 2300 1284 horno

194 1320 463 1409 seipsum.
648 1378 655 1383 .
988 1386 1003 1393 ,
1222 1321 1232 1331 ”

348 1425 509 1487 630.·
574 1419 849 1497 Accedit,
902 1419 1058 1506 quod
1111 1420 1433 1506 Imputatio
1474 1417 1762 1485 hodierna
1808 1420 2041 1485 auferat
2078 1418 2303 1485 homini

195 1542 428 1589 omnem
461 1521 787 1610 potentiam
818 1543 886 1585 ex
916 1521 1105 1585 libero
1134 1522 1332 1609 aliquo
1366 1521 1620 1586 arbitrio
1661 1524 1722 1585 in
1760 1521 2192 1610 spiritualibus,
2241 1531 2300 1586 et

193 1645 265 1687 ne
292 1624 532 1713 quidem
564 1623 858 1709 relinquat
888 1622 1177 1695 tantillum
1198 1671 1217 1699 ,
1272 1632 1335 1687 ut
1362 1624 1767 1711 possitignern
1794 1642 1868 1686 ex
1907 1623 2168 1689 vestibus
2205 1644 2303 1707 exj

198 1734 431 1799 emere,
486 1733 546 1799 et
577 1746 789 1813 corpus
815 1744 983 1789 suum
1015 1724 1438 1811 indemnisare;
1491 1734 1591 1788 aut
1633 1725 1870 1797 domum
1900 1745 2065 1788 suam
2101 1724 2301 1788 incen-

196 1848 319 1891 sam
346 1848 455 1913 per
482 1845 668 1912 aquas
682 1826 1094 1912 exstinguere,
1145 1834 1202 1888 et
1230 1824 1513 1890 familiam
1543 1847 1708 1899 suam
1740 1824 1998 1913 eripere,
2044 1846 2176 1887 cum
2213 1833 2303 1893 ta,

197 1949 333 1991 rnen
361 1927 629 1993 Ver-bum
657 1948 689 1989 a
720 1927 1004 2013 principio
1033 1926 1108 1990 ad
1132 1924 1310 1993 finem
1341 1925 1544 2002 docet,
1597 1937 1662 1990 ut
1690 1926 1934 2014 quisque
1963 1924 2153 2012 fugiat
2181 1944 2305 1988 ma-

196 2027 284 2105 la,
314 2022 479 2114 quia
526 2036 661 2090 sunt
704 2027 920 2101 diaboli
960 2035 1019 2089 et
1061 2049 1092 2088 a
1141 2026 1426 2100 diaholo‚.
1464 2036 1523 2090 et
1557 2026 1760 2099 *saciat
1789 2028 1945 2091 bona
1991 2027 2126 2112 quia
2165 2035 2302 2090 sunt

196 2126 311 2207 Dei
337 2137 397 2213 et
424 2150 458 2189 a
493 2126 620 2190 Deo
640 2175 656 2201 ‚
709 2138 767 2191 et
794 2128 952 2213 quod
981 2126 1081 2191 illa
1110 2125 1372 2191 facturus
1391 2128 1472 2191 sit
1501 2149 1536 2192 a
1564 2150 1676 2203 se,
1711 2137 1993 2216 operante
2021 2127 2300 2197 Domino.

196 2228 316 2295 Sed
347 2228 668 2313 Imputatio
697 2226 988 2301 hodierna
1026 2227 1338 2314 proscribit
1381 2227 1712 2312 potentiam
1737 2229 1811 2292 ad
1850 2228 1929 2295 ita
1970 2227 2301 2299 faciendum

196 2330 351 2395 sicut
378 2324 809 2394 internecinum
837 2327 972 2393 fidei
1001 2336 1058 2390 et
1088 2327 1422 2394 indesaluti
1441 2376 1457 2406 ,
1499 2339 1748 2419 propter
1776 2351 2008 2396 causam
2027 2376 2068 2408 ,ι
2095 2350 2171 2394 ne
2197 2327 2306 2394 ali-

198 2429 351 2515 quid
377 2428 628 2493 bominis
653 2431 830 2502 intret
861 2430 1345 2516 imputationem,
1399 2432 1578 2504 etsie
1618 2431 2182 2509 meritum“Christi,
2232 2452 2304 2496 ex

207 2549 337 2618 qua,
371 2528 625 2622 stabilita
671 2528 950 2618 profluxit
992 2532 1316 2595 satanicum
1358 2530 1506 2608 hoc,
1559 2533 1717 2619 quod
1765 2532 1988 2598 homini
2034 2533 2303 2620 absolut-a

202 2630 551 2719 impotentia
578 2633 651 2695 sit
680 2631 738 2695 in
767 2632 1199 2718 spiritualibus,
1251 2633 1407 2719 quod
1436 2633 1622 2698 simile
1651 2644 1737 2699 est
1755 2634 1963 2709 „sicut
1990 2634 2305 2711 diceretur,

203 2732 603 2822 progredere„
663 2734 894 2797 tametsi
943 2754 1062 2797 non
1113 2734 1215 2797 tibi
1261 2745 1397 2798 sunt
1427 2736 1652 2823 pedes,
1718 2756 1792 2799 ne
1833 2734 2069 2823 quidem
2118 2756 2300 2808 unus;

202 2832 338 2918 lava
369 2844 458 2909 te,
513 2845 566 2896 et
598 2843 795 2897 tamen
836 2835 1047 2901 ambae
1088 2857 1295 2898 manus
1324 2846 1461 2900 sunt
1503 2844 1870 2922 amputatae;
1920 2846 2022 2899 aut
2066 2836 2161 2900 sac
2194 2834 2304 2899 bo-

203 2957 342 3000 num
386 2935 751 3009 sed-dormi3-
795 2943 897 2999 aut
924 2936 1079 2999 nutri
1108 2945 1164 3000 te
1190 2937 1290 2999 sed
1318 2937 1542 3022 absque
1574 2937 1802 3022 lingum¹
1855 2946 1913 2999 et
1954 2957 2189 3024 quoque
2226 2936 2304 3001 si-

203 3038 338 3126 mile
365 3046 472 3112 est,
504 3037 656 3126 ,sicut
683 3037 823 3100 data
850 3037 922 3100 sit
952 3036 1224 3106 voluntas
1250 3058 1548 3124 quaeviron
1577 3046 1668 3102 est
1698 3038 1988 3112 voluntas,
2033 3046 2301 3124 potestne

204 3138 430 3228 dicere,
489 3159 617 3212 non,
666 3139 1072 3225 possumplus
1127 3157 1300 3224 quam
1347 3147 1541 3218 statua
1595 3137 1733 3214 salis
1784 3160 1931 3202 uxor
1977 3138 2146 3213 Loti,
2195 3158 2332 3203 nec·

203 3239 329 3326 plus
376 3261 569 3325 quam*
599 3229 813 3323 Dagon
859 3237 1022 3302 Deus
1060 3236 1551 3313 Philistaeorum,
1607 3263 1786 3326 quum
1827 3239 1885 3302 in
1932 3239 2134 3306 fanum
2179 3238 2306 3323 ejus

200 3340 535 3412 introducta
567 3349 651 3402 est
681 3360 833 3422 arca!
848 3338 980 3415 Dei,
1009 3340 1188 3404 timeo
1220 3359 1292 3419 ne
1321 3339 1459 3404 mibi
1488 3340 1637 3403 sicut
1664 3341 1743 3405 illi
1785 3339 2074 3405 evellatur
2113 3349 2304 3427 caput,

201 3451 256 3505 et
285 3442 460 3508 volae
490 3431 767 3506 manuuin
801 3442 1183 3526 projiciantur
1226 3463 1406 3529 super.
1441 3441 1650 3517 limen,
1705 3441 1920 3506 lsam.
1948 3440 2036 3506 V:
2086 3440 2142 3501 4.
2193 3461 2302 3503 nec

202 3542 331 3626 plus
374 3547 552 3628 quam
600 3541 1013 3616 Beelschebub
1054 3542 1214 3606 Deus
1262 3540 1547 3617 Ekronis,
1615 3543 1714 3628 qui
1762 3563 1832 3608 ex
1871 3539 2300 3627 significatione

200 3644 455 3709 nominis
483 3643 570 3707 sui
598 3644 785 3708 solum
817 3653 1007 3729 potest
1034 3644 1276 3728 abigere
1307 3664 1564 3707 muscas.-
1633 3643 1809 3724 Quod
1847 3643 1978 3707 talis
2014 3643 2304 3728 impoten-

201 3745 276 3809 tia
307 3745 368 3807 in
398 3743 800 3829 spiritualibus
826 3742 1000 3808 hodie
1028 3744 1305 3808 credatur
1325 3791 1340 3819 ‚
1387 3765 1457 3807 ex
1483 3744 1757 3809 Collectis
1783 3766 1957 3831 supra
1987 3745 2061 3809 de
2087 3745 2307 3810 Libero

199 3843 481 3910 Arbitrio⁴
511 3868 578 3908 nt
627 3848 772 3908 464.
820 3846 1119 3914 videatur„
1447 3915 1456 3920 ,
2117 3915 2126 3922 ,
2317 3911 2325 3918 ,

359 3950 503 4010 631.
561 3945 737 4025 Quod
765 3947 1015 4034 primam
1042 3955 1266 4035 partem
1297 3944 1651 4034 duplicitatis
1689 3945 2306 4035 istiusjmputationis

196 4047 641 4138 de3Salvatione
669 4045 926 4121 hominis
952 4050 1199 4121 attinet„
1229 4069 1380 4136 quae
1410 4058 1506 4128 est·
1524 4047 1843 4134 Imputatio
1872 4048 2063 4124 metiti
2090 4044 2310 4110 Christi

200 4170 266 4214 ex
295 4149 579 4226 arbitrio,
635 4158 690 4213 et
717 4147 1266 4238 Imputatio‘salutis
1312 4147 1480 4225 inde„
1532 4145 1854 4235 dogmatici
1898 4148 1957 4211 in
2004 4146 2307 4214 diversum

204 4260 373 4344 eunt,
441 4250 678 4348 quidam
724 4250 998 4326 tradunt,
1062 4248 1220 4335 quod
1278 4248 1608 4336 lsnputatio-
1645 4248 1743 4311 illa
1785 4246 1861 4312 sit
1910 4237 2179 4309 absoluta
2230 4260 2305 4301 ex
