2750 4775
208 394 750 449 ADDl‘rAma-
781 392 1111 448 SANCTI
1153 393 1784 450 PONTIFIGIOR:
1827 397 1912 448 IN
1954 395 2175 450 MSP.
2219 408 2328 458 322

371 549 520 611 824.
576 547 752 613 Multi
780 565 851 610 ex
879 543 1194 610 Pontificia
1222 543 1450 622 Gente,
1504 546 1786 632 imprimis
1815 549 2135 626 Monachi,
2182 572 2325 615 cum

204 652 270 714 in
298 648 594 714 Mundum
633 647 997 734 spiritualem
1042 644 1399 720 adveniunt,
1453 656 1749 732 quaerunt
1791 647 2071 726 Sanctus,
2125 652 2327 738 impri-

203 752 324 814 mis
351 750 634 814 Sanctum
676 749 764 812 sui
791 746 1069 823 Ordinis,
1119 745 1221 811 sed
1267 766 1388 809 non
1431 745 1770 823 inveniunt,
1825 747 1982 833 quod
2017 750 2328 829 mirantur,

203 850 322 916 sed
348 859 549 937 postea
577 850 953 913 instruuntur
978 847 1137 932 quod
1167 847 1285 910 sint
1316 847 1638 910 intermixti
1670 849 1765 912 vel
1794 847 1905 912 illis
1933 850 2035 933 qui
2062 850 2120 912 in
2148 849 2329 915 Caelo

205 961 387 1024 sunt,
442 950 538 1014 vel
593 950 704 1014 illis
763 950 862 1034 qui
915 950 977 1011 in
1020 946 1220 1011 Infera
1264 948 1492 1024 Terra,
1545 956 1605 1011 et
1644 949 1803 1033 quod
1851 949 2143 1014 utrobivis
2183 949 2329 1014 nihil

203 1053 406 1117 sciant
443 1048 516 1114 de
559 1049 719 1113 cultu
759 1058 820 1112 et
846 1049 1223 1112 invocatione
1255 1047 1376 1122 sui,
1430 1059 1488 1111 et
1521 1047 1681 1134 quod
1724 1048 1807 1112 illi
1849 1050 1950 1137 qui
1989 1050 2214 1126 sciunt,
2267 1060 2327 1114 et

206 1152 428 1219 v'olunt
455 1150 757 1225 invocari,
813 1149 1030 1213 cadant
1055 1149 1117 1210 in
1141 1145 1380 1222 deliria;
1424 1158 1482 1211 et
1519 1148 1680 1213 fatue
1709 1148 2048 1236 loquantur.
2123 1150 2331 1217 Cultus

204 1254 573 1319 Sanctorum
605 1261 691 1314 est
721 1250 851 1316 talis
880 1248 1243 1313 abominatio
1276 1248 1334 1311 in
1365 1247 1581 1325 Caelo,
1635 1259 1697 1312 ut
1726 1248 2047 1314 dummodo
2080 1252 2329 1316 audiunt

202 1354 421 1426 inum,
470 1351 851 1422 horrescant,
903 1349 1181 1435 quoniam
1212 1357 1497 1434 quantum
1535 1348 1710 1413 alicui
1753 1349 1976 1414 homini
2018 1352 2329 1416 addicatur

207 1453 459 1527 Cultus,
515 1460 743 1516 tantum
777 1448 983 1515 Cultus
1018 1450 1342 1534 derogatur
1367 1449 1661 1521 Dumium
1712 1450 1797 1514 sic
1836 1453 1991 1514 enim
2024 1473 2140 1514 non
2169 1454 2328 1518 solus

207 1564 409 1643 potest
438 1553 583 1623 coli;
635 1561 697 1614 et
738 1551 785 1616 si
827 1550 1116 1614 Dominus
1141 1569 1264 1612 non
1302 1551 1738 1626 solus-colitur,
1791 1549 1852 1614 fit
1885 1551 2327 1627 discriminatio,

203 1676 372 1741 quae
398 1654 548 1719 tollit
577 1652 1089 1724 communionem,
1144 1659 1201 1714 et
1225 1649 1508 1714 fluentem
1537 1672 1608 1714 ex
1636 1651 1733 1715 illa
1776 1651 2117 1717 felicitatem
2151 1654 2322 1716 vitae.

208 1757 301 1820 Ut
326 1756 574 1829 scirem,
626 1752 827 1839 quales
854 1751 1056 1815 Sancti
1085 1749 1536 1815 Pontificiorum
1576 1761 1744 1826 sunt,
1802 1763 2044 1838 propter
2088 1775 2327 1818 causam

209 1865 283 1921 ut
327 1865 536 1920 notum
580 1854 872 1925 facerem,
903 1851 1136 1914 aeducti
1166 1861 1301 1915 sunt
1344 1873 1414 1916 ex
1456 1848 1738 1915 inferiore
1784 1851 1973 1917 Terra
2022 1873 2205 1940 usque
2252 1855 2329 1917 ad

206 1966 485 2032 centum,
540 1954 638 2040 qui
684 1962 978 2015 noverunt
1016 1953 1087 2015 de
1126 1950 1613 2016 sanctificatione
1647 1974 1795 2025 sua:
1855 1955 2247 2018 ascenderunt
2292 1977 2325 2018 a

208 2068 420 2143 terg0‚
475 2056 652 2118 modo
682 2053 860 2139 aliqui
892 2062 1028 2118 ante
1069 2052 1309 2126 faciem,
1366 2061 1424 2114 et
1469 2075 1599 2115 cum
1645 2076 1762 2117 uno
1808 2074 1880 2117 ex
1920 2053 2010 2119 his
2049 2056 2329 2142 loquutus

205 2180 380 2234 sum,‘
432 2177 608 2240 quem
650 2154 921 2219 dixerunt
963 2174 1086 2217 esse
1119 2153 1478 2225 Xaveriutm
1532 2153 1627 2217 bic
1667 2154 1806 2216 dum
1855 2147 2083 2218 mecum
2125 2156 2331 2242 loque-

207 2261 426 2332 batur,
480 2261 609 2320 e'rat
633 2257 780 2320 sicut
815 2253 1044 2326 fatuus;
1096 2275 1342 2317 narrare
1387 2261 1587 2317 tamen
1619 2255 1840 2342 potuit,
1893 2256 2055 2342 quod
2098 2258 2155 2319 in
2197 2257 2331 2322 loco

208 2381 324 2426 suo
357 2356 457 2422 ubi
485 2377 617 2419 cum
649 2355 776 2420 aliis
803 2354 1060 2419 inclusus
1088 2364 1207 2430 est,
1261 2374 1380 2419 non
1408 2351 1606 2420 fatuus
1638 2355 1744 2433 sit,
1795 2355 1894 2420 sed
1939 2355 2095 2444 quod
2127 2357 2335 2423 fatuus

209 2459 352 2532 fiat,
405 2456 637 2542 quoties
676 2456 889 2541 cogitat
919 2456 1076 2542 quod
1104 2454 1359 2519 Sanctus
1398 2455 1472 2518 sit
1513 2464 1572 2519 et
1617 2456 1741 2520 vult
1786 2457 2085 2522 invocari:
2138 2458 2327 2524 simile

207 2566 495 2621 “murmur
548 2555 750 2619 andivi
798 2557 872 2619 ab
920 2557 1062 2632 illis,
1117 2555 1217 2642 qui
1267 2577 1299 2619 a
1347 2566 1521 2642 tergo
1565 2567 1752 2621 erant.
1835 2554 2021 2623 Aliter
2063 2569 2330 2625 esttcum

214 2656 454 2721 Sanctis
482 2656 563 2719 ita
593 2655 758 2719 dictis
784 2656 841 2719 in
870 2656 1085 2732 Caelo,
1137 2656 1198 2719 hi
1243 2678 1484 2740 prorsus
1527 2654 1669 2721 nihil
1711 2657 1904 2722 sciunt
1943 2660 2016 2724 de
2054 2682 2125 2723 eo
2170 2661 2329 2746 quod

206 2760 272 2822 in
301 2756 478 2823 terris
507 2756 603 2830 fit,
657 2778 768 2820 nec
792 2756 967 2820 datur
995 2755 1107 2821 illis
1134 2758 1296 2842 loqui
1337 2778 1469 2821 cum
1492 2758 1858 2843 xquibusdam
1889 2781 1920 2821 e
1948 2759 2140 2823 Gente
2171 2760 2330 2824 Pon·-

207 2858 393 2925 tificia
425 2858 610 2944 quiin
657 2857 753 2920 illa
796 2858 1218 2943 superstitione
1254 2868 1422 2936 sunt,
1475 2880 1548 2922 ne
1592 2860 1789 2946 aliqua
1837 2858 1966 2921 idea
2014 2858 2086 2920 de
2125 2857 2223 2920 illa
2268 2878 2333 2920 re

207 2960 373 3046 apud
401 2959 532 3022 illos
560 2960 751 3022 intret.

367 3062 516 3123 825.
586 3059 684 3122 Ex:
728 3057 842 3121 hoc
899 3058 1132 3123 illorum
1187 3068 1346 3125 statu
1403 3059 1651 3146 quisque
1712 3056 2066 3120 concludere
2121 3064 2332 3142 potest,

205 3160 372 3248 quod
406 3160 825 3225 Invocatioues
855 3160 1090 3243 illorum
1120 3161 1236 3223 sint
1265 3161 1441 3224 modo
1473 3158 1757 3230 ludibria;
1813 3166 1869 3219 et
1912 3158 2148 3244 insuper
2175 3176 2335 3220 asse-

205 3282 428 3325 verare
476 3278 744 3346 possum,
804 3260 961 3346 quod
1022 3261 1442 3325 Invocationes
1486 3280 1621 3322 suas
1666 3258 1725 3321 iu
1772 3257 1978 3321 Terris
2031 3278 2153 3320 non
2206 3258 2336 3340 plus

204 3362 462 3426 audiunt
509 3382 687 3445 quam
743 3360 1073 3424 Simulacra
1131 3380 1336 3424 eorum
1393 3361 1551 3448 juxta
1600 3359 1757 3433 vias,
1824 3379 1932 3422 nec
1983 3357 2110 3443 plus
2154 3378 2332 3444 quam

205 3461 472 3548 parietes
496 3461 1001 3548 Temp1i;³neque
1032 3461 1168 3547 plus·
1188 3481 1363 3547 quam
1396 3481 1543 3525 aves
1567 3458 1936 3523 nidificantes
1962 3460 2020 3523 in
2052 3459 2328 3524 turribus.

204 3562 450 3641 Dicitur
477 3583 511 3624 a
538 3563 728 3626 servis
752 3561 989 3629 illorum
1026 3562 1085 3623 in
1128 3561 1387 3636 Mundo,
1438 3560 1599 3647 quod
1640 3558 1841 3623 Sancti
1884 3572 1999 3624 una
2044 3581 2172 3625 cum
2207 3561 2333 3625 Do'-

203 3663 377 3725 mino
406 3662 554 3726 Jesu
588 3660 823 3726 Christo
852 3671 1103 3748 regnent
1135 3661 1192 3724 in
1222 3661 1439 3735 Caelo,
1494 3663 1596 3725 sed
1631 3658 1743 3723 hoc
1772 3669 1857 3725 est
1900 3661 2243 3749 figmentum
2275 3670 2333 3724 et

208 3768 616 3827 commentum
639 3789 666 3834 ;‘
704 3784 828 3825 non
858 3764 1016 3824 enim
1050 3763 1179 3847 plus
1206 3771 1463 3849 regnant
1495 3783 1625 3824 cum
1657 3761 1918 3825 Domino
1939 3811 1954 3838 ,
2010 3786 2184 3849 qnam
2213 3771 2334 3826 sta-

205 3863 480 3928 bularius
526 3878 659 3925 cum
710 3863 911 3949 Rege,
943 3924 946 3935 ,
983 3884 1158 3955 quam
1205 3866 1424 3950 janitor
1471 3876 1615 3925 cum'·
1661 3863 1983 3948 Magnatai,
2038 3884 2108 3926 ac
2152 3880 2332 3949 quam

206 3985 424 4027 cursor
447 3986 581 4028 cum
612 3963 907 4038 Primate;
962 3963 1108 4027 dixit
1132 3965 1288 4027 enim
1317 3962 1626 4027 Johannes
1654 3962 1921 4048 Baptista
1951 3963 2025 4026 de
2050 3963 2332 4036 Domino,

201 4063 386 4155 quod·
405 4088 529 4129 non
556 4062 782 4152 dignus
815 4066 894 4128 sit
922 4062 1156 4129 solvere
1181 4068 1501 4154 corrigiam
1529 4061 1721 4127 calcei
1741 4064 1984 4155 IpsiuS,
2032 4060 2220 4126 Marc.
2268 4062 2331 4124 1:

208 4169 268 4226 7.
327 4162 469 4228 Joh‘.
511 4164 573 4228 1:
620 4168 725 4242 27,
781 4164 922 4252 quid
953 4164 1235 4241 tuncilli‚
1291 4164 1393 4249 qui
1424 4161 1586 4226 tales.

386 4268 547 4330 826„
616 4263 1290 4354 Apparet‘quandoque
1342 4261 1775 4330 Parisiensibus
1834 4261 1932 4345 qui
1986 4261 2048 4321 in
2104 4259 2335 4325 Mundo
