2750 4775
430 361 532 408 190
664 345 1123 400 UNIVERSA
1169 344 1708 398 THEOLOGIA
1755 344 1819 396 N.
1865 345 1927 396 C.
1976 344 2080 396 ΕΤ
2123 346 2186 395 Ν.
2233 344 2294 396 Ε.

423 501 557 564 culo
587 509 883 562 ostensum
909 508 1025 571 est;
1078 508 1137 561 et
1167 500 1400 586 signum
1440 520 1560 564 non
1602 497 1744 563 lacit
1781 496 1943 561 aliud
1987 518 2164 583 quam
2208 508 2274 561 ut
2318 518 2543 584 cogno-

423 609 695 675 scantur,
758 608 1042 687 tanquam
1088 596 1305 664 fasciae
1343 599 1561 664 diversi
1608 599 1823 663 coloris
1864 597 2167 684 adpositae
2215 596 2546 665 infantibus

425 703 677 766 duarum
706 708 994 776 matrum,
1048 710 1110 764 ut
1140 701 1562 787 dignoscantur
1601 710 1658 763 et
1698 720 1774 762 ne
1811 707 2132 763 mutentur.
2229 698 2307 762 11.
2365 698 2544 781 Quod

426 804 605 865 modo
655 802 728 864 sit
776 801 1005 886 signum
1052 800 1506 866 introductionis
1552 800 1611 863 in
1658 798 2020 873 Ecclesiam,
2074 809 2311 863 constat
2359 801 2547 870 mani·

424 903 571 967 feste
598 924 669 966 ex
696 902 1105 988 Baptizationc
1133 901 1445 978 infantum,
1493 902 1592 987 qui
1625 922 1863 988 prorsus
1891 898 2106 964 nullius
2133 899 2384 965 rationis
2411 922 2548 987 par-

422 1004 630 1092 ticipes
658 1010 822 1076 sunt,
876 1010 933 1065 et
964 1002 1036 1065 ad
1066 1003 1286 1089 aliquid
1315 1002 1451 1066 fidei
1477 1000 1877 1087 recipiendum
1918 1001 2179 1065 nondum
2222 1000 2355 1087 plus
2377 1001 2548 1066 hahi-

428 1106 512 1169 les
551 1113 723 1177 sunt,
774 1124 952 1190 quam
1003 1104 1270 1190 palmites
1324 1104 1464 1167 novi
1513 1104 1571 1166 in
1618 1101 1815 1190 aliqua
1862 1099 2113 1165 Arbore.
2201 1099 2313 1165 111.
2364 1102 2546 1182 Quod

426 1226 547 1268 non
579 1203 754 1265 modo
798 1204 1169 1290 baptizentur
1210 1204 1505 1279 infantes,
1554 1203 1659 1268 sed
1700 1203 1878 1266 etiam
1921 1223 2128 1265 ornnes
2175 1201 2547 1289 alienigenae

429 1305 794 1393 proselytae,
848 1305 947 1390 qui
976 1305 1051 1368 ad
1094 1304 1435 1391 religionem
1466 1302 1859 1369 Christianam
1902 1311 2371 1376 convertuntur,
2423 1313 2545 1370 tam

429 1405 596 1492 parvi
625 1425 801 1490 quam
830 1405 1063 1490 magni,
1118 1416 1178 1469 et
1204 1405 1318 1470 hoc
1348 1415 1669 1490 antequam
1713 1403 1982 1467 instructi
2019 1413 2192 1478 sunt,
2246 1404 2432 1469 modo
2474 1426 2545 1471 ex

427 1502 794 1570 consessione
822 1506 981 1592 quod
1011 1506 1194 1570 velint
1220 1505 1727 1571 Christianismum
1759 1504 2067 1592 amplecti,
2120 1503 2195 1567 ad
2230 1527 2412 1592 quem
2443 1528 2545 1593 per

425 1606 795 1694 Baptismum
834 1607 1300 1694 inaugurantur;
1354 1607 1514 1692 quod
1561 1607 1740 1671 etiam
1777 1603 2046 1692 Apostoli
2085 1603 2392 1682 fecerunt,
2453 1628 2545 1673 se-

429 1708 685 1771 cundum
714 1706 956 1770 Domini
1001 1709 1218 1783 verba,
1271 1721 1336 1772 ut
1380 1706 1717 1799 discipulos
1730 1701 2024 1793 facerent
2061 1729 2271 1771 omnes
2310 1722 2543 1797 gente-r,

427 1822 484 1873 et
519 1807 897 1899 baptizarent
938 1805 1112 1884 illos,
1168 1808 1380 1873 Matth.
1425 1807 1722 1873 XXVIII·
1771 1811 1871 1871 19.
1954 1806 2056 1871 lv.
2095 1808 2273 1888 Quod
2303 1807 2544 1874 Johan-

430 1931 535 1973 nes
574 1909 969 2001 baptimo-erit
1008 1931 1214 1972 omnes
1236 1909 1330 1974 ad
1349 1932 1417 1973 se
1442 1913 1753 1973 venientes·
1778 1931 1862 1972 es·
1886 1906 1938 1971 J
1935 1907 2137 1972 aulaea
2164 1922 2224 1972 et
2247 1909 2545 1980 Hieroso·

429 1997 598 2096 lyma
641 2012 706 2074 in
758 2007 1067 2082 Iordane,
1135 2009 1349 2075 Matth.
1403 2009 1526 2074 111:
1593 2014 1649 2073 6
1724 2009 1908 2073 Marc.
1978 2009 2043 2072 1.
2106 2013 2200 2080 5.;
2272 2010 2437 2096 quod
2485 2012 2542 2075 in

425 2110 728 2184 Jordane,
782 2106 891 2172 tuit
918 2129 1128 2186 causa,
1183 2112 1320 2197 quia
1366 2133 1474 2198 per
1511 2110 1669 2173 illum
1713 2108 1960 2173 fluvium
2000 2108 2112 2173 suit
2156 2129 2463 2196 ingressus
2487 2131 2544 2175 in

426 2221 647 2275 terram
678 2208 1051 2284 Canaanem,
1104 2219 1162 2272 et
1192 2233 1297 2297 per
1335 2221 1556 2276 terram
1583 2211 1924 2275 Canaanem
1957 2209 2408 2294 significabatur
2434 2213 2544 2277 Ec·
2681 2275 2682 2278 ,

425 2311 631 2386 clesia,
687 2305 822 2395 quia
856 2309 936 2371 ibi
976 2320 1138 2387 erat,
1192 2321 1251 2375 et
1291 2312 1427 2374 inde
1468 2334 1572 2401 per
1597 2310 1923 2375 Jordanem
1958 2309 2335 2376 Introductio
2378 2312 2440 2376 in
2480 2314 2542 2377 il·
2681 2293 2682 2352 ¹

425 2412 576 2481 lam;
644 2410 802 2495 quod
854 2411 1044 2475 Terra
1102 2413 1197 2477 illa
1252 2413 1676 2499 significaverit
1723 2412 2078 2487 Ecclesiam,
2132 2422 2191 2476 et
2239 2413 2541 2480 Jordanes

426 2508 935 2574 Introductionem
994 2512 1052 2574 in
1106 2515 1300 2588 illam,
1379 2514 1652 2577 videatur
1705 2512 1762 2574 in
1815 2513 2084 2602 Apocal)
2092 2513 2173 2599 psi
2228 2514 2539 2591 Revelata,

427 2633 498 2672 n.
545 2614 694 2672 285.
774 2610 890 2674 Sed
917 2611 1032 2675 hoc
1060 2613 1124 2677 fit
1164 2615 1225 2677 in
1266 2615 1456 2678 terris
1541 2615 1610 2678 In
1655 2613 1848 2679 Caelis
1888 2622 2102 2679 autem
2128 2612 2397 2679 Infantes
2439 2636 2538 2703 per

389 2704 400 2719 '
426 2710 792 2796 Baptismum
820 2711 1319 2778 introducuntur
1304 2737 1365 2777 in
1394 2715 1636 2779 Caelum
1664 2711 2085 2789 Christianum,
2121 2724 2185 2777 et
2213 2736 2248 2779 a
2279 2716 2538 2780 Domino

425 2812 804 2897 assignantur
831 2812 942 2876 illis
971 2813 1183 2901 Angeli
1223 2816 1333 2889 ibi,
1392 2817 1492 2902 qui
1535 2835 1737 2883 curam
1780 2814 2014 2878 illorum
2058 2825 2299 2900 gerant,
2355 2838 2537 2902 quare

424 2921 487 2975 ut
514 2913 767 3000 primum
796 2913 1060 2980 Infantes
1088 2917 1365 3005 baptizati
1395 2925 1560 2989 sunt,
1617 2914 2040 3002 praeficiuntur
2059 2914 2185 2979 villis
2210 2913 2459 3001 Angeli,
2503 2938 2535 2981 a

420 3014 636 3100 quihus
664 3022 944 3081 tenentur
970 3018 1213 3105 instatu
1243 3016 1564 3103 recipiendi
1596 3013 1770 3079 fidem
1799 3016 1860 3079 in
1891 3015 2241 3089 Dominum;
2298 3028 2361 3081 at
2388 3017 2537 3081 sicut

420 3115 795 3191 adolescunt,
849 3137 919 3182 ac
947 3104 1036 3182 sui
1077 3119 1220 3203 juris
1260 3127 1318 3181 et
1346 3137 1489 3181 suae
1519 3117 1763 3181 rationis
1789 3114 1966 3191 fiunt,
2020 3116 2365 3202 relinquunt
2406 3117 2534 3182 illos

422 3212 631 3301 Angeli
662 3224 915 3292 tutores,
969 3227 1028 3281 et
1058 3220 1162 3304 ipsi
1192 3219 1526 3282 adsciscunt
1553 3217 1662 3281 sibi
1708 3218 1854 3281 tales
1889 3217 2156 3306 spiritus,
2211 3217 2311 3304 qui
2354 3238 2534 3282 unum

420 3314 646 3381 faciunt
676 3338 807 3381 cum
840 3319 957 3382 vita
987 3329 1045 3381 et
1074 3318 1187 3383 fide
1212 3319 1478 3391 illorunu
1535 3339 1605 3380 ex
1647 3317 1861 3402 quibus
1901 3326 2063 3405 patet
2101 3318 2260 3403 quod
2302 3316 2533 3405 Baptis-

423 3437 550 3482 mus
574 3420 647 3484 sit
673 3416 913 3483 insertio
944 3421 1097 3482 inter
1122 3419 1489 3484 Christianos
1516 3417 1691 3481 etiam
1723 3419 1779 3479 in
1812 3418 2038 3485 Mundo
2065 3418 2372 3505 spirituali.

574 3523 720 3582 6¹18.
775 3518 952 3598 Quod
984 3539 1102 3580 non
1140 3517 1316 3582 modo
1345 3518 1629 3593 infantes,
1682 3518 1783 3582 sed
1818 3528 1876 3582 et
1919 3518 2112 3582 cuncti
2160 3539 2264 3605 per
2301 3518 2532 3606 Baptis-

421 3636 582 3681 mum
625 3618 963 3679 inserantur
995 3615 1344 3682 Christianis
1386 3620 1447 3681 in
1476 3617 1703 3682 Mundo
1741 3617 2064 3704 spirituali,
2118 3628 2206 3683 est
2249 3620 2390 3705 quia
2420 3620 2532 3685 Po-

420 3718 541 3802 puli
572 3725 629 3778 et
672 3715 894 3778 Gentes
934 3717 991 3777 in
1034 3716 1132 3781 illo
1164 3718 1388 3783 Mundo
1430 3718 1754 3784 secundum
1783 3720 2085 3806 Religiosa
2128 3739 2233 3783 sua
2277 3719 2529 3785 distincti

416 3824 588 3885 sunt;
657 3814 972 3879 Christiani
1025 3818 1085 3879 in
1143 3819 1336 3882 medio
1391 3831 1559 3895 sunt,
1625 3818 2053 3885 Mahumedani
2105 3821 2331 3883 circum
2385 3820 2527 3897 illos,

418 3913 779 3981 Idololatrae
811 3917 956 3980 varii
988 3919 1220 4005 generis
1247 3929 1378 4007 post
1406 3920 1564 3995 illos,
1619 3929 1677 3982 et
1705 3921 1922 3985 ,ludaei
1962 3919 2038 3985 ad
2074 3921 2282 3984 latera.
2366 3919 2532 3986 Insu-

417 4036 522 4100 per
549 4037 754 4080 omnes
781 4037 853 4080 ex
891 4018 1097 4083 eadem
1128 4020 1439 4106 Religione
1479 4021 1742 4105 dispositi
1780 4031 1915 4089 suut
1956 4021 2019 4084 in
2059 4019 2420 4097 Societates,
2471 4022 2528 4084 in

417 4115 597 4181 Caelo
625 4119 948 4183 secundum
976 4118 1315 4187 affectiones
1343 4121 1563 4186 amoris
1591 4121 1647 4183 in
1678 4120 1871 4185 Deum
1900 4132 1959 4185 et
1999 4141 2141 4208 erga
2179 4122 2527 4210 proximum,

414 4215 474 4276 in
522 4215 761 4281 inferno
807 4220 868 4281 in
915 4223 1404 4307 congregationes
1447 4220 1768 4286 secundum
1827 4220 2170 4288 affectiones
2221 4222 2376 4302 hinis
2420 4222 2524 4287 illis
