2750 4775
480 378 587 428 506
706 363 1162 419 Umvssnsa
1209 362 1745 418 THEOLOGIA
1796 365 1866 421 N.
1910 363 1971 417 C.
2012 364 2117 416 ET
2158 364 2220 415 N.
2258 364 2317 417 Ε.
2526 4 2660 416 —i

1282 566 1769 633 Memor-andum.

633 725 778 785 791.
833 720 1157 806 Postquam
1186 717 1427 781 finitum
1453 727 1541 783 est
1567 717 1681 782 boc
1706 720 1897 806 Opus,
1928 718 2275 784 convocavit
2291 718 2532 781 Dominus

475 822 786 889 duodecim
820 843 958 886 suos
1001 820 1366 905 Discipulos,
1422 820 1521 906 qui
1568 817 1764 907 Ipsum
1794 820 1855 881 iu
1885 819 2112 882 Mundo
2154 820 2373 905 sequuti
2398 828 2531 889 suun

473 935 534 990 et
567 933 697 1013 post
738 923 891 986 diem
929 922 1120 984 emisit
1161 940 1366 984 omnes
1414 921 1472 982 in
1514 919 1873 984 Universum
1918 921 2221 985 Munmm
2257 919 2535 998 Spnmua·

473 1046 639 1100 unu,
689 1023 765 1086 ad
812 1020 1273 1109 praedicandum
1330 1021 1799 1097 Evanossutm,
1862 1022 2023 1107 quod
2071 1021 2360 1085 Dominus
2398 1020 2535 1084 Deus

471 1125 660 1190 stns
687 1123 999 1188 Cuntsrus
1028 1131 1266 1207 regnet,
1319 1122 1489 1206 cujus
1519 1121 1793 1207 Regnum
1842 1122 1951 1185 erit
1992 1122 2052 1186 in
2098 1119 2337 1185 Saecula
2372 1139 2537 1182 saecu-

474 1226 703 1298 lorum,
753 1223 1076 1287 secundum
1108 1221 1570 1310 praedictionem
1600 1242 1633 1283 a
1668 1221 1915 1285 Daniele
1956 1221 2099 1308 Cap.
2145 1217 2285 1284 Vll:
2327 1224 2413 1284 13.
2456 1222 2532 1281 11.

477 1333 536 1388 et
588 1325 645 1387 in
691 1321 1047 1413 Apocalypsi
1088 1323 1229 1408 Cap.
1274 1322 1396 1386 XI:
1448 1326 1580 1397 15„
1633 1336 1691 1386 et
1740 1322 1909 1415 quod
1952 1323 2119 1390 beau·
2159 1325 2302 1393 sim,
2354 1322 2445 1411 qui
2473 1316 2540 1383 ad

476 1425 742 1491 Caemam
765 1428 1110 1516 meptiarum
1125 1423 1302 1513 Agm'
1327 1421 1637 1498 accedunt,
1679 1421 1867 1508 Apoc.
1899 1423 2083 1487 XIX:
2123 1428 2159 1485 9
2179 1466 2196 1496 ,
2227 1420 2335 1484 hoc
2358 1420 2537 1484 sactum

473 1537 562 1591 est
603 1526 812 1590 Mense
838 1525 1053 1598 Junio,
1111 1524 1222 1587 Die
1269 1528 1366 1599 19,
1411 1521 1584 1587 Anno
1636 1528 1822 1588 1770.
1905 1522 2043 1588 Hoc
2097 1523 2438 1586 intellectum
2472 1524 2539 1582 est

473 1648 581 1715 per
608 1625 758 1690 haec
792 1625 1034 1690 Domini
1079 1624 1263 1690 verba
1319 1625 1563 1699 „Miner
1600 1620 1884 1714 Angelos
1930 1648 2117 1699 suo-5,
2172 1638 2229 1689 et
2263 1641 2540 1711 congrega·

476 1726 620 1793 bunt
665 1725 885 1791 electos
921 1727 1135 1819 Ipsius
1174 1748 1215 1790 a
1260 1728 1527 1789 terminis
1577 1723 1881 1792 caelorum
1926 1749 2123 1817 usque
2173 1722 2262 1790 ad
2300 1724 2539 1788 terminos

472 1837 750 1903 eorum,“
800 1825 1012 1898 Matth.
1044 1825 1278 1891 XXIV:
1324 1830 1429 1889 31.

1280 1991 1796 2032 *****

629 2135 776 2196 792.
833 2133 922 2196 De
954 2133 1184 2197 Mundo
1211 2132 1514 2221 spirituali
1545 2142 1742 2197 aetum
1772 2131 1947 2196 estin
1975 2133 2264 2218 singulari
2292 2131 2467 2218 Opere
2486 2127 2539 2188 de

475 2236 684 2300 Cauno
711 2253 789 2295 ET
814 2232 1126 2307 ῘΝῈΕΒΝΟ,
1180 2235 1238 2295 ἰη
1280 2257 1400 2321 qno
1433 2234 1724 2321 descripta
1764 2244 1902 2297 sunt
1944 2233 2111 2319 plura
2160 2235 2321 2298 istius
2347 2226 2540 2298 Mundiz

473 2346 528 2400 et
560 2335 695 2422 quia
726 2332 1121 2397 omnis-homo
1167 2343 1296 2421 post
1338 2344 1589 2399 mortem
1634 2336 1692 2397 in
1722 2336 1884 2400 illum
1918 2335 2212 2401 Mundum
2246 2334 2421 2408 venit,
2465 2328 2538 2392 de-

470 2436 722 2521 scriptus
758 2433 933 2497 etiam
977 2445 1064 2498 est
1105 2434 1306 2503 Status
1348 2436 1653 2499 hominum
1696 2437 1791 2500 ibi.
1875 2435 2024 2515 Quis
2068 2459 2192 2502 non
2236 2436 2420 2507 novit,
2463 2435 2540 2494 aul

471 2554 643 2598 nosse
685 2541 904 2621 potest⁴
960 2536 1118 2622 quod
1157 2535 1335 2600 bomo
1379 2546 1509 2624 post
1550 2549 1801 2600 mortem
1849 2538 2043 2611 vivat,
2098 2538 2244 2622 quia
2286 2545 2442 2600 natus
2476 2536 2540 2593 est

471 2634 685 2709 homo,
740 2645 972 2699 creatus
999 2637 1198 2722 imago
1225 2639 1364 2710 Dei,
1418 2646 1477 2698 et
1517 2639 1652 2723 quia
1700 2638 1989 2703 Dominus
2034 2637 2092 2698 in
2132 2639 2338 2703 Verbo
2373 2655 2464 2698 suo
2497 2627 2537 2690 id

473 2734 677 2809 decen
731 2734 833 2799 sed
877 2739 1063 2822 qualis
1107 2738 1242 2803 Vita
1289 2738 1340 2800 ei
1390 2736 1588 2802 futura
1629 2748 1748 2814 est,
1815 2737 2102 2802 hactenus
2149 2740 2410 2823 ignotum
2444 2730 2540 2802 fuit,

473 2836 760 2903 creditum
790 2844 926 2912 ests
963 2839 1291 2922 quodtunc
1316 2847 1468 2903 esset
1497 2836 1744 2914 Anima,
1788 2840 1861 2902 de
1890 2860 2007 2925 qua
2038 2860 2156 2902 non
2186 2841 2364 2903 aliam
2390 2836 2541 2899 ideam

470 2938 782 3011 foverunt,
840 2960 1016 3025 quarn
1048 2940 1197 3021 sicut
1224 2940 1297 3003 de
1322 2939 1568 3004 aethere
1596 2951 1695 3003 aut
1731 2947 1899 3015 aere,
1954 2940 2032 3002 ita
2073 2941 2237 3025 quod
2277 2938 2348 3003 sit
2389 2937 2542 3000 Pneu-

472 3060 599 3115 ma,
657 3040 830 3126 quale
859 3038 1039 3102 homo
1070 3061 1142 3102 ex
1181 3050 1285 3104 ore
1317 3041 1575 3125 exspirat
1603 3041 1741 3104 dum
1769 3040 2058 3114 moritur,
2113 3041 2174 3103 in
2225 3061 2343 3127 quo
2382 3047 2541 3099 tamen

473 3140 649 3204 vitale
677 3140 803 3223 ejus
833 3141 1079 3214 residet,
1134 3140 1235 3203 sed
1280 3141 1439 3227 quod
1487 3141 1562 3205 sit
1605 3142 1831 3227 absque
1870 3140 1999 3205 visu
2048 3140 2242 3225 qualis
2282 3148 2366 3203 est
2404 3127 2540 3203 oculi,

471 3240 694 3325 absque
742 3240 948 3304 auditu
993 3240 1183 3326 qualis
1228 3251 1313 3304 est
1360 3242 1548 3316 auriS,
1602 3251 1661 3304 et
1706 3242 1931 3326 absque
1974 3241 2212 3325 loquela
2263 3237 2441 3328 qualis
2476 3238 2542 3295 est

470 3342 617 3412 oris;
673 3362 803 3402 cum
837 3350 1032 3404 tamen
1063 3340 1241 3405 homo
1274 3352 1403 3427 post
1428 3351 1679 3405 mortem
1720 3362 1909 3427 aeque
1944 3350 2037 3404 est
2078 3340 2295 3415 homo,
2350 3348 2403 3402 et
2442 3331 2542 3397 talis

467 3439 675 3515 horno,
724 3451 782 3503 ut
813 3463 928 3503 non
961 3447 1102 3505 sciat
1132 3441 1332 3516 aliter,
1389 3464 1564 3529 quam
1595 3443 1750 3528 quod
1784 3440 1979 3504 adbuc
2002 3442 2075 3504 sit
2105 3441 2163 3503 in
2193 3440 2374 3525 priori
2400 3436 2540 3500 Mun-

469 3538 575 3611 dm
636 3538 823 3614 videt,
878 3543 1071 3617 audit,
1125 3541 1423 3628 loquitur,-
1470 3544 1617 3606 sicut
1657 3543 1719 3604 in
1760 3541 1944 3627 priori
1974 3542 2235 3615 Mundo;
2291 3537 2541 3604 ambulat,

468 3638 672 3710 currit,
700 3639 882 3714 sedet,
910 3643 1061 3704 sicut
1092 3643 1152 3705 in
1187 3643 1383 3730 ,priore
1416 3643 1672 3714 Mundo;
1719 3644 1917 3715 cubat,
1956 3642 2227 3716 dormit„
2248 3634 2540 3722 oet-evigilat

462 3739 613 3803 sicut
641 3738 696 3799 in
730 3737 908 3824 priori
935 3742 1188 3813 Mundo}
1218 3744 1337 3807 edit
1358 3753 1421 3808 et
1446 3744 1592 3808 bibit
1621 3745 1768 3807 sicut
1797 3744 1857 3805 in
1886 3742 2068 3827 priori
2089 3743 2347 3812 Mundo;
2375 3734 2538 3803 delitio

467 3837 782 3923 conjugiali
829 3837 1043 3902 fruitur
1086 3845 1341 3909 sicut·in
1403 3845 1583 3932 priori
1645 3844 1907 3914 Mundo;
1974 3844 2196 3918 verbo,
2262 3852 2348 3906 est
2391 3840 2537 3902 homo

464 3938 659 4024 quoad
688 3941 881 4001 omnia
914 3949 969 4003 et
997 3942 1246 4027 singula.
1327 3945 1415 4007 Ex
1443 3945 1657 4030 quibus
1699 3953 1887 4031 patet,
1944 3944 2101 4029 quod
2130 3945 2301 4009 Mors
2341 3961 2448 4004 non
2480 3934 2537 3997 sil

465 4038 806 4115 exstinctiO,
860 4041 1356 4106 sod'continuatio
1390 4046 1578 4119 vitae,
1626 4055 1687 4109 et
1713 4045 1870 4130 quod
1901 4045 2181 4108 sitmodo
2214 4041 2484 4107 transitus.

523 4180 530 4187 κ
618 4144 764 4204 793.
838 4138 1014 4218 Quod
1059 4140 1242 4206 bomo·
1270 4144 1573 4230 sit-aeque
1608 4144 1791 4209 homo
1822 4155 1962 4231 *post
2000 4154 2288 4217 mortem,
2339 4131 2535 4205 tametsi

461 4247 600 4302 tunc
647 4252 849 4305 coram
895 4242 1081 4307 oculis
1128 4244 1446 4309 materialis
1495 4245 1759 4332 corporis
1803 4264 1918 4309 non
1961 4249 2535 4334 apparet,‘·constare

2641 457 2660 574 l
