2750 4775
445 374 549 424 182
696 359 1154 415 UNIt‘EuSA
1200 360 1740 413 'rUEOLOGlA
1785 361 1852 412 N.
1896 361 1961 416 C.
2005 360 2112 411 ET
2153 360 2217 414 N.
2261 359 2326 413 E.

442 522 737 582 vetustate
773 514 831 577 in
863 523 1085 577 terram
1112 510 1498 586 subsederat,
1547 520 1607 575 et
1641 533 1827 599 usque
1858 512 1934 576 ad
1974 520 2193 575 tectum
2233 512 2419 577 ruinis
2444 513 2544 576 cir—

443 638 582 682 cum
628 613 883 680 obsitum
940 614 1130 700 jacet,
1181 632 1360 699 super
1404 633 1526 699 quo
1564 612 1814 699 juvenes
1856 621 1917 678 et
1967 633 2138 678 senes
2192 613 2544 698 gradiuntur,

443 716 721 782 curribus
749 715 1083 789 vehuntur,
1119 722 1182 777 et
1207 713 1510 798 equitant,
1551 714 1880 778 nescientes
1909 715 2070 800 quod
2099 713 2217 778 tale
2243 714 2546 800 Templum

441 816 518 884 sit
544 816 657 884 sub
685 815 934 904 pedibus
971 824 1030 878 et
1068 812 1518 889 absconditum,
1571 814 1629 875 in
1677 837 1797 901 quo
1838 823 1974 880 sunt
2013 814 2244 880 Altaria
2284 836 2356 879 ex
2393 836 2547 890 auro,

440 918 698 1006 parietes
726 918 885 982 intus
921 938 995 980 ex
1033 922 1317 999 argento,
1368 924 1429 977 et
1468 914 1888 979 decoramenta
1931 937 2002 979 ex
2047 915 2240 1002 lapide
2284 916 2547 1003 pretioso,

439 1040 595 1107 quae
623 1039 745 1084 non
772 1015 951 1082 effodi
978 1023 1041 1082 et
1066 1015 1127 1078 in
1169 1014 1359 1078 lucem
1390 1015 1661 1101 expromi
1702 1026 1977 1103 possunt,
2027 1015 2142 1080 nisi
2183 1037 2290 1101 per
2326 1036 2543 1081 sensum

439 1119 807 1209 spiritualem
826 1165 843 1193 ,
892 1117 994 1205 qui
1022 1116 1289 1180 detectus
1313 1124 1403 1179 est
1429 1113 1605 1179 hodie
1635 1137 1743 1201 pro
1772 1114 1950 1182 Nova
1982 1116 2279 1191 Ecclesia,
2328 1125 2548 1204 propter

442 1242 617 1285 usum
645 1220 707 1281 in
735 1217 912 1283 Cultu
940 1216 1201 1281 Domini.
1280 1216 1672 1281 Sacramenta
1714 1216 1815 1280 ilia
1853 1218 2031 1282 etiam
2064 1218 2402 1304 comparari
2430 1239 2545 1303 pos·

441 1329 585 1386 sunt
639 1317 938 1407 duplicato
986 1317 1280 1404 Templo,
1352 1338 1610 1403 quorum
1666 1338 1847 1381 unum
1900 1328 1986 1383 est
2019 1311 2232 1391 infra,
2309 1318 2547 1382 alterum

440 1440 640 1509 supra,
681 1429 743 1482 et
771 1420 832 1483 in
860 1440 1114 1505 quorum
1142 1416 1411 1482 inferiori
1445 1417 1824 1502 praedicatur
1853 1418 2245 1506 Evangeiium
2282 1418 2356 1483 de
2385 1419 2545 1484 Novo

442 1522 722 1586 Adventu
753 1519 1026 1593 Domini,
1081 1528 1141 1582 et
1178 1539 1420 1604 quoque
1459 1518 1532 1581 de
1573 1519 2055 1604 Regeneratione
2097 1529 2155 1582 et
2196 1519 2340 1583 inde
2371 1519 2546 1583 salva-

441 1622 607 1688 tione
653 1621 731 1686 ab
777 1620 946 1708 Ipso;
1018 1638 1089 1683 ex
1134 1618 1253 1683 hoc
1295 1619 1550 1705 Templo
1588 1619 1748 1683 cirea
1791 1617 2000 1685 Altare
2045 1629 2134 1685 est
2177 1640 2458 1685 ascensus
2494 1619 2543 1681 in

441 1722 758 1809 Templum
789 1722 1089 1811 superius,
1143 1722 1203 1783 in
1245 1742 1367 1805 quo
1391 1720 1611 1784 Sancta
1651 1719 1853 1785 Caena
1894 1721 2265 1810 celebratur,
2322 1730 2380 1784 et
2427 1719 2545 1781 inde

445 1831 534 1887 est
564 1822 848 1889 transitus
874 1824 934 1885 in
962 1820 1242 1895 Caelum,
1296 1820 1397 1885 ubi
1425 1820 1715 1885 Dominus
1754 1821 1885 1885 illos
1911 1820 2144 1905 excipit.
2212 1819 2546 1909 Comparari

444 1924 625 1988 etiam
679 1931 925 2011 possunt
976 1920 1433 1996 'sabernaculm
1488 1922 1551 1984 in
1595 1943 1718 2004 quo
1764 1932 1894 2008 post
1948 1921 2260 1986 introitum
2316 1928 2547 2008 apparet

440 2023 683 2099 Mensa,
735 2044 915 2109 super
940 2042 1058 2108 qua
1099 2019 1159 2083 in
1199 2041 1306 2085 suo
1335 2022 1546 2085 ordine
1575 2022 1839 2108 dispositi
1863 2032 2002 2087 sunt
2041 2043 2226 2109 panes
2253 2021 2544 2094 facierum,

445 2134 503 2188 et
531 2144 770 2212 quoque
798 2121 1015 2187 Altare.
1034 2142 1280 2185 aureum
1310 2143 1420 2210 pro
1447 2122 1672 2198 suffitu,
1723 2132 1782 2187 et
1809 2124 2093 2192 inmedio
2121 2122 2544 2187 Candelabrum

446 2246 581 2290 cum
611 2223 868 2290 lucernis
893 2222 1185 2296 accensis,
1236 2243 1309 2284 ex
1339 2223 1556 2308 quibus
1583 2223 1781 2286 omnia
1810 2223 1908 2286 illa
1946 2224 2007 2287 in
2040 2234 2427 2310 conspectum
2463 2242 2548 2289 ve·

446 2325 647 2398 niunt;
704 2334 765 2389 et
809 2322 1047 2389 tandem
1088 2342 1196 2412 pro
1236 2323 1351 2387 illis
1392 2324 1494 2410 qui
1532 2323 1851 2390 illuminari
1882 2345 1944 2387 se
1978 2324 2325 2414 patiuntur,
2378 2321 2549 2413 aperi·
2593 2341 2602 2350 ’

445 2437 546 2490 tur
590 2426 804 2492 Velum
852 2423 925 2487 ad
972 2423 1257 2489 Sanctum
1300 2434 1673 2499 sanctorum,
1729 2425 1831 2489 ubi
1878 2424 2010 2489 loco
2055 2421 2287 2501 Areae,
2340 2427 2401 2489 in
2445 2442 2545 2510 qua

445 2525 644 2590 suerat
699 2522 1073 2611 Decaiogus,
1143 2525 1468 2611 repositum
1515 2535 1603 2589 est
1652 2525 1951 2600 Verbum,
2016 2547 2196 2614 supra
2251 2527 2416 2611 quod
2458 2524 2544 2587 da·

441 2637 570 2691 tum
616 2633 706 2690 est
750 2626 1240 2714 Propitiatorium
1289 2646 1427 2688 com
1470 2624 1761 2690 Cherubis
1812 2646 1885 2689 ex
1935 2625 2121 2691 Auro.
2207 2627 2385 2691 Haec
2426 2632 2544 2689 sunt

446 2726 1054 2814 Repraesentationes
1094 2725 1348 2789 duorum
1390 2723 1626 2790 illorum
1671 2722 2201 2791 sacramentorum
2248 2749 2387 2791 cum
2431 2723 2546 2790 Usi·

444 2829 556 2891 bus
596 2827 852 2893 illorum.

448 3054 633 3138 Quod
663 3079 778 3148 per
800 3056 1228 3130 Lavationem,
1279 3078 1437 3147 quae
1461 3069 1729 3121 vocatur
1755 3054 2143 3148 Baptismus,
2189 3053 2551 3144 intelligatur

446 3156 705 3220 Lavatio
745 3154 1118 3248 spiritualis,
1172 3179 1328 3248 quae
1379 3169 1473 3221 est
1530 3155 1904 3247 Purg’ficatio
1948 3179 1989 3220 a
2037 3153 2219 3220 malis
2260 3170 2318 3220 et
2332 3152 2546 3243 falsis,

1170 3271 1227 3320 et
1271 3260 1360 3320 sic
1409 3255 1827 3346 Regeneratio.

600 3438 745 3497 570.
819 3432 998 3511 Quod
1040 3429 1171 3496 filiis
1212 3431 1450 3497 Israelis
1488 3431 1806 3498 mandatae
1844 3433 1963 3498 sint
2002 3433 2398 3506 Lavationes,
2451 3450 2535 3492 no·

444 3543 569 3598 tum
597 3542 686 3597 est
716 3552 787 3596 ex
811 3531 1064 3597 Statutis
1091 3552 1197 3619 per
1223 3531 1433 3597 Mosen
1461 3533 1625 3608 latis,
1669 3544 1731 3597 ut
1758 3534 1915 3619 quod
1943 3531 2192 3599 Aharon
2217 3555 2281 3597 se
2310 3534 2543 3601 lavaret,

446 3642 769 3719 antequam
812 3631 1084 3696 indueret
1127 3640 1321 3696 vestes
1361 3633 1703 3708 ministerii,
1770 3634 1961 3699 Levit.
2005 3633 2178 3699 XVI:
2233 3639 2290 3696 4.
2342 3635 2443 3695 24.
2494 3634 2541 3691 et

443 3742 767 3819 antequam
796 3733 1107 3796 accederet
1136 3733 1211 3796 ad
1240 3728 1449 3796 Altare
1479 3732 1554 3797 ad
1584 3732 2066 3809 ministrandum,
2118 3734 2305 3798 Exod.
2354 3728 2540 3796 XXX:

451 3837 531 3895 18
565 3832 641 3896 ad
686 3834 802 3908 21,
856 3831 996 3922 Cap.
1041 3833 1177 3897 XL:
1226 3834 1327 3896 30.
1379 3837 1480 3896 31.
1537 3834 1759 3919 pariter
1804 3835 2083 3910 Levitae,
2139 3835 2321 3900 Num.
2369 3827 2540 3897 Vlll:

445 3937 502 3996 6.
548 3937 602 3994 7.
660 3940 717 3996 et
746 3936 987 4019 quoque
1017 3933 1148 4009 alii,
1204 3933 1302 4018 qui
1347 3954 1453 4020 per
1493 3934 2052 4023 peccata'immundi
2094 3933 2237 3998 facti
2277 3940 2440 4006 sunt;
2491 3934 2541 3992 et

439 4032 603 4118 quod
631 4031 905 4098 dicantur
932 4032 1288 4099 sanctificati
1316 4055 1426 4117 per
1452 4033 1832 4113 Lavationes,
1889 4035 2076 4101 Exod.
2105 4035 2345 4101 XXIX:
2407 4038 2459 4096 1.
2487 4030 2536 4090 4.

441 4132 582 4220 Cap.
625 4132 764 4197 XL:
811 4137 910 4197 12.
965 4134 1154 4198 Levit.
1191 4132 1369 4200 VIII:
1417 4139 1473 4196 6.
1567 4134 1774 4214 Quare
1817 4146 1880 4201 ut
1917 4157 1982 4201 se
2023 4135 2330 4209 lavarent,
2381 4132 2537 4196 Mare

442 4254 694 4300 aeneum
747 4244 803 4298 et
869 4236 1035 4324 plura
1102 4236 1370 4301 Lavacra
1440 4234 1628 4319 posita
1696 4235 1937 4303 fuerunt
2002 4237 2166 4322 juxta
2220 4233 2538 4323 Templum,
