2750 4775
882 328 979 385 lx.
1060 326 1697 407 PAEni-TENTM.
2276 339 2338 388 81

247 480 456 545 dextre
500 480 723 569 possint
762 479 1112 553 confirmare
1153 479 1335 556 falsa,
1379 490 1442 544 et
1477 481 1635 566 quod
1676 490 1802 569 post
1839 480 2342 548 confirmationem

243 581 494 646 credant
541 580 637 645 illa
674 603 818 647 vera
846 604 1005 648 esse:
1059 581 1158 648 sed
1199 581 1355 668 quod
1399 601 1471 643 ex
1509 579 1753 647 fallaciis
1790 601 2063 648 sensuum
2107 585 2341 651 ratioci-

238 692 464 746 nentur
491 692 551 745 et
579 682 958 761 confirment,
1010 704 1046 746 a
1075 684 1291 769 quibus
1318 690 1591 768 captatur
1616 691 1675 745 et
1703 685 2084 768 persuadetur
2111 685 2333 796 vulgus.

236 784 424 865 Quod
465 785 761 850 sensuales
800 784 1070 849 homines
1111 784 1286 848 astuti
1324 791 1385 847 et
1426 781 1697 847 malitiosi
1750 782 1864 846 sint
1903 805 2042 868 prae
2082 785 2334 872 reliquis.

234 885 426 964 Quod
453 885 651 960 avari,
704 885 958 950 adulteri
984 893 1042 948 et
1072 885 1291 961 dolosi,
1336 883 1627 971 imprimis
1663 884 1961 949 sensuales
1993 886 2140 960 sint,
2191 893 2339 950 tam·

234 987 353 1050 etsi
410 1006 612 1050 coram
661 985 887 1051 Mundo
939 998 1224 1073 apparent
1269 986 1421 1050 sicut
1466 984 1770 1070 ingeniosi.
1839 985 2013 1065 Quod
2061 985 2337 1051 interiora

236 1087 462 1150 mentis
499 1108 703 1150 eorum
739 1089 855 1151 sint
881 1087 1051 1151 faeda
1082 1096 1140 1149 et
1167 1106 1412 1175 spurca;
1467 1085 1624 1172 quod
1652 1106 1758 1174 per
1783 1084 1881 1149 illa
1913 1087 2346 1152 communicent

234 1208 386 1253 cum
413 1186 684 1251 infernis:
740 1188 896 1274 quod
927 1190 984 1252 in
1017 1188 1212 1253 Verbo
1247 1183 1518 1250 dicantur
1558 1186 1791 1264 mortui.
1860 1185 2033 1266 Quod
2074 1186 2192 1264 illi,
2244 1188 2345 1274 qui

235 1290 301 1351 in
350 1285 604 1352 Infernis
641 1299 811 1366 sunt,
861 1290 1159 1354 sensuales
1196 1288 1340 1363 sint,
1396 1298 1453 1351 et
1496 1307 1567 1351 eo
1608 1288 1768 1373 plus,
1822 1309 1938 1374 quo
1966 1285 2342 1376 profundius:

234 1391 404 1477 quod
451 1386 699 1479 sphaera
745 1390 1051 1477 spirituum
1098 1388 1508 1463 infernalium,
1557 1388 1881 1473 conjungat
1924 1409 1985 1452 se
2033 1409 2167 1452 cum
2208 1411 2341 1454 sen·

234 1489 397 1557 suali
424 1488 674 1555 bominis
703 1513 735 1555 a
766 1501 964 1577 tergm
1018 1499 1076 1555 et
1102 1489 1259 1576 quod
1302 1489 1359 1552 in
1404 1490 1529 1564 luce
1560 1487 1722 1554 Caeli
1760 1487 2093 1576 occipitium
2134 1510 2339 1555 eorum

236 1586 529 1678 appareat
552 1601 917 1655 excavatum.
974 1591 1148 1671 Quod
1177 1591 1258 1655 illi
1287 1590 1389 1676 qui
1419 1588 1756 1654 ratiocinati
1786 1599 1923 1653 sunt
1951 1610 2022 1653 ex
2048 1588 2185 1654 solis
2207 1612 2342 1655 sen·

234 1691 537 1767 sualibus,
588 1693 663 1757 ab
709 1693 963 1777 antiquis
1000 1692 1139 1756 dicti
1178 1691 1392 1756 fuerint
1421 1700 1721 1777 serpentes
1748 1687 1999 1755 Arboris
2039 1690 2334 1756 scientiae.

236 1791 419 1875 Quod
465 1795 758 1860 sensualia,
799 1795 1004 1858 ultimo
1051 1794 1354 1864 lucoesse
1401 1793 1687 1867 debeant,
1742 1801 1799 1855 et
1838 1811 1958 1855 non
2001 1790 2225 1879 primo,
2277 1801 2337 1857 et

236 1893 402 1981 quod
455 1881 608 1982 apud
662 1894 959 1958 bominem
1004 1893 1327 1981 sapientem
1374 1900 1431 1955 et
1481 1893 1897 1979 intelligentem
1946 1893 2151 1956 ultimo
2202 1893 2334 1960 loco

236 1996 390 2069 sint,
441 2003 500 2056 et
530 1997 790 2082 subjecta
818 1994 1226 2069 interioribus,
1279 2002 1338 2055 at
1367 1994 1522 2079 quod
1552 1993 1704 2079 apud
1737 1992 2035 2057 bominem
2061 1992 2336 2081 insipien-

239 2104 363 2157 tem
386 2095 598 2181 *primo
625 2094 755 2158 loco
782 2096 928 2170 sint,
979 2103 1041 2157 et
1078 2093 1459 2156 dominantia.
1529 2092 1590 2156 Si
1628 2095 1913 2158 sensualia
1955 2093 2160 2159 ultimo
2198 2093 2333 2160 loco

241 2202 416 2267 sunt,
471 2195 627 2281 quod
669 2216 770 2280 per
795 2195 893 2258 illa
922 2195 1221 2280 aperiatur
1248 2194 1344 2257 via
1374 2193 1448 2257 ad
1476 2193 1828 2260 intellectum
1850 2243 1868 2269 ‚
1920 2215 1990 2258 ac
2016 2195 2331 2262 elimentur

246 2314 395 2358 vera
424 2315 529 2380 per
554 2293 791 2359 modum
819 2293 1208 2357 extractionis.
1275 2294 1450 2374 Quod
1490 2295 1776 2359 sensualia
1815 2295 1910 2359 illa
1942 2297 2204 2383 proxime
2229 2319 2330 2362 ex-

243 2404 402 2459 stent
443 2396 681 2471 mundo,
751 2405 811 2461 et
862 2394 1171 2459 admittant
1222 2417 1373 2481 quae
1417 2417 1449 2457 e
1487 2396 1712 2479 Mundo
1752 2397 2010 2475 alluunt,
2061 2409 2119 2463 et
2164 2401 2332 2487 quasi

243 2496 509 2565 cribrent
547 2496 661 2575 illa.
714 2496 890 2576 Quod
920 2496 1099 2563 bomo
1131 2518 1233 2582 per
1258 2497 1544 2561 sensualia
1576 2498 1966 2562 communicet
1992 2520 2124 2563 cum
2153 2501 2328 2566 Mun-

240 2596 344 2674 do,
395 2609 453 2661 et
481 2619 586 2684 per
611 2598 920 2662 rationalia
950 2618 1079 2663 cum
1107 2597 1302 2662 Caelo.
1365 2598 1539 2678 Quod
1565 2598 1855 2665 sensualia
1888 2599 2330 2666 subministrent

233 2697 370 2773 illa,
423 2718 575 2785 quae
615 2699 942 2764 inserviunt
980 2699 1356 2763 interioribus
1400 2701 1625 2763 mentis.
1695 2699 1869 2781 Quod
1896 2701 2011 2765 sint
2036 2702 2329 2768 sensualia

229 2799 737 2871 subministrantia
776 2801 928 2888 parti
955 2798 1365 2875 intellectuali,
1422 2809 1478 2862 et
1507 2801 2015 2865 subministrantia
2046 2803 2196 2890 parti
2224 2825 2330 2867 vo-

229 2899 559 2964 luntariae..
600 2899 778 2979 Quod
817 2901 926 2965 nisi
964 2901 1241 2988 cogitatio
1267 2923 1446 2989 supra
1473 2902 1764 2968 sensualia
1795 2902 2094 2978 elevatur,
2146 2901 2325 2969 bomo

230 3022 443 3087 parum
485 3001 702 3088 sapiat:
756 3002 912 3086 quod
953 3001 1130 3066 homo
1174 3023 1306 3066 cum
1350 3002 1638 3088 cogitatio*
1670 3003 1796 3089 ejus
1829 3023 2007 3088 supra
2031 3005 2328 3069 sensualia

228 3100 533 3177 elevatur,
584 3102 644 3165 in
684 3103 882 3168 lumen
926 3103 1138 3168 clarius
1180 3102 1410 3177 veniat,
1464 3113 1521 3167 et
1559 3103 1799 3167 tandem
1829 3103 1888 3166 in
1917 3104 2106 3166 lucem
2136 3104 2327 3168 caele-

212 3211 416 3279 stem,
465 3212 527 3267 et
553 3213 696 3266 tunc
723 3204 1005 3292 percipiat
1034 3202 1171 3268 talia
1199 3224 1351 3290 quae
1378 3202 1641 3267 defluunt
1670 3226 1703 3268 e
1730 3204 1929 3268 Caelo.
1984 3204 2160 3284 Quod
2188 3203 2325 3267 ulti-

228 3324 394 3367 mum
424 3303 752 3369 intellectus
777 3306 851 3370 sit
877 3303 1257 3369 scientificum
1292 3303 1591 3381 naturale,
1642 3315 1701 3369 et
1730 3304 1884 3390 quod
1914 3304 2184 3368 ultimum
2215 3326 2322 3370 vo-

223 3402 473 3471 luntatis
496 3405 569 3481 sit
592 3406 912 3491 jucundum
940 3405 1224 3469 sensuale.

384 3509 531 3573 566.
589 3505 790 3572 Homo
818 3507 1011 3595 quoad
1042 3506 1370 3570 naturalem
1401 3506 1697 3573 hominem
1740 3517 1825 3570 est
1851 3504 2053 3570 similis
2079 3505 2323 3584 bestiae,

227 3607 503 3671 adsciscit
540 3607 853 3692 imaginem
898 3606 1118 3673 bestiae
1146 3627 1250 3695 per
1275 3607 1491 3679 vitam;
1546 3617 1904 3694 quapropter
1928 3607 2148 3672 circum
2177 3607 2322 3675 tales

225 3706 543 3772 in‘Mundo
582 3707 866 3794 spirituali
904 3717 1191 3793 apparent
1221 3706 1443 3771 bestiae
1471 3707 1661 3772 omnis
1688 3708 1949 3792 generis,
2004 3729 2157 3793 quae
2184 3718 2321 3774 sunt

225 3809 815 3897 correspondentiae;
881 3829 1017 3872 nam
1056 3807 1327 3872 naturale
1372 3807 1629 3873 hominis
1668 3808 1725 3870 in
1764 3830 1832 3873 se
1864 3818 2192 3897 spectatum
2233 3820 2324 3875 est

224 3931 389 3974 mere
416 3909 698 3987 animale,
754 3909 856 3975 se'd
882 3911 1018 3996 quia
1045 3909 1349 3995 spirituale
1383 3910 1462 3974 illi
1487 3909 1927 3997 superadditum
1956 3918 2074 3985 est,
2127 3919 2321 3999 potest

221 4009 353 4077 fieri
393 4009 608 4086 bomo,
661 4020 721 4075 et
746 4011 795 4077 si
823 4009 1035 4085 nontit
1061 4031 1131 4073 ex
1168 4009 1448 4075 facultate
1489 4009 1644 4096 quod
1675 4011 1885 4098 possit,
1936 4019 2129 4097 potest
2155 4031 2320 4074 men-

219 4112 317 4176 tiri
356 4111 689 4189 hominem,
739 4112 841 4177 sed
871 4133 1052 4199 usque
1091 4121 1177 4174 est
1207 4111 1391 4176 bestia
1421 4112 1694 4195 loquens;
1749 4111 2011 4198 loquitur
2052 4110 2205 4174 enim
2248 4128 2321 4173 ex

219 4213 496 4279 rationali
536 4200 829 4289 naturali,
880 4213 982 4277 sed
1027 4211 1251 4297 cogitat
1291 4233 1362 4274 ex
1396 4210 1590 4274 mania
1615 4211 1935 4297 spirituali,
1990 4228 2060 4273 ac
2099 4209 2220 4293 agit
2246 4226 2315 4268 ex

1845 4307 1896 4367 F
