2750 4775
478 347 582 395 152
702 332 1146 388 UNIVERSA
1204 332 1738 387 TuEOLOGlA
1799 334 1863 385 N.
1906 333 1970 389 C.
2012 332 2118 385 ΕΤ
2157 334 2224 390 N.
2266 332 2331 387 E.

475 490 632 564 tina,
668 484 1174 561 Censes-sionibus,
1219 484 1562 572 Augustana
1589 508 1694 551 seu
1721 483 2191 575 Augsburgensi‚
2230 496 2291 549 et
2331 508 2364 549 a
2403 507 2541 548 com—

477 588 934 652 mentationibus
963 587 1238 672 allegatis
1264 598 1322 651 et
1349 588 1524 652 simul
1550 589 1813 673 receptis.
1894 588 2050 670 Quid
2082 588 2236 652 aliud
2265 591 2336 651 ex'
2360 607 2544 673 snpra-

479 690 682 765 dictis,
732 699 791 752 et
816 691 877 752 in
904 688 1077 753 fidem
1109 690 1266 753 illam
1297 690 1624 767 translatis,
1676 688 1835 764 fluit,
1887 712 2062 776 qnam
2097 688 2253 775 quod
2285 687 2544 776 possessio

475 791 640 857 istius
664 790 833 868 fidei,
883 792 956 855 sit
993 789 1136 853 illud
1177 789 1483 864 meritum,
1537 800 1594 852 et
1636 791 1732 856 illa
1769 791 1989 877 justitia
2035 790 2308 865 Domini,
2365 809 2545 854 ronsee

472 903 724 980 quenter
755 891 912 978 quod
957 913 1251 979 possessor
1277 891 1404 977 ejus
1430 890 1503 954 sit
1529 890 1796 956 Christus
1834 893 1892 955 in
1934 892 2049 955 alia
2093 910 2379 977 persona,
2429 909 2544 952 narn

473 995 690 1059 dicitur
714 992 875 1079 quod
906 990 1035 1079 lpse
1064 989 1328 1057 Christus
1354 994 1427 1055 sit
1454 992 1491 1056 J
1501 992 1696 1056 ustitia
1716 1041 1734 1069 ,
1786 1003 1844 1056 et
1872 993 2028 1080 quod
2056 992 2201 1056 fides
2225 991 2328 1054 illa
2367 991 2440 1054 sit
2471 990 2545 1073 ju-

473 1096 663 1170 stitia,
715 1106 773 1157 et
804 1094 956 1180 quod
988 1093 1329 1180 imputatiO,
1383 1114 1485 1180 per
1525 1116 1701 1180 quam
1748 1093 1923 1157 etiam
1962 1094 2309 1180 intelligitur
2335 1090 2549 1155 addica-

472 1197 559 1261 tio
587 1204 646 1259 et
673 1194 1018 1282 applicatio,
1070 1192 1247 1258 saciat
1276 1204 1339 1257 ut
1369 1216 1486 1257 non
1517 1195 1692 1258 modo
1721 1196 1856 1281 justi
1885 1204 1942 1258 et
1981 1196 2167 1259 sancti
2195 1203 2547 1281 reputentur,

472 1297 576 1362 sed
605 1295 761 1383 quod
787 1299 920 1360 sint.
1000 1293 1167 1359 Adde
1207 1295 1385 1358 modo
1423 1295 1826 1380 imputationi,
1880 1296 2254 1383 applicationi
2298 1305 2360 1358 et
2404 1293 2546 1356 addi-

475 1397 689 1461 cationi
717 1397 1357 1470 Tmnscmmonm,
1412 1408 1469 1459 et
1498 1397 1612 1461 eris
1639 1398 1892 1462 vicarius
1916 1397 2098 1484 Papa.

626 1501 771 1562 641.
828 1498 975 1562 Cum
1022 1501 1221 1583 itaque
1266 1497 1544 1563 Meritum
1585 1507 1645 1562 et
1681 1498 1921 1563 Justitia
1965 1498 2202 1562 Domini
2241 1506 2380 1561 sunt
2420 1513 2543 1580 pure

471 1599 719 1675 Divina,
772 1608 833 1664 et
861 1620 1003 1685 pure
1031 1599 1247 1663 Divina
1275 1608 1412 1663 sunt
1439 1599 1608 1674 talia,
1664 1608 1728 1661 ut
1752 1599 1799 1664 si
1827 1598 2263 1685 applicarentur
2304 1607 2365 1661 et
2400 1593 2542 1659 addi*

469 1710 776 1777 careatur,
812 1698 1008 1764 'honio
1036 1701 1096 1762 in
1127 1701 1362 1764 instanti
1389 1708 1783 1776 emoreretur,
1835 1711 1892 1763 et
1920 1700 2068 1764 sicut
2097 1700 2276 1786 stipes
2315 1698 2539 1781 injectus

467 1801 628 1865 nudo
653 1801 796 1877 soli,
848 1811 1293 1865 consumeretur
1322 1803 1433 1875 ita,
1487 1811 1548 1865 ut
1591 1801 1688 1865 vix
1726 1812 2061 1865 remaneret
2090 1800 2297 1867 favilla
2326 1801 2400 1863 de
2423 1797 2536 1867 illm

470 1924 653 1990 quare
680 1902 968 1967 Dominus
995 1922 1127 1964 cum
1154 1923 1260 1965 suo
1288 1902 1508 1967 Divino
1535 1902 1757 1965 accedit
1787 1903 1860 1966 ad
1887 1900 2146 1986 Angelos
2175 1911 2234 1965 et
2269 1902 2346 1964 ad
2372 1898 2539 1963 homi·

469 2025 574 2068 nes
603 2025 706 2090 per
733 2002 921 2067 lucem
951 2011 1332 2088 temperatam
1367 2012 1428 2065 et
1455 2005 1815 2068 moderatam
1846 2003 1919 2066 ad
1950 2002 2291 2066 facultatem
2323 2012 2383 2065 et
2414 2021 2536 2086 qua·

466 2104 692 2169 litatem
721 2103 1007 2189 cujusvis,
1057 2102 1139 2167 ita
1168 2125 1271 2189 per
1296 2105 1690 2190 adaequatum
1721 2113 1779 2168 et
1806 2105 2349 2177 accommodatum;
2402 2099 2538 2166 sirni-

466 2206 603 2270 liter
630 2224 736 2291 per
756 2203 1036 2268 calorem.
1113 2205 1181 2268 In
1214 2204 1443 2270 Mundo
1469 2204 1755 2294 spirituali
1780 2215 1868 2271 est
1893 2205 2028 2278 Sol,
2077 2205 2139 2267 in
2168 2205 2338 2290 cujus
2365 2201 2534 2266 medio

433 2339 437 2343 ·
474 2316 565 2371 est
590 2305 907 2375 Dominus;
958 2327 1027 2370 ex
1054 2305 1153 2369 illo
1185 2306 1323 2370 Sole
1361 2305 1551 2370 influit
1584 2307 1691 2371 Ille
1734 2328 1837 2395 per
1874 2306 2064 2370 lucem
2102 2315 2159 2369 et
2197 2305 2454 2375 valorem
2490 2303 2536 2363 in

468 2416 658 2470 totum
688 2408 977 2473 Mundum
1003 2409 1401 2493 spiritualem,
1452 2419 1512 2472 et
1553 2410 1614 2471 in
1654 2411 1857 2474 omn‘es
1897 2408 1996 2495 qui
2035 2408 2115 2471 ibi
2146 2418 2318 2483 sunt,
2372 2402 2536 2478 omnis

468 2507 568 2572 lux
593 2517 653 2569 et
679 2508 868 2573 omnis
897 2510 1055 2575 calor
1084 2511 1163 2573 ibi
1192 2509 1325 2572 inde
1353 2520 1472 2581 est;
1525 2509 1810 2574 Dominus
1851 2510 1927 2572 ab
1967 2507 2067 2575 illo
2109 2508 2246 2573 Sole
2292 2530 2424 2572 cum
2455 2525 2535 2568 ea·

467 2609 599 2672 dem
627 2608 756 2673 luce
783 2619 841 2672 et
869 2611 1072 2674 eodem
1102 2609 1297 2674 calore
1329 2610 1517 2674 influit
1547 2612 1721 2674 etiam
1750 2611 1809 2673 in
1838 2611 2062 2675 animas
2100 2618 2168 2702 et
2195 2619 2424 2673 mentes
2447 2606 2532 2669 ho·

467 2709 723 2782 minum;
776 2711 937 2775 calor
963 2712 1058 2775 ille
1082 2710 1145 2773 in
1172 2733 1274 2776 sua
1314 2712 1562 2777 essentia
1597 2721 1683 2776 est
1722 2712 1973 2776 Divinus
2011 2711 2197 2798 Ipsius
2224 2709 2443 2783 Amor,
2487 2712 2534 2766 el

471 2810 599 2874 Lux
624 2811 721 2875 illa
750 2811 809 2876 in
837 2834 939 2877 sua
967 2813 1214 2877 essentia
1243 2822 1328 2876 est
1357 2813 1571 2878 Divina
1601 2812 1785 2901 Ipsius
1809 2812 2139 2900 Sapientia,
2189 2811 2342 2873 hanc
2373 2812 2537 2874 lucem

464 2920 523 2976 et
564 2911 727 2977 illum
756 2915 1011 2979 calorem
1043 2914 1280 3000 adaptat
1308 2914 1599 2978 Dominus
1630 2914 1701 2977 ad
1740 2914 2076 2979 facultatem
2114 2922 2172 2976 et
2204 2912 2531 2998 qualitatem

463 3014 659 3098 angeli
686 3024 746 3078 et
771 3013 1023 3079 hominis
1055 3015 1404 3101 recipientis,
1443 3015 1602 3101 quod
1631 3014 1696 3079 fit
1723 3036 1826 3102 per
1850 3036 2025 3079 auras
2050 3035 2153 3079 seu
2182 3010 2533 3100 atmosphae·

463 3135 561 3177 ras
585 3115 934 3204 spirituales,
964 3137 1115 3201 quae
1145 3114 1369 3179 vehunt
1397 3126 1455 3179 et
1483 3115 1844 3180 transferunt
1868 3116 1999 3179 illa:
2052 3116 2238 3203 ipsum
2271 3113 2531 3179 Divinum

463 3216 798 3281 immediate
827 3217 1086 3281 ambiens
1118 3217 1436 3281 Dominum
1467 3216 1604 3281 facit
1632 3216 1794 3280 illum
1820 3216 2035 3281 Solem.
2059 3246 2066 3254 ·
2102 3216 2220 3280 Hie
2242 3216 2346 3279 Sol
2374 3214 2532 3278 distat

463 3318 542 3380 ab
569 3312 860 3405 Angelis,
888 3318 1038 3382 sicut
1064 3317 1168 3381 Sol
1199 3316 1414 3383 Mundi
1448 3318 1732 3382 naturalis
1772 3318 1848 3380 ab
1888 3317 2259 3391 hominibus,
2312 3322 2532 3402 propter

464 3439 735 3494 causam,
787 3441 860 3482 ne
892 3418 1045 3481 nude
1073 3428 1129 3482 et
1155 3418 1237 3481 sic
1265 3418 1596 3482 immediate
1626 3428 1894 3505 tangeret
1913 3419 2077 3492 illos,
2129 3439 2265 3482 nam
2296 3417 2380 3482 sic
2409 3434 2531 3479 con·

460 3529 867 3594 sumerentur,
915 3519 1065 3582 sicut
1089 3519 1264 3604 stipes
1289 3519 1535 3601 injectus
1564 3521 1722 3583 nudo
1746 3520 1888 3594 soli,
1945 3530 2006 3582 ut
2032 3519 2250 3582 dictum
2278 3527 2386 3583 est.
2453 3513 2526 3578 Ex

460 3616 864 3682 his-constare
912 3628 1135 3706 potest,
1198 3619 1355 3705 quod
1402 3621 1673 3683 meritum
1719 3627 1778 3683 et
1820 3620 2038 3705 justitia
2084 3619 2355 3695 Domini,
2408 3615 2527 3704 quia

459 3727 597 3782 sunt
628 3740 772 3805 pure
800 3719 1047 3795 Divina,
1098 3719 1554 3807 haudquaquam
1592 3722 1810 3807 possint
1849 3742 1955 3806 per
1994 3720 2439 3805 imputationem
2475 3715 2526 3778 iu

458 3818 713 3906 aliquem
743 3821 1016 3906 angelum
1045 3831 1145 3884 aut
1174 3820 1467 3886 hominem
1495 3820 1725 3900 inferri,
1775 3822 1894 3885 imo
1934 3822 1982 3885 si
2020 3821 2216 3908 aliqua
2243 3822 2395 3884 stilla
2422 3820 2526 3904 ejus

458 3941 583 3984 non
627 3920 707 3984 ita
750 3923 1087 3999 moderata,
1141 3932 1203 3986 nt
1251 3923 1469 3988 dictum
1513 3932 1632 4000 est,
1685 3933 1953 4009 tangeret
1992 3921 2153 3995 illos,
2202 3921 2359 3986 illico
2395 3922 2525 3985 sicut

455 4020 794 4087 laborantes
822 4045 954 4087 cum
982 4033 1171 4088 morte
1199 4032 1647 4110 torquerentur,
1698 4023 1954 4089 luxando
1998 4022 2273 4111 pedibuS,
2328 4019 2523 4086 divari-

462 4121 647 4184 cando
688 4122 917 4199 oculos,
970 4135 1029 4188 et
1066 4124 1561 4188 exanimarentur.
1640 4123 1777 4186 Hoc
1816 4124 1873 4185 in
1921 4122 2179 4188 Ecclesia
2220 4122 2519 4188 Israelitica

461 4230 665 4287 notum
693 4221 909 4289 factum
939 4235 1027 4291 est
1056 4247 1160 4314 per
1183 4223 1327 4302 hoc,
1384 4222 1539 4308 quod
1578 4243 1751 4286 nemo
1794 4224 1971 4309 possit
2011 4222 2206 4291 videre
2247 4224 2435 4290 Deum
2474 4226 2523 4284 et
