2750 4775
40 3276 41 3283 *
40 3166 41 3171 Α
37 3062 45 3103 ο·-
37 2948 47 3003 -f
40 2860 49 2899 n.-
42 2844 45 2849 -
38 2760 49 2805 ἡ
38 2659 51 2703 “
37 2562 49 2601 -1

957 336 1052 396 xl.
1137 335 1674 389 IMPUTATIO.
2282 350 2384 401 ¹67

270 489 591 556 meditatus
628 509 757 553 sum
786 487 858 551 de
884 486 1066 553 Caelo
1096 496 1154 551 et
1184 486 1459 561 Inferna,
1514 487 1679 574 caepi
1722 487 2057 554 desiderare
2097 490 2386 580 coguitio-

270 613 407 658 nem
437 589 835 656 universalem
861 588 935 652 de
975 597 1134 653 statu
1176 589 1518 674 utriusque3
1569 588 1760 656 sciens
1800 591 1956 676 quod
2004 591 2104 676 qui
2145 591 2386 659 univer·

265 692 414 758 salia
454 690 595 766 scit,
652 699 854 776 postea
897 688 1078 776 possit
1104 685 1613 776 comprehendere
1654 688 2005 775 singularia,
2058 692 2195 779 quia
2235 692 2385 759 haec

262 801 409 859 sunt
436 791 496 853 in
523 791 665 866 illis,
719 790 870 853 sicut
915 798 1112 876 partes
1149 798 1288 854 sunt
1330 789 1393 852 in
1433 789 1751 860 communi.
1833 788 1901 853 In
1941 788 2062 853 hoc
2097 790 2386 858 desiderio

259 893 534 981 spectavi
574 889 986 955 adsl'ractum
1032 890 1198 954 illurn
1248 889 1309 951 in
1358 890 1532 977 plaga
1581 889 2030 976 septentrionali
2075 912 2257 977 prope
2312 894 2386 957 ad

263 991 623 1068 Orientem,
689 991 789 1055 ubi
842 990 1000 1055 Loca
1047 989 1453 1054 instructionis
1503 998 1702 1065 erant,
1773 998 1829 1051 et
1875 1012 1980 1078 per
2034 991 2187 1055 viam
2244 990 2387 1058 mihi

266 1104 420 1160 tunc
447 1102 715 1179 apertam
754 1091 896 1155 illuc
937 1090 1108 1167 vadi,
1163 1110 1233 1153 ac
1274 1089 1494 1154 intravi
1535 1089 1595 1151 in
1638 1111 1820 1154 unum
1867 1091 2227 1177 Collegium,
2285 1093 2388 1160 ubi

263 1202 446 1259 eraut
505 1192 617 1257 viri
655 1194 932 1275 juvenes;
986 1200 1047 1255 et
1090 1190 1246 1255 adivi
1293 1191 1375 1254 ihi
1426 1187 1943 1256 Archididascalos
1985 1192 2088 1277 qui
2136 1192 2391 1260 instrue-

264 1295 452 1369 bant,
507 1303 566 1355 et
606 1292 879 1379 quaesivi
931 1290 1094 1365 illos,
1163 1311 1300 1353 num
1346 1290 1539 1355 sciant
1583 1291 1942 1355 universalia
1985 1291 2058 1355 de
2095 1293 2282 1358 Caelo
2328 1305 2388 1357 et

263 1393 550 1464 Inferum
603 1404 661 1456 et
688 1393 1156 1480 responderunt,
1206 1391 1366 1475 quod
1406 1394 1597 1456 sciant
1637 1392 1860 1477 aliquid
1902 1413 2141 1478 parum;
2194 1395 2295 1458 sed
2336 1396 2386 1459 si

257 1503 605 1583 spectamus
632 1514 838 1558 versus
863 1494 1173 1559 Orientem
1202 1491 1276 1556 ad
1306 1491 1666 1567 Dominum,
1701 1492 2132 1556 illustrabimur
2154 1504 2210 1558 et
2240 1494 2386 1559 seie-

262 1616 437 1666 mus;
490 1605 548 1659 et
603 1593 869 1658 fecerunt
917 1595 1031 1668 ita,
1082 1602 1142 1658 et
1188 1592 1498 1668 dixerunt,
1555 1593 1931 1658 Universalia
1978 1591 2205 1656 Inferni
2248 1604 2386 1660 sunt

264 1696 422 1771 tria,
473 1695 575 1760 sed
604 1694 981 1760 Universalia
1009 1691 1241 1758 Inferni
1266 1703 1404 1757 sunt
1431 1716 1463 1756 e
1491 1693 1786 1759 diametro
1826 1693 2096 1780 opposita
2124 1693 2383 1760 Univer-

259 1794 490 1861 salibus
517 1794 707 1868 Caeli;
764 1793 1140 1860 Universalia
1171 1792 1395 1857 Inferni
1427 1801 1564 1857 sunt
1602 1793 1663 1855 hi
1705 1803 1825 1857 tres
1862 1795 2143 1871 Amores,
2195 1797 2383 1860 Amor

259 1895 614 1960 dominandi
658 1916 729 1958 ex
773 1916 977 1959 amore
1019 1895 1139 1967 sui3
1201 1889 1392 1958 Amor
1437 1893 1768 1981 possidendi
1816 1892 2065 1957 aliorum
2114 1894 2271 1960 bona
2311 1916 2385 1959 ex

263 2017 476 2060 amore
525 1994 761 2066 mundi;
812 2004 872 2059 et
912 1993 1101 2060 Amor
1145 1993 1568 2058 scortatorius:
1638 1992 2015 2058 Universalia
2057 1992 2218 2060 Caeli
2272 1995 2385 2061 illis

261 2096 539 2184 opposita
565 2105 703 2160 sunt
729 2095 787 2159 hi
820 2105 940 2160 tres
968 2115 1231 2170 amores,
1284 2091 1474 2159 Amor
1502 2093 1841 2157 dominandi
1871 2115 1944 2158 ex
1974 2115 2177 2161 amore
2211 2118 2377 2170 usus;

257 2195 454 2261 Amor
483 2194 816 2284 possidendi
846 2195 1002 2259 bona
1033 2192 1234 2256 mundi
1275 2214 1349 2255 ex
1388 2215 1589 2262 amore
1629 2192 1879 2260 faciendi
1920 2218 2059 2260 usus
2100 2218 2205 2284 per
2248 2196 2378 2273 illa;
2427 2185 2435 2191 ’

260 2305 327 2360 et
353 2295 542 2362 Amor
571 2315 715 2360 vere
742 2293 1123 2382 Coniugialis.
1207 2293 1319 2358 His
1362 2293 1530 2359 dictis
1573 2303 1703 2383 post
1743 2296 2007 2361 votivum
2053 2297 2211 2384 pacis
2257 2298 2376 2362 abii

261 2405 328 2460 et
355 2396 503 2461 redii
536 2396 797 2458 domum.
878 2397 1077 2477 Quum
1120 2393 1279 2459 domi
1321 2415 1519 2470 eram,
1565 2396 1789 2460 'dictum
1823 2397 1967 2460 mihi
1996 2408 2085 2464 est
2112 2420 2144 2462 e
2172 2398 2375 2479 Caelo,

260 2496 452 2560 lustra
485 2494 585 2559 illa
614 2495 729 2558 tria
759 2493 1130 2561 Universalia
1158 2516 1333 2581 supra
1352 2505 1422 2561 et
1456 2496 1642 2571 infra,
1698 2506 1756 2560 et
1798 2508 2003 2584 postea
2045 2497 2378 2568 videbimus

261 2596 366 2659 illa
397 2597 455 2660 in
488 2614 666 2659 manu
699 2607 830 2668 tua;
883 2596 1192 2661 dicebatur
1234 2596 1292 2660 in
1322 2618 1533 2673 manu,
1587 2599 1724 2683 quia
1766 2600 1963 2663 omnia
2007 2620 2159 2686 quae
2195 2600 2377 2666 homo

257 2697 571 2762 intellectu
620 2696 864 2772 lustrat,
939 2706 1230 2782 apparent
1272 2695 1515 2783 Angelis
1562 2698 1714 2763 sicut
1760 2698 2038 2786 iuscripta
2086 2701 2375 2766 manibus.

259 2798 471 2878 Quare
499 2797 727 2861 dicitur·
745 2797 803 2859 in
819 2794 1191 2887 Apocalypsi,
1211 2799 1374 2883 quod
1394 2797 1813 2863 Characterem
1843 2801 2175 2886 acceperint
2200 2823 2380 2890 super

255 2898 460 2964 fronte
488 2907 549 2961 et
573 2919 751 2986 super
776 2919 972 2974 manu,
1000 2898 1141 2986 Cap.
1166 2898 1344 2963 XIII:
1383 2903 1481 2963 16.
1506 2898 1644 2986 Cap.
1672 2899 1846 2964 XIV:
1882 2904 1937 2962 9.
1966 2896 2108 2986 Cap.
2132 2900 2277 2967 XX:
2313 2903 2372 2965 4.

414 2999 559 3064 Post
601 2998 748 3062 haec
786 2999 1030 3064 lustravi
1060 2998 1326 3065 Primum
1365 2998 1649 3065 Amorem
1694 2999 2086 3083 universalem
2128 3000 2375 3077 Inferni,

251 3097 363 3184 qui
405 3109 535 3163 erat
564 3097 753 3163 Amor
793 3099 1135 3165 dominandi
1175 3121 1243 3163 ex
1286 3121 1489 3163 amore
1535 3100 1656 3174 sui,
1710 3110 1766 3162 et
1803 3111 2006 3188 postea
2048 3101 2130 3165 illi
2179 3122 2376 3165 corre·

249 3199 649 3286 spondentem
676 3220 940 3263 amorem
987 3200 1380 3265 universalem
1411 3199 1606 3275 Caeli,
1660 3202 1759 3287 qui
1799 3210 1927 3264 erat
1956 3199 2145 3265 Amor
2189 3199 2375 3263 domi·

248 3300 441 3365 nandi
472 3321 544 3363 ex
572 3301 795 3364 Amore
827 3312 1066 3371 usuum}
1122 3321 1241 3362 non
1283 3301 1437 3363 enim
1480 3297 1622 3365 mihi
1664 3299 1823 3364 licuit
1865 3321 2052 3365 unum
2088 3297 2369 3363 Amorem

249 3400 484 3485 absque
515 3398 706 3463 altero
749 3399 1035 3473 lustrare,
1091 3401 1228 3486 quia
1272 3398 1613 3464 Intellectus
1660 3423 1774 3463 non
1816 3400 2062 3487 percipit
2103 3421 2369 3465 amorem

248 3521 444 3565 unum
491 3500 715 3585 absque
762 3500 984 3576 altero,
1034 3510 1171 3564 sunt
1219 3501 1373 3563 enim
1425 3502 1707 3589 oppositi;
1763 3522 1954 3587 quare
2004 3509 2068 3563 ut
2122 3510 2372 3587 uterque

252 3599 652 3688 percipiatur,
705 3601 985 3665 sistentur
1011 3601 1075 3671 iu=
1099 3602 1404 3689 opposito,
1451 3623 1601 3666 unus
1628 3610 1834 3666 contra
1865 3601 2150 3675 alterum;
2191 3601 2371 3670 facies

248 3700 414 3765 enim
447 3699 690 3784 pulchra
719 3710 776 3777 et
807 3700 1066 3764 formosa
1097 3702 1289 3765 elucet
1318 3721 1389 3762 ex
1428 3702 1695 3789 opposita
1739 3701 1819 3765 illi
1860 3701 2013 3767 facie
2042 3703 2372 3791 impulrhra

248 3810 311 3866 et
344 3799 614 3866 deformi.
695 3800 841 3869 Cum
875 3801 1156 3867 ventilavi
1200 3802 1481 3867 Amorem
1525 3802 1865 3865 dominandi
1909 3824 1979 3866 ex
2018 3825 2221 3868 amore
2261 3805 2370 3879 sui,

244 3902 461 3967 datum
482 3914 591 3968 -est
635 3903 969 3989 percipere,
1020 3902 1181 3990 quod
1223 3902 1319 3964 hic
1358 3899 1547 3966 Amor
1591 3911 1741 3968 esset
1779 3924 2005 3966 summe
2048 3904 2375 3981 infernalis,

246 4011 309 4068 et
349 4001 490 4066 inde
522 4003 681 4091 apud
714 4002 972 4089 illos-qui
1013 4002 1074 4066 in
1118 4001 1579 4091 profundissimo
1611 4003 1856 4069 Inferno
1883 4014 2051 4075 sunt,-
2106 4015 2164 4066 et
2209 4003 2371 4089 quod

247 4099 445 4169 Amor
471 4102 813 4170 dominandi
855 4125 926 4191 ea
954 4123 1161 4168 amore
1193 4124 1438 4179 usuum,
1487 4113 1643 4169 esset
1685 4122 1913 4170 summe
1956 4103 2255 4176 caelestis,
2311 4110 2371 4163 et

246 4202 390 4269 inde
421 4204 575 4294 apud
605 4204 737 4271 illos
762 4205 953 4292 quiin
980 4222 1260 4292 supremo
1288 4201 1472 4269 Caelo
1509 4215 1659 4270 suut.
1701 4232 1706 4237 ⁴
1742 4201 1919 4281 Quod
1956 4199 2142 4267 Amor
2183 4199 2371 4262 domi-
