2750 4775
708 354 988 435 murex
1027 380 1765 437 MEMonAmmuM.
2186 397 2288 446 ω

306 544 443 603 runt
468 533 802 622 Principem
836 533 1221 599 instruentem
1262 535 1394 602 illos
1436 538 1508 601 de
1550 530 1796 601 Gan'diis
1840 537 2204 605 Caelestibus
2242 550 2304 603 et

304 637 377 701 de
435 633 740 706 Felicitate
791 645 1072 713 aeterna,
1149 638 1306 723 quod
1363 638 1750 703 essentialiter
1802 640 2187 705 consisterent
2241 643 2300 704 in

303 736 679 803 Beatitudine
723 736 986 811 interna,
1036 745 1097 800 et
1134 760 1205 802 ex
1249 738 1360 802 hac
1401 738 1461 802 in
1502 738 1984 814 Jucnnditatibus
2023 742 2298 817 externis,

303 847 362 902 et
376 837 538 926 quod
567 838 872 902 beatitudo
899 839 1131 902 interna
1160 859 1324 903 suam
1354 840 1663 907 essentiam
1686 841 1863 904 ducat
1889 862 1961 905 ex
1987 839 2298 905 affectione

305 960 469 1012 usus,
518 960 588 1001 n:
636 940 780 1003 743.
858 939 1000 1004 Post
1029 940 1338 1027 prandium
1372 962 1445 1005 ex
1477 941 1754 1006 mandato
1783 942 2070 1027 Principis
2103 962 2296 1005 arces-

299 1040 396 1104 siti
417 1050 561 1104 sunt
588 1040 823 1125 quidam
852 1042 1147 1129 sapientes
1170 1040 1483 1106 societatis
1501 1088 1520 1116 ,
1571 1042 1670 1127 qui
1700 1044 1866 1128 plene
1892 1042 2024 1106 illos
2048 1038 2300 1107 instrue-

305 1141 450 1206 bant
489 1143 629 1228 quid
674 1151 733 1202 et
787 1141 942 1207 unde
998 1142 1297 1206 beatitudo
1351 1143 1615 1219 interna,
1680 1164 1832 1230 quae
1882 1154 1967 1208 est
2023 1144 2296 1209 Felicitas

303 1252 577 1329 aeterna,
632 1251 690 1304 et
717 1243 874 1327 quod
903 1243 1052 1308 baec
1088 1242 1295 1318 faciat,
1352 1253 1415 1306 ut
1442 1243 1861 1307 Jucunditates
1879 1254 2155 1306 externae
2181 1246 2298 1308 sint

257 1382 262 1387 -
303 1341 569 1419 Gaudia,
623 1353 857 1429 praeter
884 1343 1053 1431 plura
1082 1343 1153 1407 de
1180 1342 1266 1409 his
1296 1353 1358 1408 et
1383 1344 1523 1419 illis,
1565 1365 1632 1405 n:
1690 1349 1817 1408 745
1847 1346 1920 1409 ad
1948 1349 2099 1408 746.
2154 1345 2298 1409 Post

301 1444 451 1509 haec
481 1445 681 1509 datum
710 1455 797 1508 est
824 1436 935 1510 illis
955 1443 1163 1507 ,videre
1191 1445 1442 1531 Nuptias
1479 1447 1535 1508 in
1569 1445 1669 1509 illo
1699 1445 1913 1520 Caelo,
1963 1446 2035 1508 de
2065 1446 2295 1531 quibus»,

241 1588 244 1589 ν
300 1567 373 1609 n:
432 1547 558 1609 747
588 1546 662 1610 ad
694 1546 837 1608 749.
916 1547 993 1611 Et
1035 1546 1269 1610 demum
1301 1547 1632 1611 auscultare
1663 1547 2193 1621 Praedicationem‚
2224 1569 2296 1610 n:

308 1650 455 1710 750.
488 1650 633 1711 751.
690 1645 921 1726 Quibus
948 1647 1219 1711 omnibus
1248 1648 1384 1710 visis
1413 1658 1469 1709 et
1498 1647 1743 1722 auditis,
1775 1648 1928 1736 pleni
1960 1648 2299 1732 cognitione

305 1747 379 1808 de
407 1746 619 1821 Caelo,
671 1756 731 1810 et
759 1746 894 1811 laeti
921 1748 1131 1837 corde,
1185 1748 1645 1823 descenderunt,
1699 1766 1765 1811 ne
1815 1753 1961 1814 752.

204 1846 507 1912 LXXVII.
562 1846 771 1934 Agitur
797 1847 874 1909 ibi
903 1849 976 1912 de
1002 1846 1493 1932 Revera-noum
1538 1850 1696 1936 quod
1726 1849 2007 1935 placuerit
2034 1848 2296 1913 Domino

303 1947 381 2013 se
410 1947 787 2015 manifestare
825 1948 995 2024 mibi,
1048 1959 1109 2013 et
1139 1948 1372 2037 aperire
1417 1951 1698 2015 interiora
1726 1950 1943 2018 Mentis
1983 1970 2181 2024 meae,
2236 1959 2297 2013 et

302 2052 383 2114 sic
412 2049 555 2113 dare
584 2049 783 2114 videre
815 2071 966 2136 quae
1006 2051 1066 2113 in
1094 2051 1274 2115 Caelo
1315 2062 1375 2114 et
1416 2051 1659 2117 Inferno
1696 2062 1870 2128 sunt,
1919 2061 1975 2113 et
2017 2050 2173 2136 quod
2214 2052 2297 2115 sic

305 2150 593 2214 detexerit
637 2148 907 2224 Arcana,
977 2173 1129 2238 quae
1175 2151 1515 2215 excellentia
1571 2164 1631 2216 et
1675 2153 1956 2239 dignitate
2010 2150 2297 2216 excedunt

183 2252 190 2260 ’
305 2249 539 2315 Arcana
568 2251 851 2316 hactenns
876 2250 1137 2328 detecta,
1191 2273 1341 2341 quae
1368 2261 1537 2328 sunt,
1620 2253 1664 2316 Ι.
1710 2254 1882 2334 Quod
1925 2252 1984 2314 in
2028 2251 2298 2337 omnibus

305 2361 366 2417 et
390 2353 632 2439 singulis
659 2352 844 2417 Verbi
867 2352 942 2417 sit
968 2353 1199 2419 Sensus
1225 2373 1638 2434 SPIRITUALJS,
1689 2356 1788 2441 qui
1818 2376 1937 2420 non
1968 2364 2211 2441 apparet
2240 2353 2297 2417 in

304 2476 479 2518 sensu
517 2454 762 2524 literam,
810 2462 869 2515 et
907 2454 1068 2540 quod
1109 2455 1242 2519 ideo
1288 2455 1553 2518 Verbum
1597 2477 1701 2543 per
1738 2456 2301 2543 correspondentias
2366 2453 2375 2468 ⁸

304 2553 703 2643 spiritualium
756 2576 885 2617 cum
932 2556 1320 2620 Naturalibus
1366 2557 1760 2644 conscriptum
1805 2558 1895 2622 sit.
1995 2557 2073 2621 ΙΙ.
2126 2558 2299 2637 Quod

308 2656 465 2741 ipsae
499 2655 1177 2732 conansponnnm-m,
1232 2658 1436 2744 quales
1478 2668 1647 2733 sunt,
1702 2658 2109 2723 manifestatae
2164 2658 2298 2722 sint.

305 2756 414 2822 Ill.
469 2757 547 2821 Et
576 2778 812 2843 quoqne
841 2756 913 2820 de
941 2757 1096 2821 vm
1139 2777 1453 2823 nonnum
1489 2779 1640 2822 pos-r
1676 2779 1964 2822 monum.
2049 2757 2148 2834 lv„
2206 2759 2297 2823 De

304 2857 513 2922 Cal-,Lo
568 2867 625 2921 et
679 2857 979 2934 lsrssnno,
1061 2860 1238 2943 quale
1289 2880 1470 2923 unum
1532 2869 1590 2922 et
1645 2859 1815 2945 quale
1881 2858 2163 2931 alterum;
2241 2867 2347 2923 et¹

303 2980 541 3045 quoque
586 2960 658 3022 de
713 2957 1038 3023 BAP'nsmo
1081 2967 1141 3022 et
1184 2959 1429 3025 Sanora
1460 2960 1690 3025 eamr.
1796 2960 1866 3025 V.
1922 2959 2011 3023 De
2040 2957 2199 3023 Some
2237 2959 2296 3021 in

185 3119 196 3124 ,
305 3060 534 3126 Mundo
603 3058 905 3146 Spirituali
936 3106 954 3134 ,
1046 3061 1205 3147 quod
1270 3061 1345 3125 sit
1411 3082 1594 3145 purus
1663 3059 1849 3124 Amor
1916 3081 1949 3123 a
2016 3058 2299 3134 Domino,

303 3161 405 3247 qui
442 3162 503 3223 in
541 3160 741 3224 medio
784 3160 907 3245 ejus
951 3170 1075 3239 est,
1126 3182 1194 3224 ex
1247 3183 1366 3248 quo
1408 3160 1731 3247 procedens
1774 3161 1899 3225 Lux
1946 3170 2034 3224 est
2073 3160 2300 3246 sapien-

306 3263 418 3338 tia,
470 3270 529 3323 et
558 3262 879 3349 procedens
906 3261 1084 3327 Calor
1110 3272 1198 3326 est
1234 3260 1449 3337 Amor,
1502 3271 1560 3324 et
1596 3263 1679 3325 sic
1719 3264 1876 3349 quod
1911 3261 2044 3324 inde
2089 3262 2161 3325 sit
2203 3261 2300 3324 Fi-

302 3363 407 3427 des
460 3372 520 3425 et
576 3361 880 3438 Charita55
958 3372 1015 3426 et
1067 3362 1224 3449 quod
1281 3362 1417 3425 inde
1473 3362 1669 3427 omnia
1739 3385 1892 3448 quae
1959 3359 2303 3449 procedunt,

298 3465 415 3527 sint
467 3463 839 3550 Spiritualia,
908 3474 966 3526 et
1018 3464 1103 3527 sic
1158 3466 1322 3536 viva;
1396 3451 1473 3526 et'
1508 3464 1663 3550 quod
1717 3464 1819 3528 Sol
1872 3463 2083 3528 Mundi
2131 3472 2302 3526 natu-

302 3564 441 3642 ralis
480 3565 554 3629 sit
595 3584 773 3650 purus
811 3563 991 3651 ignis,
1046 3574 1115 3628 et.
1141 3565 1277 3628 inde
1307 3564 1464 3651 quod
1507 3566 1701 3628 omnia
1746 3561 1898 3653 quae
1939 3584 2012 3629 ex
2049 3564 2162 3629 hoc
2193 3564 2302 3628 So·

302 3664 389 3741 le,
442 3664 557 3740 sint
588 3665 911 3741 naturalia,
968 3677 1025 3732 et
1057 3667 1138 3731 sic
1178 3678 1432 3731 mortua.
1535 3666 1636 3732 vl.
1693 3666 1866 3746 Quod
1908 3675 2026 3730 tres
2068 3663 2301 3729 Gradus

299 3767 451 3844 sint,
502 3765 1046 3853 hactenusigneti.¹
1096 3767 1230 3831 Vll.
1287 3768 1361 3831 Et
1392 3771 1694 3855 praeterea
1726 3770 1797 3834 de
1830 3769 2090 3833 Ummo
2114 3766 2295 3830 3131)]-

227 3899 232 3906 ·
308 3885 443 3940 clo;
489 3867 663 3947 Quod
694 3867 991 3932 Donamus
1016 3869 1344 3933 SALvA'roR
1372 3890 1468 3934 sn·
1492 3870 1668 3933 nnus
1694 3869 1882 3935 cim
1912 3889 1990 3933 ET
2013 3867 2299 3931 TERRAE:

303 3969 375 4033 de
416 3970 611 4034 NovA
649 3968 983 4044 Eccuzsu,
1034 3969 1246 4055 eteius
1287 3969 1611 4044 Doctrina;
1666 3971 1737 4033 de
1777 3969 2021 4036 lncoms
2060 3968 2302 4032 Pum-

303 4090 553 4142 TARUM3
609 4077 669 4136 ,et
697 4068 768 4132 de
795 4070 1190 4138 TELLumnus
1216 4070 1275 4132 in
1304 4070 1633 4147 Universa,
1677 4093 1747 4134 n:
1793 4071 1939 4136 846.
2006 4068 2175 4133 vlu.
2206 4063 2303 4130 In-

301 4192 479 4258 super
522 4169 592 4235 de
633 4155 867 4236 AMORE
907 4169 1324 4246 Comumann
1376 4179 1436 4234 et
1478 4172 1639 4259 quod
1673 4172 1749 4238 sit
1787 4155 2107 4259 spiritualis¹
2146 4165 2299 4256 apud

303 4270 671 4362 spirituales,
763 4270 1252 4362 naturalis'apud
1308 4270 1642 4346 natur-ales,
1732 4282 1790 4334 et
1843 4270 2092 4334 carnalis
2146 4266 2300 4355 apud
