2750 4775
430 326 498 379 X.
579 324 1179 377 REFORMATIO
1233 324 1339 375 ΕΤ
1394 323 2063 377 REGENERATIO.
2224 333 2329 384 115

231 499 267 551 ,a
298 477 558 542 Domino
587 486 726 541 tunc
764 479 1137 543 consociatur
1160 474 1401 565 Angelis
1428 477 1621 553 Caeli,
1673 479 2012 579 quigomnes
2033 488 2170 546 sunt
2210 479 2329 567 spi-

230 579 494 644 rituales,
572 580 746 660 Quod
788 581 1172 647 Tentationes
1202 579 1501 663 ‘hactenus
1555 601 1674 642 non
1724 590 1899 643 notae
1944 580 2196 654 fuerint,
2267 590 2328 646 et

233 682 397 767 quod
442 681 539 744 vix
579 681 788 767 aliquis
826 681 1097 757 sciverit,
1149 679 1304 743 unde
1343 688 1404 743 et
1442 679 1643 765 quales
1686 691 1851 755 sunt,
1905 692 1963 743 et
2006 682 2141 768 quid
2182 682 2325 747 boni

230 782 590 869 producunt,
642 793 728 844 est
757 804 964 857 causa,
1009 783 1145 868 quia
1178 780 1439 845 Ecclesia
1467 780 1751 845 hacteuus
1780 804 1896 844 non
1927 783 1984 843 in
2014 783 2168 846 veris
2197 781 2326 858 fuit,

229 884 292 945 in
323 883 482 946 veris
510 904 685 947 nemo
715 894 819 958 est,
875 884 979 948 nisi
1009 883 1109 969 qui
1134 882 1470 946 immediate
1505 882 1627 947 adit
1658 883 2013 958 Dominum,
2067 892 2126 945 et
2152 881 2326 946 fidem

228 984 497 1072 priorem
528 984 734 1070 rejicit,
789 995 846 1047 et
874 1006 1089 1047 novam
1124 983 1517 1068 amplectitur,
1569 984 1702 1046 inde
1731 993 1837 1059 est,
1890 983 2046 1069 quod
2076 1004 2194 1048 non
2224 983 2330 1046 ali-

225 1087 368 1174 quis
395 1086 454 1147 in
481 1087 779 1170 quandam
819 1086 1180 1171 spiritualem
1223 1085 1606 1149 tentationem
1649 1107 1681 1148 a
1717 1086 1969 1151 saeculis
2011 1085 2332 1155 numeratis

230 1210 266 1252 a
308 1187 585 1262 saeculo,
649 1187 884 1271 quando
928 1186 1204 1277 Synodus
1248 1186 1514 1250 Nicaena
1561 1185 1881 1249 introduxit
1928 1185 2097 1249 fidem
2152 1185 2327 1251 trium

229 1288 538 1363 Deorum,
591 1288 874 1352 admissus
911 1288 1018 1363 sit,
1071 1309 1207 1351 nam
1246 1288 1294 1351 si
1338 1287 1622 1352 admissus
1653 1286 1890 1362 fuisset,
1944 1286 2098 1351 illico
2125 1307 2331 1353 succu-

232 1390 482 1464 buisset,
530 1398 592 1452 et
615 1389 785 1453 sicin
814 1387 1103 1452 infernum
1132 1410 1192 1452 se
1223 1386 1569 1474 profundius
1598 1388 2122 1476 praecipitavisset:
2176 1388 2331 1452 Con·

228 1490 401 1554 tritio
447 1511 599 1577 quae
637 1490 976 1576 perhibetur
1020 1490 1366 1576 praecedere
1414 1488 1759 1554 hodiernam
1809 1490 2043 1566 Fidem,
2095 1510 2215 1554 non
2244 1498 2333 1554 est

227 1593 555 1667 Tentatio,
606 1592 868 1676 quaesivi
925 1592 1246 1679 permultos
1289 1590 1360 1659 de
1404 1590 1539 1666 illa,
1593 1603 1650 1654 et
1693 1591 2003 1667 dixerunt,
2057 1589 2215 1678 quod
2258 1591 2335 1654 sit

230 1713 358 1759 vox
386 1702 446 1755 et
475 1702 777 1780 praeterea
806 1690 983 1768 nihil,
1032 1692 1138 1757 nisi
1167 1691 1320 1756 sorte
1359 1693 1434 1755 sit
1462 1692 1658 1779 aliqua
1699 1692 1898 1756 timida
1945 1692 2220 1780 cogitatio
2260 1690 2333 1756 de

228 1798 378 1882 igne
405 1792 612 1858 inferni
640 1794 807 1881 apud
832 1793 1132 1880 simplices.

398 1899 541 1958 598.
612 1894 810 1961 Homo
849 1903 977 1982 post
1021 1903 1374 1958 transactam
1418 1854 1830 1958 'sentationem
1871 1905 1960 1960 est
2000 1893 2193 1982 quoad
2235 1893 2333 1957 In-

233 2011 476 2062 ternum
504 1995 844 2061 hominem
829 2017 887 2059 in
917 1995 1128 2070 Caelo,
1181 2005 1240 2057 et
1267 2015 1370 2081 per
1401 1994 1767 2058 Externum
1753 2018 1809 2058 in
1838 1982 2093 2070 Mundo,
2147 2016 2333 2082 quare

238 2119 351 2184 per
390 2097 745 2163 tentationes
790 2096 944 2183 apud
982 2094 1279 2160 hominem
1324 2093 1388 2158 fit
1429 2097 1762 2182 conjunctio
1802 2097 1962 2160 Caeli
2003 2107 2063 2161 et
2101 2095 2332 2171 Mundi,

235 2210 301 2264 et
347 2209 487 2261 tunc
533 2197 820 2260 Dominus
871 2196 1027 2282 apud
1085 2196 1245 2259 illum
1299 2195 1619 2259 secundum
1680 2198 1942 2262 ordinem
2002 2199 2153 2285 regit
2210 2198 2333 2283 ejus

241 2298 533 2381 mundum
574 2319 606 2362 e
645 2296 842 2360 Caelo.
909 2295 1284 2379 Contrarium
1332 2295 1426 2372 iit,
1451 2326 1454 2335 f
1483 2298 1530 2361 si
1572 2296 1754 2363 homo
1791 2309 1988 2364 manet
2027 2299 2328 2374 naturalis,

241 2412 391 2463 tunc
429 2398 676 2485 discupit
714 2398 811 2461 ille
849 2398 1387 2484 regereCaelume
1417 2399 1668 2473 Mundo;
1723 2401 1855 2465 talis
1898 2400 1961 2465 fit
2000 2401 2190 2467 omnis
2230 2401 2332 2490 qui

242 2504 310 2564 in
339 2522 538 2565 amore
567 2499 908 2563 dominandi
946 2519 1016 2561 ex
1055 2521 1254 2564 amore
1282 2501 1368 2563 sui
1401 2511 1516 2574 est,
1565 2499 1664 2580 ⁸hic
1690 2504 1736 2565 si
1765 2504 2109 2568 intrinsecus
2135 2505 2333 2592 explo-

242 2611 445 2677 ratur,
500 2624 615 2665 non
645 2601 830 2665 credit
877 2601 935 2664 in
975 2600 1227 2687 aliquem
1255 2601 1447 2665 Deum
1475 2604 1574 2665 sed
1603 2604 1662 2665 in
1687 2625 1780 2675 se;
1836 2614 1893 2668 et
1924 2614 2332 2690 postmortem

238 2704 432 2767 credit
473 2703 636 2768 illum
671 2703 864 2767 Deum
913 2723 1069 2779 esse,
1123 2703 1220 2789 qui
1266 2702 1522 2789 potentia
1562 2726 1739 2791 super
1778 2705 1922 2769 alios
1961 2706 2147 2780 valet;
2203 2704 2335 2770 talis

233 2805 467 2869 insania
497 2815 585 2869 est
608 2805 668 2867 in
697 2802 960 2878 inferno,
1013 2825 1166 2889 quae
1195 2826 1265 2867 eo
1295 2826 1479 2890 usque
1506 2827 1567 2869 se
1598 2805 2006 2894 profundavit,
2060 2816 2125 2870 ut
2152 2807 2330 2893 aliqui

232 2928 307 2971 se
349 2907 545 2969 dicant
587 2906 775 2969 Deum
819 2906 1056 2970 Patrem
1097 2926 1252 2981 esse,
1307 2905 1485 2992 aliqui
1515 2907 1705 2970 Deum
1751 2906 2000 2981 Filium,
2054 2918 2113 2971 et
2152 2907 2334 2995 aliqui

235 3009 438 3088 Deum
483 3007 751 3092 spiritum¹
790 3014 1055 3070 sanctum
1078 3057 1093 3080 ‚
1139 3016 1198 3070 et
1237 3008 1392 3096 inter
1428 3006 1695 3074 Judaeos
1732 3008 1909 3094 aliqui
1936 3027 2001 3072 se
2024 3027 2148 3074 esse
2177 3009 2333 3072 Mes-

231 3109 409 3174 siam.
482 3107 624 3171 lude
665 3116 859 3195 patet,
912 3107 1099 3193 qualis
1136 3107 1314 3171 homo
1356 3106 1422 3170 fit
1463 3117 1591 3195 post
1637 3118 1919 3183 mortem,
1970 3109 2019 3172 si
2050 3109 2336 3173 naturalis

232 3209 428 3274 homo
470 3230 586 3273 non
627 3218 1042 3294 regeneratur,
1097 3208 1341 3292 proinde
1380 3210 1567 3294 qualis
1605 3208 1772 3272 fieret
1808 3211 1864 3273 in
1896 3205 2234 3296 phantasia,
2284 3209 2332 3272 si

232 3331 365 3375 non
409 3331 562 3373 nova
608 3309 869 3374 Ecclesia
909 3330 943 3372 a
983 3309 1241 3372 Domino
1286 3309 1749 3385 instauraretur,
1816 3312 1873 3374 iu
1918 3330 2034 3397 qua
2080 3310 2333 3397 genuina

231 3432 386 3477 vera
429 3411 743 3488 docentur:
811 3408 928 3473 tale
970 3410 1313 3497 intelligitur
1352 3430 1458 3498 per
1498 3410 1647 3474 haec
1687 3411 1919 3476 Domini
1962 3411 2164 3476 verba.
2214 3411 2335 3485 „In

231 3515 752 3579 consummatione
788 3508 1070 3600 saeculi,
1110 3511 1225 3575 hoc
1249 3522 1368 3588 est,
1419 3512 1478 3573 in
1524 3510 1637 3574 fine
1668 3512 2335 3590 Ecclesiaehodiernae,

231 3612 390 3681 talis
416 3616 668 3707 ffl‘clio
699 3616 827 3689 erit,
872 3609 1077 3703 qualis
1117 3612 1196 3677 ab
1232 3615 1401 3678 initio
1425 3612 1662 3679 -Mundi
1701 3638 1822 3678 non
1861 3609 1993 3689 fuit,
2040 3604 2146 3680 nec'
2169 3614 2330 3707 fiet:

235 3737 433 3809 quare
475 3717 597 3777 nisi
643 3714 1127 3779 abbrevz’arentur
1168 3713 1299 3780 dies
1349 3712 1477 3789 illi,
1550 3738 1673 3780 non
1715 3730 2164 3782 conservaretur
2203 3714 2334 3781 ulla

232 3824 461 3891 car0‚“
514 3816 724 3879 Matth.
767 3814 1000 3881 XXIV:
1042 3819 1121 3879 21
1190 3819 1270 3878 22

380 3920 544 3984 ⁴599.
605 3913 891 3981 Dominus
917 3916 975 3979 in
1009 3915 1216 4004 pugnis
1245 3937 1349 3981 seu
1395 3914 1818 3981 tentationibus
1859 3913 2161 3984 hominum
2215 3919 2338 4004 agit

239 4018 737 4105 Redemptionem
769 4017 1200 4106 particularem,
1251 4018 1402 4082 sicut
1430 4016 1670 4082 totalem
1707 4039 1837 4081 cum
1866 4016 1974 4082 fuit
2000 4021 2061 4083 in
2088 4019 2338 4095 Mundo,

241 4120 537 4194 Dominus
571 4119 632 4181 in
663 4119 888 4184 Mundo
930 4141 1033 4207 per
1075 4138 1298 4205 pugnas
1338 4128 1396 4182 et
1438 4118 1791 4183 tentationes
1833 4118 2179 4204 glorificavit
2209 4121 2340 4183 Hu-

243 4243 483 4304 manum
511 4242 715 4296 suum,
766 4219 879 4285 hoc
905 4229 1022 4296 est,
1076 4219 1356 4282 Divinum
1385 4218 1525 4283 illud
1555 4218 1722 4292 fecit;
1773 4217 2039 4282 similiter
2080 4239 2236 4281 nunc
2279 4218 2336 4278 in

1862 4316 1922 4378 H
