2750 4775
442 381 548 431 166
672 368 1138 422 UNIVERSA
1185 368 1723 424 THEOLOGIA
1783 373 1850 428 N.
1895 371 1959 425 C.
2004 372 2111 423 ET
2151 372 2216 429 N,
2261 371 2323 422 E.

436 532 646 587 contra
701 520 775 585 ad
821 518 1040 584 malum
1094 529 1153 583 et
1201 518 1431 583 falsum.
1513 518 1897 607 Comparatio
1948 522 2148 608 itaque
2192 520 2318 586 lieri
2363 532 2532 608 potest

436 644 571 687 cum
600 620 895 697 Ecclesia,
951 620 1121 707 quod
1148 619 1249 684 illa
1278 628 1591 706 reputetur
1617 641 1687 684 ex
1714 618 2004 686 charitate
2035 633 2094 686 et
2138 607 2286 699 fide',
2339 632 2395 686 et
2432 646 2532 687 non

437 744 511 787 ex
539 722 878 796 ritualibus,
935 741 1088 807 quae
1122 719 1544 806 adjunguntur.
1626 721 2012 809 Comparatio
2044 723 2220 787 etiam
2263 724 2388 788 fieri
2426 733 2536 812 pot·

437 833 526 889 est
553 846 687 889 cum
717 822 988 887 ministro
1018 820 1355 896 Ecclesiae,
1407 821 1566 906 quod
1602 825 1949 887 aestimetur
1988 844 2060 887 ex
2102 826 2227 909 ejus
2254 825 2536 889 voluntate

436 934 496 989 et
523 946 761 1000 amore,
812 932 873 986 et
897 921 1076 987 simul
1115 941 1189 985 ex
1227 921 1356 1006 ejus
1401 922 1705 986 intellectu
1745 924 1806 986 in
1851 924 2290 1009 spiritualibus,
2343 936 2537 988 ennon

435 1046 507 1090 ex
533 1023 882 1089 affabilitate
910 1031 970 1085 et
999 1022 1241 1085 amictu.
1315 1021 1702 1108 Comparatio
1730 1025 1908 1088 etiam
1938 1021 2115 1089 datur
2146 1047 2280 1089 cum
2312 1025 2466 1090 cultu
2490 1034 2539 1086 et

439 1146 572 1190 cum
604 1126 825 1211 templo
853 1123 914 1184 in
944 1145 1063 1210 quo
1097 1121 1194 1186 ille
1227 1120 1322 1198 lit,
1373 1126 1498 1210 ipse
1540 1125 1733 1188 cultus
1774 1121 1839 1188 lit
1881 1125 1939 1186 in
1982 1126 2330 1203 voluntate,
2386 1146 2451 1188 ac
2487 1125 2537 1186 in

435 1226 741 1290 intellectu
767 1224 919 1288 sicut
949 1224 1007 1287 in
1036 1245 1143 1288 suo
1174 1224 1430 1309 templo,
1483 1232 1542 1287 et
1565 1223 1681 1289 hoc
1718 1234 1990 1289 sanctum
2030 1236 2285 1290 vocatur
2328 1248 2443 1289 non
2480 1246 2538 1288 er

435 1347 532 1401 se,
582 1325 683 1389 sed
712 1346 782 1389 ex
806 1324 1030 1394 Divino
1060 1324 1221 1410 quod
1249 1323 1328 1386 ibi
1359 1322 1642 1397 docetur;
1695 1335 1755 1389 et
1782 1348 2018 1412 quoque
2059 1327 2429 1414 comparatio
2454 1326 2541 1388 da-

436 1434 539 1490 tur
583 1446 717 1489 cum
768 1424 1061 1511 Imperio,
1116 1424 1216 1488 ubi
1264 1424 1483 1488 bonum
1534 1436 1740 1512 regnat
1785 1435 1845 1489 et
1890 1428 2064 1489 simul
2106 1448 2349 1503 verum,
2399 1427 2538 1513 quod

437 1525 783 1602 adamatur,
852 1546 971 1590 nnn
1018 1534 1214 1590 autem
1271 1525 1372 1588 ubi
1421 1546 1629 1589 verum
1675 1537 1735 1589 et
1781 1546 1902 1590 non
1947 1527 2188 1591 bonum.
2293 1527 2440 1608 Quis
2477 1526 2537 1586 de

438 1626 607 1713 Rege
634 1626 858 1712 judicat
886 1647 956 1688 ex
985 1626 1306 1699 satellitiis,
1359 1625 1526 1711 equis
1552 1635 1612 1689 et
1639 1626 1940 1702 curribus,
1994 1635 2053 1690 et
2086 1649 2203 1691 non
2246 1650 2320 1692 ex
2350 1617 2539 1713 Regio,

433 1726 594 1813 quod
623 1726 812 1792 sciunt
842 1726 999 1814 apud
1028 1726 1220 1801 illum,
1276 1724 1534 1811 Regium
1580 1736 1668 1791 est
1710 1728 1930 1791 amoris
1969 1738 2028 1790 et
2069 1729 2423 1814 prudentiae
2447 1748 2538 1811 gu·

433 1827 744 1892 bernandi.
825 1826 976 1905 Quis
1014 1826 1073 1890 in
1114 1825 1416 1913 triumpho
1448 1847 1568 1889 non
1605 1827 1811 1915 aspicit
1841 1829 2141 1893 Victorem
2164 1877 2181 1904 ,
2235 1840 2299 1893 et
2338 1828 2414 1893 ab
2451 1826 2536 1890 illo

434 1949 713 2016 pompam
734 1977 749 2002 ,
804 1934 863 1990 et
892 1948 1011 1989 non
1041 1946 1112 1989 ex
1137 1923 1251 1990 hac
1279 1925 1476 2002 illum;
1531 1937 1963 2014 consequenter
1987 1930 2070 1992 ab
2096 1930 2396 1993 essentiali
2433 1927 2536 1992 far-
2592 1939 2599 1946 ‘

435 2029 621 2105 male,
675 2038 731 2092 et
759 2047 881 2090 non
910 2026 1194 2097 vicissim
1250 2028 1527 2093 voluutas
1554 2038 1640 2092 est
1667 2028 2010 2104 essentiale,
2060 2040 2120 2092 et
2153 2030 2438 2115 cogitatio
2464 2036 2538 2091 est

435 2126 721 2204 formale,
771 2136 830 2191 et
870 2146 1046 2190 nemo
1088 2136 1280 2215 potest
1310 2128 1604 2215 imputare
1633 2127 1897 2205 formali,
1952 2129 2061 2196 nisi
2091 2130 2150 2192 id
2181 2129 2347 2216 quod
2380 2127 2538 2195 trahit

436 2250 507 2292 ex
552 2227 880 2302 essentiali,
934 2227 1013 2291 ita
1043 2225 1179 2291 huic
1205 2236 1265 2291 et
1292 2249 1415 2292 nou
1442 2228 1541 2291 illi.

1218 2403 1742 2442 *****

608 2530 752 2590 661.
834 2527 944 2593 His
998 2527 1272 2613 adiiciam
1318 2528 1468 2593 haec
1513 2528 2012 2594 Mmonmm:
2084 2529 2367 2596 Paruum
2418 2528 2532 2592 hoc.

439 2628 509 2691 ln
537 2626 722 2712 Plaga
759 2628 1205 2714 septentrionali
1244 2628 1550 2716 superiore
1597 2650 1778 2717 prope
1818 2629 1892 2692 ad
1933 2630 2244 2695 Orientem
2277 2633 2338 2695 in
2378 2633 2534 2697 Mun·

436 2727 515 2792 do
540 2726 876 2814 spirituali,
926 2738 1063 2793 sunt
1105 2729 1234 2792 loca
1264 2729 1667 2795 instructionis
1706 2752 1815 2818 pro
1856 2731 2083 2818 pueris,
2137 2738 2397 2817 suntque
2443 2749 2534 2818 pro

436 2829 938 2905 adolescentibus,
969 2838 1052 2892 ‘et
1080 2839 1216 2892 sunt
1257 2852 1365 2918 pro
1408 2831 1581 2906 viris,
1633 2844 1689 2893 et
1733 2853 1971 2918 quoque
2012 2854 2120 2919 pro
2157 2834 2438 2904 senibus÷
2485 2831 2535 2895 in

432 2928 585 2994 haec
623 2929 753 2994 loca
790 2931 1103 2993 mittuntur
1135 2952 1341 2994 omnes
1380 2930 1479 3016 qui
1521 2930 1785 2996 Infantes
1825 2933 2043 2996 mortui
2081 2938 2251 3007 sunt,
2305 2941 2370 2995 et
2409 2933 2536 2995 edu-

317 3102 325 3111 ,
435 3026 653 3094 cantur‘
685 3029 747 3092 in
788 3029 1002 3101 Caelo,
1055 3031 1325 3095 similiter
1365 3032 1424 3095 in
1467 3031 1565 3096 illa
1609 3053 1814 3096 omnes
1849 3033 1950 3118 qui
1981 3053 2014 3094 e
2043 3033 2269 3096 Mundo
2317 3033 2537 3097 noviter

435 3127 794 3206 adveniunt,
866 3141 925 3192 et
976 3131 1346 3216 cognitiones
1400 3132 1472 3195 de
1526 3131 1708 3197 Caelo
1761 3141 1820 3195 et
1877 3131 2120 3197 Inferno
2178 3133 2533 3201 desiderant:

433 3231 693 3297 Tractus
717 3231 814 3295 illc
842 3238 929 3295 est
956 3251 1141 3316 prope
1169 3231 1513 3308 Orientem,
1567 3241 1631 3296 ut
1661 3254 1869 3298 omnes
1908 3234 2280 3296 instruantur
2319 3255 2427 3319 per
2461 3233 2537 3293 iu·

433 3330 657 3399 fluxum
687 3354 720 3398 a
747 3331 1040 3403 Domino,
1096 3332 1390 3398 Dominus
1418 3334 1580 3397 enim
1602 3342 1689 3396 est
1715 3334 1965 3408 Oriens,
2020 3335 2155 3420 quia
2187 3343 2273 3397 est
2315 3333 2376 3396 in
2411 3331 2534 3398 Sole

431 3432 547 3510 ibi,
602 3436 700 3521 qui
730 3435 808 3497 ab
837 3432 971 3517 Ipso
1001 3441 1091 3494 est
1117 3453 1296 3517 purus
1323 3431 1539 3505 Amor;
1594 3434 1727 3496 inde
1756 3433 1938 3499 Calor
1962 3453 2032 3499 ex
2059 3433 2160 3498 illo
2188 3434 2327 3499 Sole
2353 3434 2532 3497 in-sua

431 3533 683 3599 essentia
711 3543 799 3596 est
831 3529 1049 3606 Amor,
1104 3543 1160 3594 et
1190 3530 1315 3597 Lux
1345 3554 1417 3596 ex
1444 3534 1545 3597 illo
1573 3536 1631 3597 in
1660 3555 1764 3598 sua
1807 3535 2057 3599 essentia
2096 3543 2182 3598 est
2212 3533 2532 3622 Sapientia;

429 3632 577 3696 haec
603 3632 964 3720 inspirantur
990 3630 1102 3695 illis
1131 3653 1163 3695 a
1187 3631 1447 3697 Domino
1478 3656 1507 3696 e
1536 3635 1673 3700 Sole
1699 3635 1821 3710 illo,
1845 3654 1923 3697 -ac
1949 3635 2533 3722 inspirantur'secuu-

431 3731 570 3795 dum
599 3732 1028 3820 receptionem,
1086 3742 1161 3794 et.
1188 3733 1448 3819 receptio
1491 3744 1577 3801 est
1605 3735 1925 3800 secundum
1960 3756 2225 3799 amorem
2260 3732 2528 3820 sapiendi.

431 3832 577 3897 Post
604 3841 873 3919 tempora
901 3832 1301 3898 instructionis
1328 3834 1678 3900 emittuntur
1707 3835 1842 3899 inde
1875 3834 1977 3910 illi,
2015 3837 2115 3921 qui
2148 3834 2531 3921 intelligentes

429 3931 572 3997 facti
616 3942 784 4009 sunt,
838 3941 897 3995 et
940 3930 999 3995 hi
1044 3945 1336 3999 vocantur
1382 3935 1648 4024 discipuli
1690 3936 1962 4001 Domini:
2016 3936 2368 4000 emittuntur
2407 3931 2527 3997 inde

428 4032 685 4122 primum
718 4033 777 4096 in
806 4032 1223 4119 Occidentem,
1277 4043 1339 4100 et
1378 4036 1460 4101 illi
1504 4037 1605 4124 qui
1651 4036 1731 4099 ibi
1757 4057 1891 4102 non
1933 4046 2212 4111 manent,
2246 4034 2324 4098 in
2364 4030 2529 4103 Meri·

430 4133 617 4209 diem,
673 4143 732 4197 et
761 4133 996 4222 quidam
1029 4155 1134 4222 per
1162 4137 1474 4203 Meridiem
1505 4138 1570 4201 in
1590 4136 1933 4213 Orientem,
1986 4147 2047 4200 et
2087 4136 2528 4203 introducuntur

432 4233 490 4297 in
521 4233 879 4312 Societates,
932 4236 1033 4302 ubi
1074 4235 1412 4303 mansiones
1449 4237 1688 4302 illorum
1733 4247 1920 4303 erunt.
2005 4237 2359 4316 Quondam,
2410 4252 2525 4299 cum
