2750 4775
822 337 975 393 xm.
1057 336 1405 392 smera
1462 337 1781 396 COENA.
2240 306 2346 404 sas

255 502 390 559 sunt
422 491 739 566 Diabolus,
791 490 1016 557 Malum
1051 499 1109 554 et
1139 490 1410 562 Falsum;
1459 491 1746 557 Diabolus
1786 513 1889 581 per
1928 514 2099 580 quem
2140 493 2351 559 intelli·

253 595 413 681 gitur
441 591 778 678 Inferum,
830 592 1002 657 estin
1038 592 1308 679 opposito
1350 602 1555 656 contra
1597 593 1948 668 Dominum,
2001 593 2221 657 Malum
2265 605 2352 660 est

251 695 314 759 in
365 693 632 782 opposito
680 702 885 757 contra
931 693 1200 768 Bonum,
1268 703 1325 778 et
1371 693 1608 759 Falsum
1655 704 1859 758 contra
1899 694 2152 771 Verum,
2202 694 2350 761 haec

246 797 367 861 tria
400 816 580 860 unum
607 793 858 870 faciunt,
912 815 1048 857 nam
1080 794 1181 857 ubi
1211 793 1480 860 diabolus
1518 805 1636 871 est,
1673 794 1769 858 :ihi
1808 795 1985 860 etiam
2028 795 2243 860 malum
2292 806 2351 859 et

247 897 389 961 inde
417 897 625 962 salsum
664 905 766 959 est.
845 896 1016 960 Haec
1059 895 1169 958 tria
1211 895 1389 958 etiam
1429 894 1840 962 universaliter
1879 906 1938 961 et
1975 897 2354 982 singulariter,

246 998 558 1064 continent
587 996 782 1061 omnia
811 996 1067 1071 Inferni,
1107 1005 1165 1059 et
1194 1018 1433 1082 quoque
1461 997 1657 1060 omnia
1687 997 1927 1073 Mundi,
1965 1018 2117 1084 quae
2146 1006 2351 1061 contra

248 1098 501 1165 Caelum
531 1107 588 1160 et
615 1097 934 1162 Ecclesiam
964 1106 1115 1166 sunt.
1195 1096 1310 1163 Sed
1341 1098 1478 1184 quia
1507 1097 1774 1185 opposita
1800 1107 1968 1174 sunt,
2019 1097 2152 1162 ideo
2183 1120 2350 1184 pror-

248 1223 355 1265 sus
375 1208 647 1287 separata
675 1208 844 1274 sunt,
894 1198 996 1263 sed
1023 1219 1205 1285 usque
1250 1200 1624 1264 continentur
1664 1200 1724 1262 in
1772 1221 1922 1264 nexu
1970 1222 2073 1287 per
2110 1199 2352 1265 mirabi-

248 1302 371 1367 lem
401 1302 826 1389 subjectionem
853 1300 1033 1364 totius
1070 1297 1284 1364 inferni
1320 1301 1433 1365 sub
1460 1299 1678 1375 Caelo,
1728 1299 1864 1364 mali
1902 1301 2014 1366 sub
2052 1302 2239 1376 bono,
2291 1311 2348 1364 et

246 1401 385 1467 falsi
414 1404 527 1467 sub
556 1422 726 1475 vero,
783 1401 854 1465 de
884 1420 1001 1488 qua
1040 1401 1403 1487 subjectione
1443 1403 1499 1464 in
1529 1401 1726 1489 Opere
1765 1402 1836 1467 de
1882 1401 2093 1466 cauo
2133 1422 2208 1465 ΕΤ
2249 1401 2351 1470 ΙΝ-

245 1523 459 1569 rmmo
496 1512 689 1567 actum
724 1511 828 1566 est.
2339 1497 2346 1507 ’

409 1609 551 1668 714.
609 1604 689 1668 Ut
735 1602 1067 1690 singularia
1108 1602 1523 1668 contineantur
1568 1604 1627 1666 in
1674 1626 1780 1668 suo
1826 1604 2030 1669 ordine
2077 1614 2132 1668 et
2177 1625 2350 1678 nexu,

245 1727 557 1771 necessum
587 1716 705 1779 est,
759 1716 824 1769 ut
848 1706 963 1770 sint
993 1703 1365 1770 Universalia
1398 1726 1431 1769 a
1460 1703 1673 1791 quihus
1702 1706 1987 1782 existunt,
2040 1716 2097 1769 et
2137 1707 2194 1768 in
2222 1705 2350 1792 qui-

246 1808 364 1872 bus
391 1807 743 1880 subsistunt;
795 1817 854 1870 et
883 1827 1119 1892 quoque
1149 1826 1452 1870 necessum
1481 1814 1600 1888 est,
1653 1815 1718 1872 ut
1741 1805 2079 1892 singularia
2118 1806 2175 1872 in
2205 1827 2351 1893 qua-

247 1908 388 1973 dam
434 1908 688 1994 imagine
717 1907 975 1972 reserant
1003 1928 1108 1971 sua
1143 1906 1553 1982 Universatiffi
1597 1907 1866 1994 alioquin
1912 1911 2122 1994 periret
2163 1916 2348 1971 totum

249 2031 387 2076 cum
433 2009 725 2096 partibus3
775 2007 923 2071 baec
965 2007 1200 2074 Relatio
1247 2005 1424 2082 facit,
1480 2015 1542 2071 ut
1581 2009 1778 2073 omnia
1820 2008 2079 2074 universi
2118 2029 2351 2073 conser-

248 2122 394 2177 vata
418 2111 535 2176 sint
563 2111 619 2173 in
647 2131 751 2174 sua
780 2109 1117 2195 integritate
1144 2130 1178 2174 a
1208 2109 1397 2196 primo
1425 2107 1753 2175 Creationis
1793 2111 1885 2174 die
1923 2109 2039 2175 huc
2079 2130 2260 2195 usque
2291 2117 2351 2191 et

245 2211 499 2280 ulterius
514 2240 531 2280 ;-
582 2210 742 2299 quod
769 2210 969 2275 omnia
995 2210 1052 2272 in
1083 2209 1379 2273 Universa
1406 2231 1467 2275 se·
1495 2209 1757 2275 referant
1781 2212 1858 2277 ad
1890 2210 2110 2275 bonum
2152 2222 2212 2275 et
2251 2232 2351 2286 ve·

247 2334 385 2378 rum
404 2359 422 2389 ,
473 2323 679 2378 notum
724 2321 840 2386 est;
896 2331 1070 2374 causa
1100 2321 1187 2376 est
1211 2311 1347 2398 quia
1375 2310 1572 2375 omnia
1602 2333 1635 2374 a
1666 2312 1796 2377 Deo
1824 2333 1895 2378 ex
1922 2312 2142 2380 Divino
2171 2312 2348 2378 Bono

252 2415 479 2478 amoris
531 2435 633 2500 per
684 2413 964 2478 Divinum
1019 2413 1240 2477 Verum
1299 2411 1635 2500 Sapientiae
1688 2425 1886 2480 creata
1938 2424 2091 2479 sunt.
2171 2414 2347 2479 Sume

256 2513 657 2600 quodcunque
704 2514 844 2578 libet
895 2514 1020 2579 sive
1074 2512 1322 2590 animal,
1373 2515 1498 2579 sive
1545 2514 1844 2593 fruticem,
1909 2516 2032 2583 sive
2077 2516 2350 2605 lapidem,

252 2624 396 2679 sunt
425 2614 521 2678 illa
552 2616 658 2680 tria
689 2614 1176 2680 universalissima
1212 2617 1275 2681 in
1317 2615 1569 2700 quadam
1600 2617 1888 2682 relatione
1915 2616 2027 2684 illis
2054 2619 2346 2704 inscripta.

385 2719 560 2790 ¹715.
616 2718 907 2798 Quoniam
940 2716 1221 2782 Divinum
1249 2716 1484 2781 Bonum
1525 2726 1583 2780 et
1627 2717 1907 2787 Divinum
1952 2717 2170 2784 Verum
2213 2727 2350 2783 sunt

245 2819 746 2884 universalissima
779 2817 1037 2881 omniurn
1067 2817 1228 2883 Caeli
1256 2825 1316 2880 et
1342 2818 1671 2893 Ecclesiae,
1710 2820 1841 2883 ideo
1867 2820 2042 2883 etiam
2070 2817 2351 2883 Malkize·

226 2919 434 2996 deck,
487 2921 586 3007 qui
619 2919 1081 3006 repraesentavit
1113 2919 1463 2995 Dominum,
1517 2918 1715 2983 eduxit
1754 2919 1827 2983 ad
1868 2917 2192 2985 Abramum
2235 2919 2351 2982 Pa-

240 3042 385 3087 nem
427 3028 485 3082 et
530 3022 779 3096 Vinum,
831 3031 890 3084 et
934 3018 1228 3084 benedixit
1273 3020 1393 3093 ilti;
1447 3020 1517 3084 dc
1565 3005 1968 3102 Malkizedeek
2012 3018 2092 3083 ita
2136 3019 2350 3104 legitur

241 3119 732 3200 „Mallrizedeck
755 3121 896 3187 Rex
920 3117 1223 3187 Schalemi
1259 3120 1474 3186 eduxit
1517 3119 1606 3184 ad
1640 3118 1977 3186 Abramum
2018 3120 2252 3185 Panem
2290 3133 2348 3184 et

246 3224 521 3297 Vinum,
573 3216 645 3287 et*
674 3221 771 3288 hic
808 3220 1107 3289 Sacerdos
1145 3222 1279 3288 Deo
1323 3219 1683 3297 Altissimo,
1735 3235 1792 3287 et
1832 3220 2138 3287 benedixit
2190 3217 2346 3295 illi,“

239 3323 466 3389 Genes.
524 3324 703 3391 XIV:
773 3328 870 3387 18.
910 3328 1027 3387 ·19.
1129 3324 1305 3405 Quod
1356 3320 1768 3389 Malkizedeck
1821 3322 2352 3410 repraesentaverit

235 3426 608 3502 Dominum,
662 3434 889 3490 constat
940 3447 1009 3489 ex
1053 3422 1144 3490 his
1188 3425 1340 3512 apud
1388 3423 1718 3500 Davidem,
1795 3424 1856 3491 T
1849 3449 1886 3486 u
1937 3420 2236 3490 Sacerdos
2286 3425 2350 3487 in

241 3538 558 3592 aeternum
589 3530 780 3614 juxta
823 3525 1062 3592 modum
1098 3525 1569 3600 'Malkizedelri,
1620 3524 1835 3595 Psalm.
1883 3525 2019 3592 CX:
2068 3528 2125 3589 4.
2190 3524 2350 3611 quod

236 3627 400 3693 haec
426 3627 498 3690 de
520 3627 798 3715 Domino,
832 3627 1103 3693 videatur
1122 3627 1306 3691 Hehr.
1340 3622 1419 3720 [V
1435 3621 1475 3719 ε]
1509 3631 1564 3691 5.
1596 3631 1651 3689 6.
1684 3631 1740 3690 8.
1776 3631 1875 3690 10.
1920 3626 2062 3714 Cap.
2091 3626 2204 3695 Vl:
2238 3632 2342 3691 20.

241 3729 396 3815 Cap.
441 3727 592 3793 vll:
665 3732 718 3791 1.
771 3731 869 3792 10.
920 3732 1018 3792 11.
1073 3734 1170 3791 15.
1227 3732 1326 3792 17.
1375 3732 1477 3793 21.
1570 3726 1746 3807 Quod
1802 3727 2067 3793 eduxerit
2111 3728 2348 3794 -Panem

236 3829 566 3894 et‘Vinum
609 3827 717 3892 fuit
752 3849 964 3905 causa,
1028 3829 1163 3915 quia
1204 3829 1300 3894 illa
1339 3830 1457 3893 duo
1495 3831 1692 3893 omnia
1734 3829 1895 3894 Caeli
1934 3840 1992 3893 et
2033 3829 2349 3903 Ecclesiae,

235 3931 331 4023 ita
373 3931 574 3995 omnia
609 3924 1048 3997 Benedictionis
1073 3930 1414 4009 includunt,
1464 3929 1731 3997 similiter
1757 3940 1820 3995 ut
1847 3930 2024 3997 Panis
2050 3939 2108 3995 et
2137 3929 2350 3998 Vinum

234 4033 304 4096 in
348 4031 569 4099 Sancta
614 4031 832 4098 Caena.
890 4086 899 4092 .
