2750 4775
942 326 1066 378 ΧΠ.
1149 327 1686 382 BAPTISMUS.
2271 343 2374 391 18⁷

253 482 515 565 Regem,
563 478 637 543 ad
668 478 923 566 Regiam
958 480 1091 565 ejus
1110 488 1498 567 potestatem;
1552 502 1668 546 nec
1690 481 1817 567 plus
1854 505 2032 571 quam
2059 484 2259 550 Pileus
2285 507 2375 551 se·

237 581 480 668 ·ricatus
504 601 682 668 super
708 580 900 668 capite
929 580 1208 646 Doctoris
1235 580 1440 645 laurea
1469 580 1728 668 insigniti
1771 582 1845 647 ad
1887 584 2013 669 ejus
2043 586 2374 674 intelligen-

250 682 432 754 tiam;
486 701 678 768 neque
709 680 837 770 plus
865 701 1042 768 quam
1080 679 1297 747 vexilla
1333 691 1473 745 ante
1513 689 1740 747 turmas
1780 684 2083 770 equitum,
2137 686 2211 750 ad
2252 687 2372 751 sor·

249 782 569 848 titudinem
612 781 849 845 illorum
880 783 938 844 in
970 781 1160 846 bello:
1214 782 1334 844 imo
1382 781 1578 846 adhuc
1618 792 1810 871 potest
1851 785 1996 860 dici,
2050 786 2210 871 quod
2251 808 2373 852 non

247 884 388 971 plus
434 880 704 969 purificet
751 882 1084 957 hominem,
1142 903 1320 968 quam
1369 883 1591 947 lavatio
1631 883 1787 970 apud
1827 906 2002 952 ovem
2049 894 2108 949 et
2153 905 2372 971 agnum

243 993 397 1049 ante
422 984 753 1047 tonsionem
771 1028 789 1057 ,
841 1003 979 1047 nam
1008 982 1294 1046 naturalis
1321 982 1503 1047 bomo
1530 992 1837 1071 separatus
1863 1006 1897 1049 a
1939 984 2229 1072 spirituali
2268 985 2375 1049 ho-

243 1085 448 1161 mine,
516 1092 603 1148 est
650 1103 813 1148 mere
860 1082 1162 1156 animalis,
1217 1083 1379 1158 imo,
1434 1094 1498 1146 ut
1553 1084 1713 1169 prius
1756 1094 2054 1149 ostensum
2109 1094 2234 1163 est,
2286 1094 2375 1151 est

249 1187 391 1275 plus
421 1185 580 1259 fera,
636 1204 812 1269 quam
844 1183 969 1247 fera
1007 1184 1247 1273 sylvae,
1301 1193 1667 1271 quapropter
1706 1185 1753 1248 si
1793 1185 2012 1250 lavaris
2050 1208 2205 1273 aqua
2249 1187 2377 1275 plu-

243 1286 419 1360 viae,
474 1305 632 1371 aqua
674 1284 873 1359 roris,
914 1285 1086 1370 aquis
1124 1281 1374 1347 sontium
1416 1285 2071 1363 excellentissimorum,
2117 1307 2253 1364 seu,
2311 1300 2375 1351 ut

245 1385 585 1477 prophetae
613 1384 847 1459 dicunt,
901 1385 947 1449 si
976 1385 1278 1450 mundaris
1305 1384 1497 1460 nitro,
1546 1386 1835 1476 hyssopo,
1874 1397 2228 1472 smegmate,
2268 1411 2372 1453 seu

242 1508 478 1576 sapone
505 1485 801 1573 quotidie,
855 1507 1040 1572 usque
1068 1507 1186 1550 non
1215 1484 1545 1574 purificaris
1572 1488 1651 1551 ab
1693 1487 2104 1573 iniquitatibus
2132 1489 2239 1551 nisi
2269 1510 2375 1576 per

243 1588 447 1652 media
476 1586 973 1674 regenerationis,
1014 1586 1100 1656 „de
1147 1588 1360 1672 quibus
1401 1589 1463 1650 in
1508 1586 1816 1673 Capitibus
1860 1587 1934 1651 de
1982 1587 2374 1665 Paenitentia,

246 1710 325 1753 ac
353 1688 426 1751 de
455 1687 905 1753 Reformatione
932 1698 991 1751 et
1020 1689 1537 1773 Regeneratione,
1593 1697 1791 1753 actum
1821 1696 1925 1754 est.

251 1912 443 1998 Quod
474 1912 608 1979 loco
641 1912 1125 1978 Circumcisionis
1173 1916 1479 1978 institutus
1522 1918 1601 1979 sit
1639 1914 2024 2007 Baptismus,
2080 1920 2226 2009 quia
2262 1941 2378 2010 per

256 2016 780 2080 Circumcisionene
828 2016 1137 2106 praeputii
1179 2029 1632 2105 repraesentata
1679 2030 1769 2081 est
1817 2019 2191 2084 circumcisio
2244 2042 2375 2084 cor-

249 2114 375 2192 dis,
421 2128 675 2208 propter
694 2112 902 2205 finem
920 2160 937 2188 ‚
994 2128 1057 2177 ut
1094 2112 1378 2178 Ecclesia
1411 2118 1648 2179 interna
1684 2114 2023 2182 succederet
2060 2115 2376 2185 Ecclesiae

248 2230 584 2290 externae,
638 2236 794 2306 quae
847 2217 911 2276 in
954 2213 1232 2277 omnibus
1276 2228 1332 2279 et
1374 2214 1638 2306 singulis
1664 2215 1995 2309 figurabat
2034 2218 2374 2286 Ecclesiam

1148 2314 1191 2377 I
1190 2327 1474 2380 aternam.

418 2493 572 2554 674.
630 2490 696 2553 ln
728 2489 894 2554 Orbe
927 2489 1261 2555 Christiano
1288 2500 1493 2565 notum
1521 2503 1642 2569 est,
1696 2494 1855 2580 quod
1894 2495 1967 2560 sit
2002 2495 2275 2561 Internus
2314 2510 2374 2562 et

250 2591 560 2656 Externus
583 2590 798 2665 bomo,
851 2601 910 2654 et
940 2591 1098 2679 quod
1128 2591 1424 2658 Externus
1464 2593 1539 2658 sit
1582 2594 1735 2658 idem
1776 2615 1908 2659 cnm
1948 2597 2223 2662 Naturali
2262 2596 2370 2662 ho·

248 2692 447 2768 mine,
500 2701 561 2755 et
602 2691 878 2756 Internus
915 2691 1075 2756 idem
1128 2713 1262 2758 cum
1302 2693 1606 2782 Spirituali
1649 2694 1922 2773 homine,
1975 2698 2110 2784 quia
2157 2699 2215 2761 in
2256 2696 2372 2764 hoc

190 2798 203 2807 '
246 2802 341 2857 est
366 2794 608 2879 spiritus
633 2794 790 2879 ejus;
844 2804 903 2857 et
931 2793 1071 2880 quia
1102 2794 1366 2859 Ecclesia
1412 2796 1678 2860 consistit
1705 2816 1777 2860 ex
1804 2794 2170 2872 hominibus,
2213 2799 2371 2882 quod

251 2893 429 2958 detur
457 2893 721 2958 Ecclesia
754 2892 994 2960 interna
1031 2905 1088 2958 et
1116 2895 1378 2961 Externa
1394 2926 1412 2969 ς
1463 2906 1523 2959 et
1563 2898 1612 2960 si
1644 2896 2013 2982 ‚indagantur
2049 2897 2372 2962 successio-

245 3015 356 3058 nes
383 2993 783 3058 Ecclesiarum
814 2996 874 3058 in
902 3018 1012 3060 suo
1039 2996 1249 3059 ordine
1280 2997 1358 3059 ab
1388 2994 1644 3083 antiquis
1672 2997 2039 3082 temporibus
2063 2996 2139 3059 ad
2167 2993 2372 3060 hodie-

244 3115 427 3169 num,
476 3095 806 3170 videbitur,
859 3096 1018 3180 quod
1051 3096 1354 3160 Ecclesiae
1398 3097 1623 3183 priores
1669 3096 1890 3160 suerint
1928 3096 2228 3161 Ecclesiae
2267 3118 2368 3160 ex-

246 3205 490 3269 ternae,
541 3194 657 3259 hoc
697 3205 817 3271 est,
870 3197 1028 3282 quod
1069 3196 1276 3261 Cultus
1313 3195 1549 3261 illarum
1597 3197 1927 3261 constiterit
1968 3197 2029 3260 in
2076 3197 2367 3273 Externis,

249 3315 409 3383 quae
454 3298 988 3382 repraesentabant
1045 3297 1279 3361 interna
1323 3297 1622 3362 Ecclesiae
1677 3295 2083 3373 Christianae,
2136 3318 2288 3381 quae
2334 3319 2368 3361 a

246 3394 547 3471 Domino,
586 3418 720 3461 cum
747 3395 857 3462 suit
887 3398 945 3459 in
974 3396 1224 3473 Mundo,
1267 3397 1514 3462 fundata
1548 3406 1671 3470 est,
1708 3407 1767 3461 et
1797 3418 1954 3461 nunc
1993 3397 2244 3485 primum
2289 3398 2367 3463 ab

248 3495 393 3583 Ipso
419 3496 784 3561 aedificatur.
866 3497 1258 3571 Primarium,
1312 3498 1474 3583 quod
1518 3497 1776 3562 distinxit
1814 3498 2137 3564 Ecclesiam
2178 3497 2369 3562 lsrae-

243 3596 468 3661 liticam
497 3619 530 3660 a
560 3597 801 3685 reliquis
830 3598 886 3659 in
915 3595 1178 3662 Asiatico
1204 3597 1405 3674 Orbe,
1458 3607 1517 3661 et
1547 3608 1750 3685 postea
1784 3619 1814 3661 a
1844 3598 2208 3675 Christiana,
2254 3598 2366 3666 fuit

245 3695 671 3770 Circumcisio;
724 3707 784 3762 et
814 3698 982 3786 quia,
1040 3707 1103 3761 ut
1143 3697 1364 3763 dictum
1405 3709 1522 3774 est,
1579 3699 1775 3765 omnia
1807 3700 2103 3765 Ecclesiae
2135 3700 2368 3766 Israeli-

244 3797 437 3873 ticae‚
486 3819 640 3884 quae
669 3799 909 3864 suerunt
941 3798 1233 3874 Externa,
1275 3797 1613 3885 figurabant
1643 3800 1840 3865 omnia
1871 3800 2167 3867 Ecclesiae
2197 3800 2368 3866 Chri·-

242 3899 513 3975 stianae,
582 3920 738 3984 quae
792 3908 929 3964 sunt
982 3898 1256 3975 Interna,
1327 3899 1463 3964 ideo
1517 3900 1864 3989 primarium
1918 3902 2152 3988 signum
2213 3900 2367 3964 illius

245 3997 551 4065 Ecclesiae
596 3998 706 4065 fuit
746 3999 990 4064 interius
1028 3999 1218 4064 simile
1259 4021 1394 4065 cum
1433 4001 1600 4087 signo
1643 4000 1941 4067 Ecclesiae
1970 4001 2362 4075 Christianae,

245 4098 634 4166 Circumcisi'o
689 4100 845 4166 enim
899 4099 1270 4187 significabat
1324 4101 1707 4188 rejectionem
1754 4099 2364 4187 concupiscentiarum

245 4200 478 4278 carnis,
545 4211 607 4267 et
650 4201 734 4267 sic
780 4199 1247 4291 purificationem
1294 4221 1329 4266 a
1378 4201 1576 4274 malis;
1630 4198 1816 4264 simile
1854 4199 2032 4264 etiam
2074 4195 2365 4282 significat
