2750 4775
371 365 477 417 3⁷8
595 353 1056 411 UMVERSA
1113 353 1657 407 TREOLOGM
1698 353 1767 408 N.
1811 354 1877 413 C.
1921 354 2028 407 ΕΤ
2068 356 2142 413 Ν.
2185 357 2253 412 Ε.

367 507 594 577 xxm.
649 508 917 574 Primum
961 509 1035 574 de
1073 509 1275 575 Stellis
1301 509 1361 572 in
1392 507 1622 574 Mundo
1648 506 1940 583 naturali,
1990 508 2157 594 quod
2196 508 2358 574 forte
2398 531 2489 577 es·
2588 578 2595 585 ,
2672 454 2714 551 ἢ

467 618 602 674 sent
625 609 804 674 simili
830 632 1082 675 numero
1107 633 1228 698 quo
1254 610 1583 677 societates
1608 608 1915 696 angelicae
1940 608 2001 673 iu
2028 607 2215 675 Caelo
2234 658 2252 684 ‚
2297 633 2490 695 quon·

466 711 585 779 iam
631 712 995 799 unaquaevis
1039 711 1308 777 Societas
1347 710 1433 774 ihi
1486 711 1641 773 lucet
1687 708 2043 796 quandoque
2088 710 2245 774 sicut
2281 711 2485 789 Stella.

468 811 690 877 Postea
718 812 998 901 loquutus
1023 834 1152 877 sum
1179 833 1312 879 cum
1345 810 1588 897 Angelis
1615 809 1686 873 de
1721 808 1977 897 quadam
2006 811 2099 874 via
2124 861 2139 883 ‚
2196 833 2357 898 quae
2383 834 2486 900 ap-

467 923 635 1001 paret
673 913 998 979 innumeris
1038 911 1342 1000 spiritibus
1378 911 1738 998 constipata,
1793 920 1852 973 et
1891 911 2053 996 quod
2088 912 2167 975 sit
2210 912 2330 989 via,
2384 935 2487 998 per

468 1034 647 1100 quam
678 1034 915 1089 omues,
967 1014 1071 1100 qui
1098 1035 1130 1075 e
1159 1012 1390 1079 Mundo
1418 1011 1673 1077 naturali
1700 1010 2026 1088 decedunt,
2078 1021 2395 1076 transeunt
2425 1013 2484 1075 in

467 1114 758 1180 Mundum
786 1114 1184 1201 spiritualem;
1229 1111 1304 1176 ad
1332 1112 1489 1175 hanc
1517 1113 1674 1176 viam
1703 1112 1765 1177 in
1790 1112 2090 1176 consortio
2119 1133 2264 1176 cum⁴
2282 1110 2486 1200 Ange-

465 1212 537 1278 lis
562 1216 816 1292 accessi,
869 1224 928 1277 et
955 1214 1266 1279 duodecim
1299 1215 1460 1279 viros
1494 1234 1526 1277 e
1567 1213 1665 1278 via
1694 1212 1793 1277 illa
1822 1213 2242 1289 evocavimus,
2295 1225 2358 1277 et
2396 1216 2487 1277 in-

468 1316 900 1402 terrogavimus
927 1315 1067 1403 quid
1096 1314 1168 1377 de
1195 1313 1376 1378 Caelo
1407 1322 1466 1377 et
1498 1312 1763 1388 inferno,
1806 1321 1866 1376 et
1893 1314 1967 1376 de
1993 1313 2129 1377 Vita
2157 1324 2290 1401 post
2321 1337 2481 1378 mor·

468 1424 586 1479 tem
604 1464 620 1491 ,
665 1416 914 1481 credunt
931 1463 947 1491 ,
989 1426 1047 1479 et
1073 1415 1212 1501 quia
1240 1422 1511 1478 recentes
1537 1437 1571 1479 e
1597 1411 1828 1480 Mundo
1854 1423 2058 1488 erant,
2094 1424 2158 1477 et
2185 1435 2306 1478 non
2330 1415 2482 1480 scie-

467 1517 614 1583 bant
664 1515 838 1580 aliter
893 1537 1070 1605 quam
1123 1514 1284 1601 quod
1340 1513 1531 1578 adhuc
1576 1515 1636 1577 iu
1678 1514 2211 1579 Mundo‘uaturali
2263 1525 2481 1592 essent,

467 1616 905 1704 respondebant
931 1638 1006 1681 ex
1033 1616 1164 1679 idea
1191 1637 1369 1701 quam
1397 1635 1597 1681 secum
1627 1614 1918 1679 tulerunt:
1971 1615 2252 1691 anus,
2298 1616 2478 1696 Quod
2712 1688 2714 1711 Ι

467 1717 548 1781 illi
576 1718 676 1803 qui
707 1719 1011 1782 moraliter
1040 1717 1280 1792 vivunt,
1330 1716 1392 1778 in
1419 1712 1663 1779 Caelum
1696 1717 1972 1791 veniant,
2019 1725 2079 1777 et
2109 1718 2270 1800 quod
2300 1738 2477 1779 nemo
2712 1714 2714 1789 i

467 1819 525 1881 in
579 1816 922 1894 Infernutn,
988 1818 1124 1903 quia
1179 1839 1387 1881 omues
1440 1817 1747 1880 moraliter
1801 1815 2031 1881 vivunt.
2126 1816 2478 1891 SECUNDUS,

468 1916 646 1996 Quod
687 1919 849 1983 Deus
889 1927 1059 2002 regat
1092 1915 1366 1991 Caelum,
1422 1937 1493 1981 ac
1533 1916 1802 1980 diabolus
1847 1915 2184 1992 infernum,
2237 1928 2297 1981 et
2342 1916 2479 2002 qnia

468 2019 721 2105 oppositi
746 2027 912 2090 sunt,
957 2038 1108 2081 unus
1137 2017 1293 2081 dicat
1323 2018 1547 2081 bonum
1575 2017 1735 2104 quod
1762 2018 1912 2080 alter
1941 2018 2179 2092 malum,
2229 2029 2287 2080 et
2318 2017 2478 2103 quod

464 2118 645 2181 homo
671 2117 1015 2193 simulator,
1070 2118 1206 2202 quia
1237 2119 1315 2182 ab
1343 2118 1650 2203 utriusque
1678 2127 1846 2204 parte
1872 2125 2024 2192 stat,
2078 2118 2259 2205 possit
2289 2139 2483 2204 aeque

465 2218 577 2282 sub
608 2218 781 2285 unius
807 2239 880 2281 ae
914 2220 1025 2283 sub
1052 2218 1294 2283 alterius
1332 2218 1595 2283 dominio
1638 2218 1863 2284 vivere*
1938 2218 2247 2294 Τειιτιυε,
2300 2218 2484 2299 Quod

467 2339 589 2381 non
613 2318 694 2387 sit,
718 2318 993 2396 Caelum,
1047 2339 1157 2382 nec
1184 2316 1492 2382 Internum
1513 2366 1529 2395 ,
1583 2319 1715 2406 quis
1742 2318 1877 2381 inde
1909 2318 2071 2385 venit
2102 2319 2484 2383 etnarravit.

466 2417 806 2495 QUARTUS,
857 2420 1033 2501 Quod
1065 2441 1237 2483 nemo
1270 2420 1528 2508 potuerit
1556 2420 1690 2484 inde
1716 2420 1908 2484 redire
1939 2429 1998 2484 et
2024 2441 2290 2495 narrare,
2339 2421 2485 2504 quia

465 2517 643 2582 homo
665 2540 804 2584 cum
836 2521 1086 2586 moritur
1113 2530 1199 2588 est
1229 2522 1326 2584 vel
1350 2521 1518 2586 larva
1551 2521 1645 2585 vel
1673 2529 1898 2585 ventus.
1957 2521 2263 2601 QUINTUS,
2297 2521 2495 2607 Quod¹

466 2620 921 2705 exspectandum
947 2623 1022 2685 sit
1053 2622 1127 2685 ad
1156 2621 1310 2685 diem
1342 2621 1531 2684 ultimi
1563 2620 1815 2697 Judicii‚
1869 2630 1929 2688 et
1968 2621 2127 2707 quod
2167 2623 2308 2683 tnnc
2340 2642 2491 2686 nar·
2675 2633 2703 2676 t

365 2785 376 2794 ,
465 2721 651 2783 taturi
680 2722 831 2798 sint,
883 2737 954 2786 ae'
978 2722 1181 2786 scituri
1209 2722 1333 2786 sitis
1360 2713 1596 2796 omnia,
1647 2722 1748 2785 sed
1777 2743 1909 2785 cum
1943 2721 2090 2786 haee
2119 2722 2294 2795 dixit,
2351 2723 2492 2786 risit

468 2820 661 2885 corde.
742 2823 1020 2898 Snst,
1075 2823 1394 2903 Quomodo
1434 2831 1627 2908 potest
1670 2823 1866 2886 anima
1912 2822 2166 2890 hominis
2206 2843 2362 2907 quae
2391 2832 2495 2888 est

466 2922 646 2987 modo
677 2936 887 2989 ventus
915 2923 1212 3009 reingredi
1240 2944 1410 2986 suum
1443 2944 1662 3006 corpus
1691 2944 1726 2985 a
1756 2923 2061 2992 vermibus
2086 2944 2325 2986 exesum
2345 2970 2361 2998 ,
2412 2945 2500 2987 ac

465 3023 696 3086 reindui
725 3026 945 3088 sceleto
966 3025 1060 3089 vel
1081 3034 1285 3088 exusto
1314 3023 1408 3084 vel
1435 3023 1494 3084 in
1526 3023 1829 3108 pulverem
1850 3024 2091 3107 dilapso.
2135 3021 2493 3101 SmillfflS,

467 3121 644 3201 Quod
672 3123 941 3188 homines
970 3110 1380 3210 postmortem
1421 3144 1543 3186 non
1584 3124 1711 3208 plus
1752 3125 1969 3210 possint
2015 3124 2243 3198 vivere,
2291 3145 2496 3208 quam

468 3223 690 3290 bestiae
716 3235 774 3289 et
802 3246 974 3301 aveS,
1028 3234 1240 3290 suntne
1269 3244 1456 3309 aeque
1485 3224 1824 3290 rationales.
1907 3219 2237 3297 OCTAVUS,
2277 3224 2501 3290 Credo

467 3322 707 3386 Caelum
731 3373 747 3399 ,
800 3326 902 3389 scd
933 3348 1052 3389 non
1082 3326 1261 3389 credo
1290 3324 1632 3398 Infernum‚
1687 3327 1823 3410 quia
1868 3325 2031 3390 Deus
2069 3334 2154 3388 est
2180 3323 2501 3422 Omnipo-

379 3489 386 3498 ,
466 3430 593 3488 tens
621 3432 679 3487 et
707 3435 895 3511 potest
924 3439 1130 3490 omnes
1154 3425 1404 3489 salvare.
1483 3424 1737 3499 Nouus,
1787 3424 1963 3505 Quod
2004 3425 2165 3488 Deus
2204 3426 2344 3510 quia
2388 3437 2503 3492 est

465 3523 758 3605 gratiosus
803 3546 919 3588 nou
967 3525 1149 3609 possit
1192 3526 1448 3610 aliquem
1498 3526 1731 3590 mittere
1778 3527 1837 3588 in
1894 3529 2087 3610 ign-em
2141 3536 2494 3592 aeternum.

465 3620 785 3697 nmmos,
833 3624 1009 3702 Quod
1041 3646 1213 3689 nemo
1244 3626 1424 3711 possit
1457 3627 1656 3690 venire
1685 3627 1743 3688 iu
1773 3625 2098 3697 Infernum,
2142 3626 2277 3713 quia
2311 3626 2505 3694 Deus

465 3721 619 3798 misit
648 3722 860 3787 Filium
889 3744 1091 3799 suum,
1146 3727 1245 3811 qui
1275 3726 1534 3811 expiavit
1560 3747 1795 3800 omnes,
1826 3738 1909 3789 et
1942 3728 2172 3792 sustulit
2204 3727 2499 3793 omnium

465 3830 737 3905 peccata,
790 3822 929 3907 quid
970 3823 1240 3890 diabolus
1281 3828 1437 3892 valet
1491 3836 1696 3891 contra
1743 3828 1816 3890 id.
1900 3827 2317 3900 Ummium,
2371 3832 2501 3914 qui

416 3960 420 3968 -
462 3930 591 3985 erat
642 3921 959 4000 Sacerd08‚
1002 3925 1174 4010 quod
1227 3925 1310 3989 illi
1362 3928 1473 3992 soli
1527 3929 1863 4003 salventur,
1929 3928 2034 4013 qui
2084 3927 2277 4013 adepti
2334 3941 2507 3994 sunt

462 4018 635 4092 fidem
659 4073 672 4099 ,
730 4034 785 4117 ot
816 4026 973 4112 quod
1003 4026 1231 4091 Electio
1267 4027 1343 4092 sit
1383 4028 1442 4090 iu
1471 4027 1910 4115 omnipotentis
1949 4028 2209 4094 arbitrio.
2291 4027 2507 4095 Duo-

460 4139 769 4216 maenum,
822 4127 920 4214 qui
950 4138 1079 4191 erat
1105 4124 1422 4202 Politicus,
1478 4149 1600 4190 non
1641 4131 1955 4217 quicquam
1997 4129 2129 4192 dico
2170 4127 2247 4191 ¹de
2284 4128 2549 4196 Caelo*

461 4229 521 4282 et
575 4221 848 4301 inferno,
902 4226 1003 4291 sed
1056 4227 1229 4290 sinite
1284 4224 1636 4295 Sacerdotes
1688 4229 2032 4300 concionari
2085 4227 2156 4293 de
2207 4227 2359 4306 illis,
2422 4244 2508 4299 ut
2700 4265 2714 4371 l
