2750 4775
307 361 1082 418 ADDITAMENTUM.
1134 389 1193 401 --·
1242 361 1762 415 PONTtfflclt
1803 361 1890 414 IN
1934 363 2014 418 M.
2059 362 2179 419 SP.
2260 373 2371 424 327

245 514 310 580 in
342 512 572 581 Mundo
601 512 918 578 intenderit
949 521 1291 580 restaurare
1305 511 1477 576 illam
1508 513 1866 593 Ecclesiam,
1916 514 2015 582 sed
2049 514 2211 603 quod
2252 537 2374 581 non

247 615 546 703 potuerit,
601 622 841 701 propter
869 634 1078 679 causas
1080 635 1255 728 quas
1282 613 1444 677 dixit.
1526 614 1658 678 Vidi
1692 614 1888 689 illum,
1941 615 2182 702 quando
2209 616 2372 682 Urbs

243 734 472 801 magna
513 715 1021 800 septentrionalis,
1076 698 1136 776 in
1171 735 1287 799 qua
1331 712 1568 778 fuerunt
1608 712 1902 779 Pontificii
1949 724 2007 777 et
2046 715 2220 780 simul
2250 717 2369 782 Re·

241 814 525 890 formati,
579 815 673 878 die
720 813 925 880 Ultimi
969 814 1190 880 Judicii
1237 814 1686 890 destruebatur,
1749 814 1810 877 in
1847 813 2057 884 lectica
2099 824 2373 901 exporta-

243 926 412 992 tum,
478 925 540 978 et
584 915 646 978 in
690 915 884 989 locum
925 936 1201 979 securum
1243 916 1611 990 translatum.
1695 912 1784 979 Ad
1831 916 2017 979 latera
2058 914 2373 981 Societatis

245 1036 543 1102 magnae,
593 1016 655 1079 in
682 1037 798 1101 qua
826 1014 1174 1079 Pontificem
1204 1015 1358 1102 agit,
1411 1016 1676 1079 instituta
1717 1026 1853 1080 sunt
1882 1013 2241 1105 Gymnasia‚
2297 1018 2370 1082 ad

245 1138 410 1205 quae
450 1115 532 1178 illi
575 1115 761 1201 quiin
802 1115 1042 1201 ancipiti
1083 1115 1154 1177 de
1198 1114 1512 1200 Religione
1550 1115 1829 1192 haerent,
1882 1117 2139 1193 abeunt,
2189 1125 2248 1179 et
2289 1117 2372 1181 ibi

242 1227 390 1283 sunt
420 1215 702 1282 Monachi
733 1215 1033 1289 conversi,
1070 1215 1170 1301 qui
1199 1214 1328 1279 illos
1354 1215 1571 1279 docent
1597 1216 1669 1278 de
1700 1218 1833 1282 Deo
1857 1216 2171 1282 salvatore
2199 1215 2370 1286 Chri-

239 1301 382 1392 sto,
408 1327 462 1380 et
495 1337 734 1402 quoque
762 1317 835 1379 de
862 1315 1174 1380 sanctitate
1201 1315 1407 1389 Verbi,
1436 1337 1506 1380 ac
1534 1316 1812 1380 Monac-hi
1844 1315 1925 1380 illi
1966 1317 2213 1381 arbitrio
2243 1317 2371 1382 illo·

244 1442 383 1484 rum
415 1418 756 1503 relinquunt
794 1426 1068 1482 avertere
1114 1416 1344 1480 animos
1383 1439 1415 1479 a
1460 1416 2023 1484 sanctificationibus
2064 1418 2125 1480 in
2164 1418 2368 1481 Eccle-

240 1522 398 1586 siam
433 1516 1107 1586 Romano-Catholicam
1137 1517 1521 1591 introductis,
1576 1517 1654 1582 illi
1684 1521 1784 1604 qui
1815 1517 2130 1603 recipiunt,
2185 1518 2369 1583 intro-

242 1622 550 1686 ducuntur
576 1619 638 1681 in
676 1620 929 1705 amplam
959 1617 1352 1691 Societatem,
1406 1619 1508 1681 ubi
1545 1618 1624 1681 illi
1668 1620 1766 1706 qui
1796 1641 1828 1682 e
1856 1619 2029 1684 Cultu
2070 1618 2270 1705 Papae
2309 1630 2366 1683 et

239 1722 606 1786 Sanctorum
638 1729 1039 1792 recesserunt,
1090 1727 1150 1782 et
1179 1739 1309 1782 cum
1337 1718 1585 1783 inillam
1620 1721 1863 1784 veniunt
1901 1728 2038 1784 suut
2072 1719 2225 1784 sieut
2266 1722 2365 1806 qui

239 1819 648 1907 expergefacti
679 1842 709 1882 a
739 1840 951 1906 sopore
978 1818 1037 1881 in
1066 1818 1265 1902 vigilia
1291 1827 1463 1891 sunt;
1515 1829 1571 1881 et
1602 1822 1754 1884 sicut
1795 1817 1903 1907 qui
1934 1842 2004 1884 ex
2034 1820 2366 1903 injucundis

244 1923 506 1988 brumae
532 1921 592 1984 in
621 1941 870 1985 amaena
902 1920 1071 2005 primi
1101 1919 1273 1986 Veris
1302 1919 1580 1992 venium
1629 1931 1684 1983 et
1712 1921 1860 1985 sicut
1889 1920 2199 2006 Navigans
2227 1921 2365 1984 dum

244 2033 486 2110 portum
514 2021 733 2107 tangit;
789 2031 846 2082 et
879 2030 1015 2083 tunc
1044 2021 1121 2083 ab
1151 2019 1261 2082 illis
1287 2020 1392 2106 qui
1418 2020 1498 2082 ibi
1527 2030 1695 2096 sunt,
1749 2022 2080 2085 invitantur
2117 2021 2192 2084 ad
2223 2043 2364 2086 con-

247 2123 446 2195 vivia,
495 2131 555 2184 et
582 2121 757 2185 datur
784 2121 895 2187 illis
922 2141 954 2183 e
983 2119 1213 2210 cyathis
1252 2119 1605 2209 crystallinis
1647 2122 1848 2186 bibere
1888 2121 2086 2186 nobile
2113 2121 2364 2192 Vinum;

243 2233 305 2289 et
333 2222 574 2295 audivi,
618 2221 778 2307 quod
807 2219 1017 2308 Angeli
1048 2243 1078 2284 e
1107 2219 1288 2285 Caelo
1318 2220 1394 2285 ad
1421 2219 1708 2307 hospitem
1742 2222 2051 2286 demittant
2079 2223 2361 2308 patinam,

243 2344 429 2412 super
458 2344 573 2409 qua
604 2330 690 2386 est
717 2323 940 2389 Manna
970 2323 1028 2384 in
1055 2320 1226 2385 simili
1257 2319 1480 2395 forma,
1535 2331 1693 2385 etex
1720 2322 1890 2386 simili
1917 2343 2128 2412 sapore
2149 2371 2166 2400 ,
2221 2344 2365 2411 qua-

248 2426 322 2488 lis
351 2423 603 2486 demissa
632 2433 715 2484 est
754 2444 928 2510 super
968 2423 1175 2491 Castra
1219 2420 1473 2487 filiorum
1515 2421 1749 2489 Israelis
1788 2425 1848 2488 in
1889 2425 2155 2502 deserto,
2208 2446 2363 2512 quae

251 2523 468 2609 patina
486 2522 560 2585 ad
589 2521 882 2591 Convivas
923 2522 1370 2598 circumfertur,
1425 2531 1483 2585 et
1522 2526 1708 2590 cuivis
1747 2527 1923 2597 datur
1960 2525 2213 2591 liberum
2253 2547 2364 2614 gu·

244 2621 447 2689 standi
486 2621 661 2685 illam.
2084 2678 2095 2687 ,

410 2727 556 2786 821.
612 2723 833 2787 Omnes
860 2723 940 2786 illi
981 2744 1052 2787 ex
1081 2722 1383 2789 Catholica
1413 2724 1725 2812 Religione
1746 2775 1762 2802 ,
1803 2728 1902 2814 qui
1931 2728 2069 2791 dum
2098 2726 2365 2791 animad-

240 2832 489 2888 vertunt
515 2845 578 2887 se
609 2833 742 2908 post
770 2833 1018 2888 mortem
1050 2826 1274 2898 vivere,
1297 2835 1374 2887 -et
1405 2826 1462 2887 in
1496 2827 1671 2913 priori
1705 2828 1930 2891 Mundo
1978 2826 2107 2910 plus
2138 2827 2359 2910 eogita-

241 2934 465 2990 verunt
495 2926 568 2987 de
599 2925 759 2999 Deo,
819 2944 996 3010 quam
1026 2925 1096 2987 de
1127 2925 1395 3011 Papatu,
1447 2936 1504 2991 et
1534 2925 1854 2991 Charitatis
1890 2946 2072 3011 opera
2113 2947 2181 2987 ex
2221 2928 2360 2988 sim-

239 3024 382 3113 plici
407 3026 593 3089 corde
625 3023 928 3099 fecerunt,
984 3035 1292 3112 postquam
1326 3027 1593 3097 instructi
1635 3038 1803 3100 sunt,
1857 3022 2015 3110 quod
2062 3023 2193 3110 lpse
2234 3014 2360 3095 Do,-

236 3127 441 3190 minus
464 3124 746 3190 Salvator
774 3125 979 3190 Mundi
1023 3124 1117 3187 hic
1146 3136 1393 3211 regnet,
1447 3124 1619 3191 facile
1663 3127 2041 3191 abducuntur
2080 3145 2112 3191 a
2154 3145 2360 3210 super-

233 3227 482 3295 stitiosis
508 3227 674 3290 istius
705 3225 1067 3310 Religionis3
1121 3224 1213 3290 his
1249 3237 1336 3290 est
1376 3231 1655 3291 transitus
1703 3250 1733 3290 a
1765 3226 2042 3313 Papismo
2083 3225 2156 3288 ad
2190 3224 2360 3288 Chri-

231 3327 610 3391 stianismum
654 3335 774 3388 tam
814 3325 1031 3401 facilis,
1084 3327 1234 3390 sicut
1282 3336 1368 3390 est
1414 3349 1516 3413 per
1560 3328 1716 3393 fores
1763 3336 1997 3414 apertas
2037 3326 2258 3389 intrare
2300 3324 2359 3391 in

236 3428 596 3512 Templum;
650 3436 708 3490 et
736 3428 886 3489 sicut
914 3436 1002 3491 est
1035 3426 1284 3490 transire
1317 3426 1645 3504 Satellitia,
1702 3447 1853 3513 quae
1899 3428 1954 3488 in
2000 3427 2163 3490 atriis
2204 3436 2360 3502 sunt,

235 3530 298 3591 in
351 3527 597 3601 Aula'm,
654 3529 971 3591 mandante
1018 3528 1217 3611 Rege3
1273 3538 1331 3594 et
1375 3528 1528 3591 sicut
1573 3538 1659 3594 est
1707 3529 1980 3592 attollere
2026 3527 2253 3592 vultum
2303 3538 2361 3592 et

227 3628 540 3715 suspicere
563 3629 640 3691 ad
670 3626 947 3702 Caelum,
1002 3628 1141 3691 dum
1186 3629 1321 3693 inde
1361 3628 1684 3695 audiuntur
1731 3652 1936 3694 voces:
1994 3640 2053 3693 at
2087 3628 2359 3704 vicissim,

233 3737 362 3793 tam
393 3727 621 3792 difficile
668 3738 756 3792 est
806 3749 840 3792 a
887 3729 1306 3816 superstitiosis
1333 3729 1662 3816 Religionis
1691 3732 1853 3794 istius
1888 3730 2183 3797 abducere
2212 3730 2363 3802 illos,

237 3829 344 3915 qui
373 3829 432 3890 in
464 3829 620 3891 vitae
645 3849 791 3895 suae
820 3827 1116 3894 curriculo
1145 3831 1203 3895 in
1232 3830 1465 3897 Mundo
1495 3852 1635 3894 raro
1679 3832 1727 3895 si
1770 3854 2018 3916 usquam
2061 3831 2358 3916 cogitave-

234 3938 382 3999 runt
423 3928 496 3993 de
527 3928 691 4006 Deo,
742 3950 814 4003 ac
853 3930 1090 3995 Cultum
1138 3931 1301 3995 illum
1350 3932 1529 4002 modo
1568 3941 1812 4019 propter
1849 3931 2199 3997 festivitates
2236 3930 2361 4013 ejus

233 4028 608 4104 dilexerunt,
655 4031 807 4094 sicut
842 4040 927 4103 est
957 4031 1179 4096 intrare
1204 4032 1266 4095 in
1290 4030 1608 4118 Templum
1646 4053 1749 4117 per
1793 4031 1949 4096 fores
1990 4031 2247 4103 clausas;
2303 4036 2362 4092 et

231 4130 392 4196 sicut
421 4140 509 4194 est
546 4152 654 4218 pet
678 4131 967 4195 Satellitia
1005 4131 1064 4193 in
1107 4132 1273 4197 atriis
1308 4131 1564 4195 transire
1606 4133 1666 4194 in
1706 4129 1954 4206 Aulam,
2008 4129 2360 4217 probibente

231 4230 437 4316 Rege3
507 4241 566 4294 et
621 4231 772 4295 sicut
825 4231 1004 4319 angui
1050 4232 1122 4295 in·
1154 4230 1343 4295 herba
1392 4230 1673 4301 extollere
1722 4229 1922 4296 oculos
1977 4230 2051 4293 ad
2096 4229 2358 4292 Caelum.
