2750 4775
807 381 960 437 xnl.
1043 382 1140 436 SA
1162 382 1394 436 N-CTA
1450 382 1762 437 COENA.
2223 396 2329 443 223

232 534 419 600 Filius
466 543 529 598 et
576 535 833 624 Spiritus
886 536 1141 604 Sanctus
1181 546 1245 602 ut
1296 547 1512 613 unum',
1579 537 1717 622 quia
1765 537 1821 599 in
1877 558 1989 602 una
2045 537 2329 617 Persona,

233 645 670 723 agnoscuntur,
754 635 975 724 placuit
1025 638 1282 702 Domino
1348 638 1619 703 revelare
1674 637 1920 702 Sensum
1971 638 2332 727 spiritualem

231 738 451 813 Verbi,
507 747 569 800 ut
610 738 756 800 haec
796 738 1057 802 Ecclesia
1099 740 1158 802 in
1197 740 1386 825 ipsum
1424 760 1591 803 usum
1636 737 1889 802 fructum
1918 736 2333 805 Sacramentu-

226 857 402 914 rum,
454 838 742 924 Baptismi
789 848 848 902 et
896 839 1149 904 Sanctae
1192 839 1464 915 Caenae,
1532 831 1761 915 veniat,
1824 839 1988 926 'quod
2036 836 2130 915 fit,
2196 861 2328 904 cum

231 940 436 1004 vident
482 939 664 1003 oculis
713 940 949 1027 spiritus
1001 942 1118 1014 sui,
1184 941 1302 1004 boc
1352 951 1473 1015 est,
1539 940 1869 1015 intellectu,
1924 938 2330 1016 sanctitatem,

227 1063 388 1130 quae
425 1041 566 1104 inihi
600 1043 774 1115 latet,
826 1050 883 1103 et
909 1042 1064 1106 hanc
1101 1042 1213 1106 sibi
1251 1043 1546 1178 applicant
1591 1062 1694 1128 per
1737 1041 1965 1118 media,
2017 1061 2171 1129 quae
2212 1040 2335 1108 Do·

227 1144 426 1208 minus
461 1144 522 1208 in
559 1142 760 1207 Verbo
799 1164 906 1207 suo
940 1144 1159 1206 docuit
1423 1172 1432 1178 -

390 1247 538 1308 701.
619 1243 933 1308 Sanctitas
952 1244 1355 1320 sacramenti,
1407 1242 1479 1307 de
1523 1265 1643 1329 quo
1690 1241 1784 1306 hic
1831 1243 2055 1328 agitur,
2109 1242 2333 1330 absque

226 1345 422 1410 Sensu
463 1345 752 1429 spirituali
780 1344 963 1408 Verbi
990 1354 1227 1432 aperto,
1277 1363 1382 1409 seu
1418 1346 1579 1430 quod
1617 1343 1803 1419 idem,
1858 1344 2078 1434 absque
2117 1343 2333 1410 Corre-

224 1445 597 1536 spondentiis
644 1445 1001 1510 naturalium
1046 1467 1178 1510 cum
1224 1445 1625 1532 spiritualibus
1667 1445 1977 1520 revelatis,
2042 1465 2162 1512 uon
2207 1445 2334 1531 plus

225 1547 478 1613 interius
519 1548 760 1634 agnosci
807 1555 1027 1633 potest,
1095 1568 1271 1635 quam
1321 1546 1632 1614 thesaurus
1667 1544 2018 1610 reconditus
2059 1545 2134 1607 in·
2166 1565 2333 1632 agro,

226 1651 481 1737 quinon
516 1650 647 1734 plus
672 1649 1017 1713 aestimatur
1045 1669 1222 1735 quam
1251 1669 1396 1735 ager
1425 1649 1717 1734 vulgaris,
1768 1657 1829 1711 at
1869 1668 1998 1710 cum
2037 1645 2332 1732 detegitur

226 1749 399 1839 quod
437 1750 498 1813 in
550 1769 696 1836 agro
740 1749 840 1814 illo
878 1749 954 1813 sit
1003 1748 1338 1827 thesaurus,
1401 1750 1747 1815 aestimatur
1785 1768 1929 1835 ager
1971 1747 2067 1812 ille
2116 1767 2332 1834 magno

231 1851 429 1939 pretio
448 1899 464 1928 ,
518 1861 581 1918 et
603 1862 794 1915 emtor
820 1861 961 1913 tunc
987 1850 1486 1938 opulentiamsibi
1526 1851 1663 1914 inde
1696 1848 2064 1939 appropriat;
2118 1858 2177 1912 et
2206 1848 2333 1935 plus

228 1951 463 2027 adhuc,
515 1953 753 2038 quando
795 1951 1200 2037 cognoscitur,
1254 1951 1411 2037 quod
1457 1951 1666 2026 inillo
1704 1952 1779 2016 sit
1824 1948 2133 2016 thesaurus
2169 1952 2330 2015 omni

226 2075 389 2118 auro
424 2054 749 2137 pretiosior.
836 2049 1075 2137 Absque
1112 2051 1300 2115 Sensu
1341 2051 1629 2137 spirituali
1669 2061 1758 2116 est
1796 2050 1937 2115 illud
1982 2050 2331 2116 Sacramen-

227 2164 393 2229 tum,
457 2155 608 2219 sicut
653 2155 907 2219 Domus.
935 2152 1201 2226 occlusa,
1265 2152 1452 2239 plena,
1481 2152 1719 2217 cimeliis
1768 2162 1828 2217 et
1877 2150 2332 2242 gazophylaciis,

228 2276 388 2343 quae
436 2254 787 2340 praeteritur
829 2253 974 2318 sicut
1020 2253 1230 2317 domus
1269 2252 1384 2315 alia
1425 2253 1484 2314 in
1528 2254 1754 2339 platea;
1806 2261 1865 2319 at
1906 2252 2043 2340 quia
2082 2273 2116 2316 a
2158 2252 2332 2320 Clero

228 2357 435 2444 quoad
470 2355 720 2441 parietes
748 2350 1054 2420 aedificata
1083 2364 1168 2420 est
1197 2373 1268 2416 ex
1294 2375 1588 2427 marmore
1606 2408 1620 2431 ‚
1672 2365 1730 2418 et
1758 2355 1951 2444 quoad
1981 2363 2202 2420 tectum
2231 2355 2336 2419 oh-

229 2454 419 2521 dueta
459 2465 546 2520 est
585 2455 815 2519 laminis
844 2456 1004 2540 auri,
1056 2453 1373 2519 attrahitur
1399 2455 1558 2520 visus
1585 2457 2079 2543 praetereuntium
2108 2457 2181 2521 ad
2208 2479 2337 2545 spe-

237 2556 557 2631 ctandum,
596 2556 954 2621 laudandum
985 2565 1042 2619 et
1069 2555 1533 2630 aestimandum;
1579 2557 1781 2635 aliter,
1819 2579 1951 2622 cum
1979 2559 2209 2625 Domus
2235 2558 2334 2624 illa

233 2667 449 2744 aperta
472 2666 575 2732 est,
601 2667 660 2724 et
688 2657 869 2721 cuivis
887 2656 1062 2737 datur
1087 2658 1253 2747 copia
1280 2657 1559 2734 intrandi,
1583 2667 1642 2722 et
1672 2669 1866 2724 custos
1882 2660 2214 2747 suppeditat
2235 2661 2341 2726 ali-

233 2757 457 2846 quibus
485 2769 751 2823 mutuum
779 2758 934 2835 inde,
966 2759 1257 2846 aliquibus
1282 2760 1503 2825 ¹donum
1543 2760 1695 2836 inde,
1738 2761 1980 2847 singulis
2016 2761 2335 2847 secundum

209 2860 617 2947 ·dignitatem;
661 2859 874 2924 dicitur
900 2846 1118 2925 donum
1153 2860 1306 2935 inde,
1343 2862 1479 2948 quia
1511 2862 1763 2949 pretiosa
1787 2861 1871 2935 ibi
1898 2871 2030 2925 sunt
2060 2859 2341 2926 inexhau-

236 2970 348 3035 sta,
378 2972 439 3025 et
461 2960 803 3049 supplentur
833 2962 1140 3035 continue3
1182 2962 1271 3031 ita,
1299 2972 1384 3027 est
1415 2983 1545 3026 cum
1566 2963 1767 3031 Verbo
1797 2959 1991 3049 quoad
2018 2961 2339 3048 spiritualia

237 3062 385 3145 ejuS,
406 3073 463 3127 et
492 3085 621 3125 cum
642 3062 1038 3127 sacramentis
1060 3062 1252 3150 quoad
1275 3064 1547 3127 caelestia
1566 3064 1840 3129 illorum·
1871 3061 2339 3140 Sacramentum,

241 3163 316 3229 de
349 3184 466 3249 quo
494 3162 590 3231 hic
616 3164 842 3248 agitur,
894 3163 1116 3251 absque
1145 3165 1407 3228 revelata
1438 3165 1748 3237 sanctitate
1789 3165 1941 3249 ejus,
1997 3182 2147 3250 quae
2187 3162 2342 3228 intus

236 3265 416 3335 latet,
468 3266 714 3350 apparet
755 3264 903 3331 sicut
940 3285 1121 3328 arena
1162 3262 1358 3340 fluvii,
1412 3266 1471 3327 in
1513 3286 1627 3350 qua
1667 3263 1916 3350 granula
1969 3264 2098 3329 auri
2135 3264 2339 3326 incon·

235 3366 442 3452 spicua
470 3366 742 3429 inmulta
773 3366 937 3452 copia
966 3374 1132 3440 sunt,
1191 3374 1250 3430 at
1290 3387 1422 3429 cum
1462 3365 1723 3430 revelata
1754 3375 1872 3441 est,
1921 3376 2008 3429 est
2046 3365 2194 3431 sicut
2231 3386 2337 3429 au·

234 3484 383 3533 rum·
402 3466 538 3529 inde
569 3466 913 3541 collectum,
962 3475 1020 3528 et
1047 3466 1239 3533 fusum
1268 3467 1326 3531 in
1356 3487 1639 3542 massam,
1690 3476 1749 3529 et
1788 3467 1937 3530 haec
1961 3465 2249 3532 fabricata
2280 3467 2339 3529 in

239 3565 519 3656 pulchras
547 3565 784 3634 formas.
864 3566 1312 3631 Sacramentum
1338 3566 1456 3631 hoc
1483 3567 1706 3655 absque
1729 3567 2053 3633 Sanctitate
2083 3566 2214 3654 ejus
2235 3567 2338 3634 de·

235 3676 396 3737 tecta
444 3677 502 3730 et
540 3670 701 3745 visa,
749 3676 838 3735 est
877 3668 1023 3733 sicut
1058 3689 1196 3733 arca
1237 3678 1295 3732 et
1336 3667 1507 3735 theca
1550 3691 1621 3734 ex
1659 3668 1799 3753 fago
1832 3677 1933 3737 aut
1972 3669 2221 3756 populo,
2276 3671 2335 3734 in

239 3791 362 3857 qua
393 3769 767 3847 adamantes,
823 3769 1052 3843 rubini,
1104 3781 1177 3839 et:
1201 3770 1397 3858 plures
1437 3771 1534 3835 alii
1575 3769 1800 3858 lapides
1832 3771 2066 3857 pretiosi
2091 3771 2148 3834 in
2177 3772 2340 3839 loeu-

238 3871 306 3949 lis
359 3870 583 3937 ordine·
620 3870 881 3957 dispositi
928 3869 1150 3954 jacent,
1210 3872 1338 3958 quis
1382 3892 1506 3936 non
1545 3892 1743 3939 arcam
1793 3882 1852 3944 et
1902 3871 2133 3939 thecam
2178 3872 2337 3937 illam

237 3971 541 4045 aestimat,
591 3971 691 4059 qui
721 3971 886 4037 novit
911 3972 1069 4057 quod
1098 3972 1235 4040 talia
1265 3973 1423 4037 intus
1448 3972 1704 4048 lateant,
1755 3981 1817 4035 et
1856 3973 1984 4062 plus
2022 3994 2154 4037 cum
2184 3973 2343 4038 videt

230 4073 376 4150 illa,
429 4081 487 4135 et
528 4095 764 4159 quoque
807 4095 939 4138 cum
967 4073 1397 4139 distribuuntur
1425 4076 1620 4160 gratis.
1702 4062 2168 4145 Sacramentum
2196 4073 2339 4137 illud

240 4175 466 4262 absque
508 4176 780 4240 revelatis
821 4174 1351 4262 correspondentiis
1390 4173 1518 4258 ejus
1555 4194 1687 4240 cum
1735 4173 1950 4250 Caelo,
2003 4182 2061 4236 et
2100 4175 2184 4239 sic
2221 4194 2342 4239 non

243 4276 383 4342 visis
421 4275 799 4353 caelestibus,
840 4276 1063 4365 jquibns
1104 4274 1555 4364 correspondet,
1607 4284 1694 4341 est
1721 4274 1870 4341 sicut
1899 4271 2156 4361 Angelus
2183 4274 2341 4338 visus
