2750 4775
443 333 552 382 210⁰
723 319 1180 374 UMVERSA
1224 317 1759 373 'ruEOLOGlA
1801 319 1866 372 N.
1910 317 1975 374 C.
2017 318 2125 370 ΕΤ
2166 318 2235 373 Ν.
2277 318 2342 371 Ε.

437 495 580 559 erga
609 475 968 561 proximum;
1024 474 1171 538 tales
1196 484 1331 538 sunt
1358 494 1604 548 omnes,
1655 472 1758 559 qui
1786 482 2112 560 operantur
2150 471 2545 557 iniquitatem,

440 575 763 639 secundum
788 572 935 639 baec
963 575 1203 640 Domini
1233 574 1438 650 verba,
1485 576 1656 667 Tunc
1695 576 1989 666 incipietis
2015 563 2230 649 dicere,
2272 572 2548 651 Domine,

442 675 675 742 edimus
718 698 917 741 coram
968 677 1054 742 Te
1107 689 1165 741 et
1226 675 1513 750 bibimus,
1570 675 1685 741 sed
1737 674 1937 739 dicam
1975 675 2155 740 vobis
2173 722 2190 750 ,
2250 699 2378 740 non
2415 678 2554 741 novi

441 802 563 845 vos
612 776 774 842 unde
821 779 1000 853 esus,
1064 774 1353 843 deli-cedite
1402 801 1442 842 a
1499 800 1591 841 me
1643 800 1851 841 omnes
1889 778 2155 870 operarii
2191 780 2546 869 iniquitatis,

442 880 583 945 Luc.
624 877 805 944 xm:
860 882 963 942 2⁶.
1004 882 1109 942 27.

595 982 742 1044 724.
798 978 968 1043 Haec
1008 980 1157 1044 sieut
1198 979 1396 1068 priora
1435 978 1714 1044 illustrari
1763 986 2003 1066 possunt
2038 999 2140 1064 per
2185 978 2354 1044 varia
2400 999 2547 1065 quae

444 1080 842 1155 concordant,
897 1091 956 1145 et
1000 1101 1237 1167 quoque
1281 1101 1434 1169 quae
1481 1079 1975 1167 correspondent;
2029 1080 2177 1143 sicut
2224 1101 2332 1168 per
2385 1080 2545 1144 haec.

443 1181 618 1263 Quod
662 1180 735 1244 ad
764 1181 1033 1247 Mensam
1075 1180 1461 1269 Imperatoris
1505 1192 1563 1245 et
1603 1181 1788 1267 Regis
1829 1197 1950 1244 non
1995 1179 2389 1245 admittantur
2434 1180 2547 1257 alii,

445 1303 625 1370 quam
666 1282 765 1370 qui
809 1282 869 1345 in
905 1280 1233 1347 honorifica
1285 1281 1587 1348 functione
1631 1292 1689 1346 et
1732 1282 2020 1368 dignitate
2059 1292 2229 1357 sunt,
2288 1291 2349 1345 et
2393 1281 2545 1370 quod

443 1383 504 1446 hi
547 1405 815 1471 quoque,
885 1394 1204 1471 antequam
1245 1384 1565 1458 accedunt,
1638 1383 1926 1448 amiciant
1967 1404 2029 1447 se
2095 1382 2329 1448 decoris
2378 1383 2546 1448 vesti-

444 1486 584 1562 bus,
644 1494 705 1549 et
733 1495 1021 1549 exornent
1062 1485 1420 1573 insignibus,
1475 1494 1540 1548 ut
1582 1483 1806 1572 accepti
1858 1484 2145 1548 accedant
2203 1494 2264 1548 et
2303 1482 2543 1549 favean-

443 1597 569 1659 tur;
610 1586 750 1674 quid
780 1606 898 1650 non
927 1586 1001 1651 ad
1018 1585 1285 1652 Mensam
1305 1586 1566 1661 Domini,
1590 1584 1690 1672 qui
1717 1594 1804 1649 est
1832 1584 2122 1650 Dominus
2147 1584 2542 1662 dominorum,

443 1698 506 1753 et
533 1687 664 1752 Rex
708 1706 931 1773 regum,
980 1685 1163 1772 Apoc.
1213 1687 1424 1753 xvn:
1484 1688 1583 1760 14,
1648 1685 1725 1750 ad
1773 1707 1951 1773 quam
1998 1706 2201 1751 omnes
2253 1688 2454 1751 vocati
2489 1697 2544 1753 et

384 1805 389 1808 ⁴
444 1788 674 1853 invitati
700 1796 868 1862 sunt;
922 1795 982 1850 at
1007 1789 1197 1852 solum
1223 1787 1304 1851 illi
1332 1788 1432 1875 qui
1460 1785 1841 1875 spiritualiter
1866 1787 2026 1874 digni
2052 1796 2218 1864 sunt,
2261 1788 2413 1852 etin
2440 1786 2543 1854 lio·

444 1886 690 1954 notifico
733 1888 979 1962 vestitu,
1031 1899 1338 1974 postquam
1385 1898 1699 1975 resurgunt
1726 1910 1759 1950 e
1791 1910 2019 1963 mensa,
2069 1888 2545 1954 intromittuntur

441 1991 502 2054 in
543 1990 757 2078 palatia
784 1988 963 2064 caeli,
1016 1999 1072 2053 et
1116 1989 1174 2052 in
1212 1989 1430 2077 gaudia
1461 1989 1572 2065 ibi,
1623 1998 1683 2053 et
1725 1988 2095 2054 honorantur
2137 1998 2199 2052 ut
2235 1990 2540 2079 principes,

440 2092 577 2179 quia
621 2099 757 2155 sunt
797 2089 1039 2154 Maximi
1085 2090 1270 2177 Regis
1308 2089 1445 2167 filii,
1516 2099 1576 2154 et
1619 2102 1820 2178 postea
1861 2089 2120 2177 quotidie
2163 2090 2541 2156 discumbunt

442 2214 575 2256 cum
607 2188 983 2265 Abrahamo,
1032 2190 1197 2256 lsaco
1236 2202 1295 2256 et
1318 2193 1589 2266 Jacobo‚
1643 2190 1854 2257 Manli.
1889 2189 2071 2256 vul:
2104 2194 2206 2267 11,
2254 2213 2363 2280 per
2398 2213 2539 2279 quos

443 2292 787 2377 intelligitur
826 2290 1113 2356 Dominus
1155 2293 1348 2378 quoad
1378 2294 1660 2358 Divinum
1698 2292 1994 2368 Caeleste,
2049 2292 2333 2357 Divinum
2363 2293 2539 2381 Spiri-

442 2393 630 2468 tuale,
684 2402 740 2456 et
767 2392 1044 2457 Divinum
1073 2395 1378 2458 Naturale.
1448 2395 1670 2460 Eadem
1700 2395 1798 2459 illa
1838 2394 2015 2458 etiam
2045 2397 2382 2481 comparari
2413 2418 2537 2482 pos·

442 2503 578 2558 sunt
618 2515 749 2556 cum
786 2493 1020 2579 Nuptiis
1061 2496 1120 2558 in
1158 2505 1349 2570 terra,
1401 2496 1476 2560 ad
1511 2516 1656 2582 quas
1695 2497 2024 2561 invitantur
2062 2494 2250 2559 solum
2292 2517 2537 2560 consan-

443 2594 671 2682 guinei,
724 2596 1036 2683 propinqui
1075 2605 1135 2659 et
1173 2596 1345 2660 amici
1388 2598 1582 2685 sponsi
1628 2604 1685 2658 et
1726 2618 2001 2684 sponsae,
2056 2596 2101 2660 si
2143 2595 2294 2662 alius
2340 2599 2532 2672 intrat,

446 2695 691 2784 quidem
709 2694 1073 2772 admittitur,
1123 2697 1223 2762 sed
1252 2699 1388 2784 quia
1420 2720 1535 2761 non
1565 2695 1962 2765 habettocum
1998 2696 2073 2761 ad
2100 2719 2401 2776 mensam,
2451 2719 2535 2763 re-

447 2797 634 2870 cedit;
687 2795 873 2860 simile
901 2806 988 2862 est
1011 2797 1283 2862 cumillis
1307 2798 1408 2884 qui
1439 2798 1512 2862 ad
1545 2800 1775 2886 nuptias
1799 2799 2038 2863 Domini
2076 2807 2138 2861 ut
2164 2790 2378 2886 Sponsi
2405 2820 2531 2863 cum

448 2899 710 2964 Ecclesia
738 2909 802 2964 ut
829 2897 1076 2985 Sponsa,
1106 2898 1298 2964 vocati
1323 2910 1478 2974 sunt,
1533 2900 1686 2964 inter
1715 2921 1863 2986 quos
1891 2909 2025 2965 sunt
2053 2899 2386 2987 propinqui,
2443 2922 2535 2964 co-

445 3001 604 3087 gnati
645 3010 703 3065 et
746 2999 917 3064 amici
962 2999 1075 3077 illi,
1129 3001 1226 3087 qui
1271 2998 1513 3064 trahunt
1547 3010 1793 3066 stemma
1819 3022 1925 3086 per
1963 3001 2475 3087 regenerationem
2503 3023 2532 3066 a

445 3101 719 3167 Domino.
772 3102 1089 3167 Praeterea
1119 3101 1248 3187 quis
1273 3101 1330 3164 in
1362 3100 1591 3167 Mundo
1629 3100 1894 3165 initiatur
1933 3102 1994 3165 in
2034 3100 2355 3167 amicitiam
2396 3102 2533 3166 alte·

443 3202 593 3278 rius,
648 3203 754 3268 nisi
799 3202 896 3289 qui
933 3201 1163 3266 sincero
1203 3202 1383 3267 corde
1422 3203 1475 3266 ei
1521 3200 1673 3277 fidit,
1729 3211 1787 3266 et
1830 3203 1956 3289 ejus
1984 3201 2349 3268 voluntatem
2383 3202 2533 3280 facit,

441 3302 595 3369 bunc
639 3315 697 3370 et
743 3324 861 3369 non
909 3303 1054 3369 alios
1097 3295 1252 3370 int‘er
1293 3326 1434 3369 suos
1478 3312 1788 3378 numerat,
1839 3313 1896 3367 et
1944 3303 1997 3366 ei
2037 3324 2143 3369 sua
2189 3304 2349 3369 bona
2396 3327 2531 3370 con·

444 3406 644 3472 credit.
2159 3401 2165 3407 ’

447 3629 632 3712 Quod
680 3629 805 3704 illi,
856 3636 976 3725 *qui
1023 3631 1111 3698 ad
1157 3630 1440 3699 Sanctam
1498 3633 1759 3698 Caenam
1811 3630 1990 3723 digne
2040 3629 2366 3711 accedunt,
2419 3637 2532 3699 sint

441 3733 504 3792 in
547 3730 827 3804 Domino,
883 3746 941 3796 et
993 3732 1288 3798 Dominus
1328 3738 1388 3797 in
1419 3732 1576 3809 illis,
1612 3733 1871 3828 proinde
1907 3732 2075 3826 quod
2103 3755 2218 3825 per
2250 3730 2532 3801 Sanctam

825 3831 1085 3897 Caenam
1116 3832 1254 3925 fiat
1302 3839 1646 3924 conjunctio
1695 3859 1827 3901 eum
1879 3834 2158 3900 Domine.

595 4011 740 4072 725.
794 4008 969 4091 Quod
1010 4009 1092 4074 illi
1133 4010 1207 4079 ad
1233 4011 1513 4079 Sanctam
1551 4012 1808 4078 Caenam
1850 4010 2024 4099 digne
2064 4010 2386 4090 accedant,
2441 4011 2532 4103 qui

439 4108 498 4171 in
537 4108 650 4173 fide
689 4110 752 4173 in
785 4111 1103 4177 Dominum
1146 4123 1205 4177 et
1256 4113 1319 4176 in
1361 4112 1645 4179 charitate
1690 4133 1833 4200 erga
1888 4111 2214 4201 proximum
2258 4123 2427 4188 sunt;
2477 4122 2531 4177 et

439 4209 597 4296 quod
620 4211 902 4278 veritates
929 4210 1059 4277 fidei
1085 4211 1292 4278 sistant
1318 4214 1715 4300 praesentiam
1742 4213 2014 4289 Domini,
2064 4221 2125 4276 et
2152 4213 2312 4279 bona
2342 4214 2528 4281 chari·

2667 4294 2673 4345 ¹
