2750 4775
680 357 843 413 VIII.
926 355 1334 414 LIBERUM
1400 355 1944 414 ARBITRIUM.
2305 369 2374 418 25

276 512 467 575 creari
511 511 735 597 absque
764 511 983 575 Libero
1021 505 1288 574 Arbitrio
1317 510 1376 572 in
1418 510 1851 597 spiritualibus,
1902 510 1948 575 si
1976 509 2120 573 illud
2159 511 2381 576 adime-

270 622 440 676 retur
479 611 567 687 ei,
622 635 738 675 non
771 610 1202 698 ampliuslforet
1225 610 1406 674 bomo
1428 659 1443 685 ,
1497 612 1599 675 sed
1629 611 1805 675 modo
1833 620 2060 676 statua:
2113 613 2250 697 quid
2281 613 2381 676 Li·

269 714 481 776 berum
512 712 838 776 Arbitrium
880 713 988 776 nisi
1019 732 1186 798 posse
1216 711 1366 776 velle
1396 721 1453 774 et
1482 711 1698 787 facere,
1740 732 1808 774 ac
1834 713 2096 797 cogitare
2126 723 2183 775 et
2211 713 2376 800 loqui

268 815 333 879 in
379 814 541 878 omni
582 811 927 900 apparentia
971 820 1036 874 ut
1077 833 1110 875 a
1138 834 1234 885 se‚·
1288 811 1569 897 quoniam
1604 812 1719 875 boc
1761 811 1958 875 datum
2005 824 2091 876 est
2133 813 2379 891 homini,

268 925 334 978 ut
367 915 598 978 viveret
627 913 840 988 bomo,
897 913 1033 975 ideo
1064 913 1286 999 positae
1327 911 1565 976 luerunt
1595 913 1769 977 binae
1797 909 2059 976 Arbores
2085 912 2144 977 in
2176 914 2375 979 Horto

270 1015 528 1091 Edenis‚
582 1013 780 1079 Arbor
828 1013 1015 1087 vitae,
1082 1021 1140 1076 et
1194 1010 1396 1076 Arbor
1438 1014 1721 1077 scientiae
1764 1012 1910 1077 boni
1946 1022 2004 1075 et
2043 1014 2212 1089 mali,
2269 1036 2376 1100 per

265 1117 429 1202 quod
474 1114 878 1201 significatur,
930 1113 1087 1199 quod
1135 1134 1207 1177 ex
1245 1112 1464 1177 Libero
1508 1114 1619 1178 sibi
1666 1114 1806 1177 dato
1853 1123 2044 1199 posset
2087 1113 2263 1179 edere
2304 1135 2375 1179 ex

267 1218 464 1282 fructu
509 1214 762 1281 Arboris
813 1216 999 1291 vitae,
1065 1222 1124 1278 et
1170 1235 1240 1277 ex
1284 1212 1480 1278 fructu
1528 1214 1760 1279 arboris
1801 1214 2081 1279 scientiae
2127 1215 2268 1279 boni
2316 1224 2377 1279 et

264 1319 425 1384 mali.
1757 1369 1765 1380 ,
2167 1309 2172 1313 ’

423 1422 570 1484 490.
626 1415 802 1496 Quod
845 1437 1019 1480 omne
1063 1415 1219 1503 quod
1250 1414 1413 1480 Deus
1443 1415 1701 1491 creavit,
1753 1414 1932 1479 fuerit
1963 1415 2218 1491 bonum,
2272 1438 2374 1504 pa-

268 1530 355 1585 tet
383 1541 416 1584 a
447 1522 639 1606 primo
668 1517 872 1605 Capite
899 1517 1230 1592 Geneseos,
1285 1516 1386 1580 ubi
1419 1516 1633 1580 dicitur
1660 1516 1827 1580 vers,
1865 1520 1964 1579 10.
1998 1520 2098 1580 12.
2135 1521 2232 1581 18.
2267 1521 2369 1580 21.

271 1626 381 1699 25,
445 1620 605 1686 vidit
635 1620 803 1685 Deus
843 1617 1012 1709 quod
1052 1619 1269 1684 bonum
1308 1632 1501 1692 esset,
1556 1626 1614 1680 et
1652 1617 1890 1680 tandem
1919 1617 2086 1682 Vers.
2120 1621 2224 1693 31,
2274 1621 2375 1682 vi-

265 1723 357 1787 dit
382 1722 550 1787 Deus
591 1744 764 1785 omne
801 1716 1175 1811 quodficit‚
1227 1731 1284 1781 et
1322 1741 1454 1783 ecce
1495 1718 1715 1783 bonum
1763 1716 1980 1792 valde,
2033 1729 2092 1782 et
2133 1740 2371 1804 quoque

261 1844 298 1887 a
342 1824 646 1911 primaevo
686 1830 842 1885 statu
881 1819 1135 1885 hominis
1171 1821 1229 1881 in
1259 1819 1579 1883 Paradiso:
1645 1828 1706 1883 at
1733 1818 1891 1904 quod
1921 1819 2141 1883 malum
2171 1830 2369 1882 ortum

260 1924 338 1988 sit
366 1924 442 1987 ab
470 1923 710 1986 homine
732 1970 747 1996 ,
802 1932 960 2006 patet
989 1942 1021 1983 a
1051 1929 1206 1984 statu
1235 1916 1449 1984 Adami
1478 1918 1802 1983 secundum
1830 1941 1935 1983 seu
1965 1930 2094 2007 post
2124 1921 2372 2006 lapsum,

184 2055 199 2064 s
262 2025 422 2109 quod
465 2046 536 2087 ex
580 2022 867 2088 Paradiso
915 2020 1187 2107 expulsus
1223 2020 1312 2082 sit.
1378 2020 1466 2083 Ex
1507 2018 1596 2086 his
1626 2029 1816 2105 patet,
1868 2020 2027 2106 quod
2057 2021 2163 2085 nisi
2194 2020 2372 2083 Libe-

260 2145 396 2196 rum
427 2120 755 2188 Arbitrium
786 2122 845 2183 in
872 2120 1278 2208 spiritualibus
1303 2118 1526 2181 homini
1556 2119 1757 2182 datum
1787 2120 2020 2197 fuisset,
2060 2121 2182 2209 ipse
2211 2120 2373 2186 Deus

263 2244 443 2287 causa
487 2222 627 2284 mali
668 2222 901 2295 fuisset,
956 2230 1015 2283 et
1055 2240 1174 2281 non
1210 2217 1428 2294 homo,
1482 2220 1651 2306 etsie
1680 2221 1837 2305 quod
1864 2220 2026 2286 Deus
2053 2220 2373 2288 creavisset

269 2332 330 2385 et
367 2324 590 2385 bonum
633 2332 691 2384 et
735 2319 985 2396 malum,
1042 2319 1198 2406 quod
1228 2320 1406 2382 etiam
1441 2320 1692 2395 malum,
1747 2320 2063 2385 nefandum
2097 2331 2180 2387 est
2210 2321 2372 2408 cogi-

267 2432 416 2488 tare.
472 2422 648 2503 Quod
679 2423 840 2487 Deus
870 2442 988 2485 non
1018 2421 1307 2485 crea-verit
1337 2423 1553 2486 malum
1574 2470 1590 2496 ,
1643 2422 1776 2508 quia
1808 2423 2088 2487 Liberum
2119 2422 2375 2488 Arbitri-

267 2546 367 2588 um
410 2524 471 2587 in
503 2522 906 2611 spiritualibus
932 2520 1156 2585 homini
1185 2522 1511 2598 indiderat,
1563 2531 1621 2585 et
1663 2525 1821 2609 quod
1861 2545 2151 2611 nusquam
2195 2525 2373 2612 inspi-

263 2636 357 2688 ret
393 2625 446 2688 ei
487 2625 725 2711 aliquod
770 2624 1022 2698 malum,
1078 2634 1162 2687 est
1206 2623 1341 2709 quia
1383 2632 1470 2686 est
1510 2623 1699 2711 ipsum
1742 2625 2017 2701 Bonum,
2069 2635 2128 2688 et
2158 2626 2216 2687 in
2253 2623 2372 2689 1100

258 2726 427 2790 Deus
464 2726 910 2811 omnipraesens
952 2733 1068 2799 est,
1123 2745 1193 2786 00
1235 2725 1513 2787 continue
1557 2724 1798 2811 impellit
1837 2735 1894 2788 et
1926 2725 2155 2812 flagitat
2184 2735 2248 2789 ut
2273 2747 2371 2793 re—

262 2828 546 2912 cipiatur,
602 2837 658 2891 et
687 2825 846 2910 quod
874 2824 1072 2888 sinon
1098 2823 1409 2911 recipitur,
1463 2846 1646 2911 usque
1686 2847 1803 2888 non
1833 2827 2103 2902 recedat,
2154 2848 2292 2890 nam
2320 2826 2374 2891 si

260 2928 586 3003 recederet,
638 2926 819 2990 homo
848 2927 906 2988 in
937 2926 1176 2989 instanti
1207 2935 1572 3000 moreretur,
1619 2926 1738 2988 imo
1768 2926 2132 2992 dilaberetur
2158 2930 2218 2990 in
2247 2949 2370 2990 non

260 3050 397 3103 eus,
450 3049 585 3091 nam
625 3029 747 3091 vita
789 3025 1042 3101 homini,
1091 3046 1160 3088 ac
1187 3025 1562 3091 subsistentia
1591 3027 1853 3091 omnium
1883 3050 1954 3091 ex
1982 3029 2197 3113 quibus
2226 3048 2368 3090 con—

258 3128 440 3203 sistit,
496 3150 527 3192 a
558 3129 687 3194 Deo
717 3137 819 3191 est.
891 3126 1068 3206 Quod
1097 3126 1258 3191 Deus
1286 3148 1405 3190 non
1449 3128 1737 3190 creaverit
1768 3127 1986 3217 malum
2007 3176 2022 3203 ,
2075 3129 2178 3197 sed
2207 3128 2368 3213 quod

256 3228 438 3292 homo
467 3230 610 3293 illud
640 3227 923 3303 intulerit,
975 3235 1062 3291 est
1093 3248 1291 3302 causa,
1334 3228 1472 3312 quia
1501 3224 1683 3289 homo
1715 3228 1893 3291 vertit
1924 3230 2168 3304 bonum,
2208 3228 2370 3312 quod

259 3351 292 3392 a
324 3329 456 3394 Deo
489 3331 767 3393 continue
797 3327 1018 3403 influit,
1075 3328 1133 3389 in
1161 3327 1417 3403 malum,
1475 3347 1578 3415 per
1611 3327 1773 3412 quod
1801 3348 1874 3392 se.
1892 3337 2128 3394 avertat
2155 3349 2187 3390 a
2219 3328 2370 3405 Deo,

258 3439 318 3492 et
357 3451 421 3493 se
461 3437 771 3495 convertat
815 3430 887 3493 ad
928 3438 1147 3503 semet,
1202 3428 1360 3514 quod
1404 3449 1535 3492 cum
1581 3427 1677 3502 fit,
1732 3438 2001 3492 remanet
2046 3429 2367 3514 jucundum

255 3530 433 3607 boni,
488 3542 544 3594 et
583 3531 696 3595 boc
726 3541 868 3594 tunc
895 3529 959 3594 fit
988 3528 1313 3613 jucundum
1343 3528 1517 3605 mali,
1569 3549 1707 3592 nam
1751 3530 1976 3616 absque
2021 3539 2368 3595 remanente

255 3631 518 3717 jucundo
566 3642 848 3717 tanquam
894 3630 1102 3705 simili,
1130 3629 1332 3695 bomo
1374 3651 1494 3693 non
1542 3631 1812 3706 viveret,
1862 3652 1997 3696 nam
2042 3632 2366 3716 jucundum

256 3731 399 3809 facit
434 3732 616 3797 vitam
667 3732 886 3795 amoris
937 3730 1094 3813 ejus:
1166 3731 1267 3794 sed
1316 3752 1501 3817 usque
1549 3730 1802 3816 jucunda
1850 3732 1948 3796 illa
1997 3743 2131 3796 sunt
2177 3732 2287 3796 sibi
2334 3753 2368 3795 e

255 3832 550 3901 diametro
579 3832 878 3920 opposita;
934 3851 1139 3895 verum
1168 3830 1286 3895 hoc
1313 3831 1499 3895 nescit
1527 3829 1735 3909 bomo,
1790 3834 2071 3919 quamdiu
2099 3834 2157 3895 in
2188 3834 2368 3897 Mun-

253 3933 333 3997 do
364 3933 547 4010 vivit,
601 3943 664 3998 at
684 3942 821 4021 post
847 3938 1100 3996 mortem
1134 3931 1193 3995 id
1236 3932 1492 3996 sciturus
1518 3942 1639 4007 est,
1692 3943 1750 3996 et
1782 3954 2021 4020 quoque
2052 3932 2388 3996 manifeste*

250 4044 670 4122 percepturus»,
742 4055 880 4098 nam
932 4041 1077 4096 tunc
1117 4032 1442 4119 jucundum
1491 4035 1712 4113 amoris
1755 4034 1934 4108 boni,
2006 4034 2261 4097 vertitur
2305 4033 2366 4094 in

249 4134 493 4198 beatum
536 4135 823 4209 caeleste,
874 4142 935 4199 at
963 4132 1283 4218 jucundum
1328 4133 1548 4198 amoris
1580 4135 1720 4199 mali
1746 4134 1804 4196 in
1835 4134 2027 4197 dirum
2054 4131 2362 4205 infernale.

253 4232 342 4298 Ex
394 4234 587 4303 allatis
643 4244 907 4314 constat,
978 4234 1137 4321 quod
1185 4222 1379 4299 omnis
1422 4232 1602 4299 bomo
1651 4233 2124 4322 praedestinatus
2169 4230 2241 4297 sit
2290 4228 2365 4291 ad
