2750 4775
883 385 1006 440 xlt.
1090 385 1628 441 BAPTISMUS.
2211 400 2312 447 195

217 561 403 649 Quod
458 561 691 629 Tertius
743 587 892 629 usus
935 561 1257 654 Baptismi,
1309 567 1419 656 qui
1463 578 1554 629 est
1584 565 1860 658 finalis,
1906 572 1984 631 sit
2023 582 2088 634 ut
2138 565 2315 642 Ιιρηιο

1071 678 1458 752 regeneretur.

367 843 515 905 684.
571 842 688 904 Hic
714 855 855 904 usus
879 849 965 904 est
1005 841 1128 925 ipse
1156 840 1311 905 Usus
1341 851 1581 930 propter
1610 863 1782 928 quem
1813 843 2180 933 Baptismus,
2231 846 2313 909 ita

206 943 436 1020 finaliS,
488 952 814 1016 causaest,
869 942 1005 1027 quia
1035 963 1174 1005 vere
1206 940 1572 1007 Christianus
1614 946 1914 1029 cognoscit
1951 953 2010 1007 et
2051 947 2317 1032 agnoscit

208 1044 536 1109 Dominum
568 1043 1061 1130 Redemptorem‚
1112 1042 1318 1107 Jesum
1348 1042 1676 1117 Christum,
1730 1045 1848 1126 Qui
1890 1046 2026 1132 quia
2065 1055 2154 1111 est
2193 1046 2315 1110 Re·

205 1148 519 1232 demptor,
572 1147 749 1209 etiam
792 1152 876 1207 est
922 1144 1368 1228 Regenerator3
1426 1145 1583 1231 quod
1627 1145 1979 1233 Redemptio
2021 1154 2079 1210 et
2119 1146 2314 1235 Rege·

204 1248 459 1312 neratio‘
488 1267 669 1310 unum
703 1243 954 1318 faciant,
1008 1245 1280 1309 videatur
1319 1247 1375 1309 in
1411 1246 1617 1333 Capite
1659 1247 1732 1310 de
1772 1246 2216 1313 Reformatioue
2254 1257 2315 1314 et

206 1348 727 1438 Regeneratione,
780 1342 904 1409 Art.
937 1344 1056 1408 1112
1114 1356 1237 1409 tum
1280 1347 1418 1434 quia
1462 1345 1828 1412 Christianus
1874 1349 2127 1432 possidet
2165 1349 2316 1415 Ver-

204 1450 388 1525 bum,
440 1450 498 1510 iu
530 1470 648 1535 quo
692 1447 881 1509 media
912 1445 1408 1531 Regenerationis
1446 1458 1678 1513 exstant
1720 1447 2042 1535 descripta,
2094 1460 2154 1514 et
2191 1471 2316 1515 me-

203 1551 304 1615 dia
344 1550 431 1614 ibi
476 1558 612 1612 sunt
642 1549 815 1614 Fides
852 1548 911 1609 in
952 1541 1300 1624 Dominum,
1353 1558 1414 1613 et
1453 1547 1725 1614 Charitas
1761 1569 1911 1636 ,erga
1953 1550 2316 1639 proximum:

207 1651 329 1715 hoc
388 1651 541 1714 idem
588 1660 675 1714 est
717 1669 852 1714 cum
892 1647 1003 1712 hoc
1050 1650 1209 1735 quod
1248 1650 1465 1714 dicitnr
1502 1650 1574 1714 de
1623 1651 1914 1726 Domino,
1961 1652 2124 1738 quod
2170 1652 2318 1745 Ipse
2348 1651 2362 1666 “

205 1753 485 1847 ὂαρῑίιει
517 1748 745 1843 Spiritu
787 1763 1000 1815 sancto
1041 1763 1098 1815 et
1143 1751 1326 1840 Igne,
1383 1749 1595 1815 Matth.
1654 1750 1783 1815 Ill:
1843 1745 1950 1818 ΗΣ
2018 1754 2208 1817 Marc.
2255 1752 2311 1820 I:

208 1859 247 1915 8
294 1855 372 1918 ad
426 1855 524 1916 11.
609 1852 745 1916 Luc.
795 1851 915 1915 Ill:
981 1856 1081 1915 16.
1174 1850 1313 1914 Joh:
1363 1851 1424 1915 1:
1486 1855 1602 1923 33;
1675 1873 1780 1941 per
1835 1852 2121 1938 Spiritum
2179 1873 2314 1919 sau-

206 1965 372 2019 ctum
402 1953 740 2039 intelligitur
769 1952 1049 2015 Divinum
1079 1952 1295 2017 Verum
1328 1949 1495 2027 fidei,
1549 1962 1607 2015 et
1653 1975 1758 2038 per
1799 1953 2002 2040 Ignem
2029 1954 2315 2022 Divinum

206 2056 449 2120 Bonum
479 2055 699 2118 amoris
728 2073 830 2116 seu
860 2051 1210 2127 Charitatis,
1263 2063 1578 2140 utrumque
1609 2055 1934 2139 procedens
1960 2075 1996 2119 a
2024 2055 2314 2130 Domino:

206 2158 375 2243 quod
416 2154 828 2242 perspiritum
869 2163 1136 2217 sanctum
1184 2153 1548 2239 intelligatur
1575 2154 1854 2218 Divinum
1894 2156 2115 2221 Verum
2145 2141 2317 2234 ‘fidei,

206 2258 490 2321 videatur
513 2259 574 2318 in
608 2254 814 2341 Capite
842 2253 914 2315 de
941 2255 1199 2317 Smurru
1223 2253 1506 2326 Ssucrm
1559 2265 1617 2317 et
1658 2257 1816 2341 quod
1858 2278 1963 2343 per
1991 2255 2194 2344 Ignem
2227 2260 2317 2322 in-

204 2358 519 2442 telligatur
545 2356 823 2419 Divinum
852 2353 1087 2419 Bonum
1129 2356 1378 2431 amoris,
1434 2356 1491 2418 in
1525 2354 1915 2422 Ammnm
1950 2358 2322 2438 Ravana·

207 2482 286 2522 n:
342 2463 486 2522 468.
529 2460 689 2528 395;
742 2464 803 2518 et
846 2476 952 2542 per
991 2454 1139 2518 haec
1178 2455 1294 2521 duo
1334 2456 1401 2521 fit
1442 2460 1630 2521 omnis
1673 2457 2069 2544 Regeneratio
2110 2482 2144 2525 a
2188 2461 2314 2527 Do·

210 2559 396 2621 mi'no.
479 2556 659 2637 Quod
697 2557 826 2644 Ipse
856 2556 1145 2621 Dominus
1183 2580 1217 2621 a
1258 2556 1534 2622 Johanne
1578 2559 1904 2643 baptizatus
1941 2562 2046 2638 sit,
2097 2562 2309 2631 Matth.

210 2659 344 2723 111:
407 2662 485 2722 18
533 2659 608 2722 ad
655 2662 753 2721 Π.
810 2660 996 2724 Maro.
1046 2657 1103 2720 1:
1153 2663 1209 2722 ⁹.
1263 2658 1404 2724 Luc.
1455 2658 1578 2722 111:
1626 2663 1727 2723 21.
1777 2665 1896 2735 22,
1967 2661 2078 2727 fuit
2116 2685 2312 2740 causa,

208 2772 276 2823 ut
324 2783 443 2825 non
492 2760 668 2824 modo
713 2760 771 2822 iu
816 2759 1079 2824 futuru-m
1125 2758 1453 2825 institueret
1499 2759 1901 2848 Baptismum,
1953 2750 2013 2826 ει
2060 2766 2317 2849 praeiret

208 2864 513 2950 exemplo:
565 2862 666 2926 sed
706 2863 883 2925 etiam
924 2861 1063 2948 quia
1101 2859 1458 2946 glorificavit
1487 2860 1830 2926 Humanum
1870 2884 2039 2927 suum
2082 2871 2140 2926 et
2179 2861 2318 2927 Hoc

212 2963 496 3030 Divinum
528 2964 702 3039 fecit,
752 2965 900 3027 sicut
934 2971 1247 3048 regenerat
1276 2961 1604 3039 hominem,
1657 2973 1717 3027 et
1755 2961 1913 3027 hunc
1950 2963 2312 3051 spiritualem

211 3063 371 3128 facit.

369 3172 515 3232 685.
590 3165 678 3230 Ex
722 3174 860 3229 ante
905 3174 964 3228 et
1008 3187 1165 3228 nunc
1209 3164 1413 3240 dictis,
1468 3163 1656 3228 videri
1709 3172 1931 3248 potest,
1983 3162 2141 3251 quod
2195 3173 2315 3229 tres

214 3264 368 3333 Usus
398 3268 670 3354 baptismi
702 3265 1059 3330 cohaereant
1086 3276 1149 3328 ιιι
1181 3287 1361 3328 unum
1382 3316 1395 3340 ,
1452 3263 1948 3351 quemadmodum
1989 3284 2166 3329 causa
2196 3266 2314 3353 pri-

214 3389 338 3445 ma,
393 3389 585 3455 causa(
603 3367 792 3431 media
826 3388 976 3453 quae
1015 3367 1300 3441 efficiens,
1355 3373 1414 3427 et
1439 3380 1629 3428 'cansa
1660 3366 1863 3429 ultima
1905 3387 2058 3451 quae
2101 3373 2189 3430 est
2227 3363 2316 3430 es-

212 3466 451 3545 semus,
483 3479 547 3532 et
584 3472 705 3557 ipse
737 3466 871 3533 finis
906 3477 1148 3555 propter
1186 3488 1361 3553 quem
1404 3464 1661 3552 priorem
1717 3467 1939 3552 primus
1977 3466 2134 3530 enim
2175 3488 2313 3532 usus

211 3577 296 3632 est
323 3581 390 3634 ut
420 3570 756 3633 nominetur
781 3567 1180 3643 Christianus,
1231 3567 1523 3631 secundus
1551 3588 1623 3629 ex
1662 3566 1774 3632 h'oc
1800 3588 2049 3655 sequens
2077 3577 2196 3645 est,
2248 3574 2315 3633 ιιι

215 3680 531 3758 cognoscat
576 3679 634 3735 et
675 3679 957 3756 agnoscat
1002 3669 1320 3733 Dominum
1356 3668 1850 3754 Redemptorem,
1905 3670 2314 3759 Regenerato-

216 3760 331 3837 rem
361 3782 424 3836 et
448 3772 853 3847 salvatorem,
907 3781 963 3833 et
993 3771 1197 3834 tertius
1222 3778 1308 3833 est
1337 3779 1400 3831 ut
1428 3778 1815 3854 regeneretur
1841 3771 1918 3839 ab
1945 3770 2109 3861 Ipso,
2152 3771 2312 3861 quod

217 3870 355 3936 duni·
379 3873 476 3948 fit,
529 3884 616 3937 est
643 3873 980 3960 redemptus
1007 3880 1067 3933 et
1093 3871 1370 3937 salvatus.
1444 3870 1742 3949 Quoniam
1785 3869 1843 3933 hi
1885 3880 2001 3936 tres
2044 3895 2181 3938 usus
2221 3894 2313 3937 se-

217 3984 471 4055 quuntur
499 3974 742 4049 ordine,
793 3982 854 4036 et
893 3972 953 4035 in
1000 3973 1205 4037 ultimo
1244 3992 1308 4035 se
1354 3973 1753 4061 conjungunt,
1803 3981 1863 4034 et
1902 3972 2037 4036 inde
2079 3974 2140 4036 in
2179 3971 2310 4037 idea

221 4069 570 4162 Angelorum
602 4074 920 4140 cohaerent
946 4083 1009 4137 ut
1037 4094 1215 4136 unum
1236 4121 1252 4147 ,
1304 4072 1437 4136 ideo
1466 4094 1598 4135 cum
1629 4071 1964 4160 Baptismus
1990 4073 2311 4161 peragitur,

220 4168 425 4260 legitur
462 4178 522 4241 in
561 4177 794 4252 Verbo,
847 4186 906 4240 et
947 4172 1318 4247 nominatur,
1374 4170 1584 4257 Angeli
1625 4174 1726 4259 qui
1766 4172 2009 4253 adsunt,
2047 4193 2179 4235 non
2219 4172 2309 4234 in-

219 4276 474 4364 telligunt
530 4279 919 4367 baptismum,
978 4275 1080 4340 sed
1136 4272 1706 4359 Regenerationem;
1767 4290 1961 4430 §agre
2011 4291 2116 4356 per
2162 4266 2313 4355 haec
