2750 4775
898 345 994 403 ῙΧ.
1076 344 1718 403 ΡΑΕΝΙΤΕΝΤΙΑ.
2291 358 2362 409 57

269 500 626 565 Con-ramo
660 519 800 565 11.1,A
827 519 1071 578 Ausone
1096 519 1512 565 unm-renna
1551 520 1790 572 nerum
1842 499 1901 564 in
1929 500 2157 568 Mundo
2193 500 2366 587 spiri-

265 600 411 666 tuali
459 601 723 687 quaesivi
766 601 1011 677 multos,
1077 601 1178 687 qui
1222 599 1396 664 fidem
1452 599 1856 688 imputatis-am
1902 601 2094 666 meriti
2144 598 2361 667 Christi

265 700 424 790 apud
451 723 513 766 se
542 700 1062 777 confirmaverunt,
1114 723 1254 765 num
1283 700 1544 788 aliquam
1572 700 1997 770 contritionem
2026 702 2361 779 habuerint,

263 812 327 867 et
352 802 798 890 responderunt.
835 802 972 889 quid
1003 801 1317 878 Contritio,
1349 823 1481 866 cum
1510 824 1544 866 a
1574 802 1820 891 pueritia
1850 824 1956 889 pro
1983 813 2146 868 certo
2173 803 2360 870 credi-

262 902 478 978 dimus,
510 902 670 989 quod
698 903 961 968 Christus
988 903 1259 991 passione
1281 924 1388 968 sua
1415 903 1612 967 omnia
1641 913 1883 989 peccata
1911 903 2146 967 illorum
2171 913 2361 968 suatu-

261 1003 432 1076 lerit;
476 1025 620 1070 cum
662 1003 775 1068 hac
816 1003 934 1068 fide
970 1026 1096 1069 non
1135 1006 1389 1091 quadrat
1416 1005 1728 1079 contritio,
1777 1003 2067 1072 Contritio
2092 1004 2246 1068 enim
2276 1015 2363 1070 est

263 1126 330 1170 se
358 1105 652 1190 conjicere
672 1106 733 1170 in
762 1104 1083 1182 infernum,
1134 1114 1192 1170 et
1220 1104 1637 1170 conscientiam
1668 1106 1953 1181 cruciare,
2003 1125 2138 1170 cum
2167 1114 2365 1170 tamen

260 1207 482 1280 sciunt,
532 1206 693 1295 quod
718 1206 1006 1295 redempti
1032 1208 1176 1282 sint,
1232 1218 1290 1270 et
1317 1207 1401 1274 sic
1429 1207 1680 1293 exempti
1705 1207 1973 1283 inferno,
2026 1215 2084 1270 et
2113 1206 2246 1270 inde
2275 1208 2365 1272 in-

260 1306 536 1380 demnes;
604 1306 696 1372 bis
734 1308 1121 1385 addiderunt,
1186 1307 1343 1395 quod
1384 1316 1667 1373 statutum
1710 1307 2092 1374 Contritionis
2129 1329 2249 1371 non
2287 1309 2362 1372 sit

262 1408 375 1473 nisi
404 1407 785 1494 figmentum,
836 1409 997 1495 quod
1030 1410 1164 1474 loco
1193 1409 1633 1484 Paenitentiae,
1689 1411 1848 1495 quod
1878 1410 2054 1472 toties
2075 1408 2136 1471 in
2160 1408 2362 1474 Verbo

263 1519 664 1585 memoratur,
707 1520 767 1573 et
794 1532 1033 1597 quoque
1063 1510 1418 1597 injungitur,
1471 1520 1848 1597 acceptatum
1871 1519 1994 1583 est;
2046 1510 2204 1595 quod
2242 1509 2364 1574 sor·

260 1609 417 1675 sitan
445 1610 520 1675 sit
548 1611 744 1696 aliqua
773 1614 992 1677 emotio
1018 1612 1231 1677 mentis
1257 1611 1416 1698 apud
1442 1611 1733 1698 simplices
1760 1612 1858 1697 qui
1890 1630 2009 1674 non
2036 1611 2222 1675 sciunt
2251 1611 2362 1676 nisi

260 1732 472 1799 parum
503 1710 575 1774 de
605 1712 961 1801 Evangelio,
1012 1714 1256 1800 quando
1281 1712 1353 1777 de
1381 1712 1741 1778 cruciatibus
1766 1712 1825 1775 in
1854 1710 2087 1776 inferno
2116 1712 2364 1804 audiunt

259 1822 364 1876 aut
410 1811 705 1898 cogitant3
774 1824 831 1877 et
876 1814 1180 1890 dixerunt,
1248 1815 1403 1901 quod
1451 1813 1777 1880 consolatio
1822 1812 2133 1899 Evangelii
2175 1812 2288 1878 illis
2322 1833 2357 1876 a

260 1914 451 1998 prima
494 1912 891 1980 adolescentia
931 1915 1251 2003 impressa,
1319 1914 1608 1980 amoverit
1647 1912 2077 1979 contritionem
2120 1911 2246 1988 ita,
2293 1924 2362 1978 ut

259 2015 445 2078 corde
473 2013 708 2078 riserint
748 2016 821 2078 ad
860 2016 1057 2092 illam,
1108 2036 1242 2078 cum
1268 2014 1723 2091 nominabatur,
1773 2024 1832 2079 et
1871 2014 2029 2101 quod
2059 2013 2360 2079 infernum

258 2133 382 2176 non
412 2115 669 2199 potuerit
694 2114 807 2182 illis
833 2125 1124 2181 terrorem
1152 2114 1418 2179 incutere
1459 2114 1588 2201 plus
1626 2136 1804 2201 quam
1843 2123 2031 2204 potest
2071 2116 2220 2202 ignis
2246 2116 2362 2180 Ve-

260 2213 431 2278 suvii·
458 2223 517 2275 et
547 2211 777 2277 Aetnae
822 2216 936 2281 illis
973 2215 1070 2302 qui
1098 2216 1465 2280 Warsoviae
1505 2224 1561 2279 et
1592 2216 1855 2281 Viennae
1892 2214 2191 2289 babitant;
2249 2237 2360 2281 nec

264 2313 394 2401 plus
437 2333 617 2403 qnam
666 2314 916 2384 basilisci
954 2326 1011 2379 et
1050 2314 1336 2381 echidnae
1358 2315 1417 2379 in
1452 2316 1697 2382 desertis
1722 2314 2015 2394 Arabiae,
2066 2326 2169 2382 aut
2195 2318 2361 2406 tigri-⁹

261 2414 369 2479 des
396 2424 456 2479 et
486 2415 688 2480 leones
715 2416 774 2479 in
808 2417 990 2507 sylvis
1015 2417 1361 2495 Tartariae,
1415 2419 1529 2483 illis
1554 2418 1658 2504 qui
1685 2418 1741 2482 in
1769 2419 1917 2484 urbe
1945 2420 2137 2506 aliqua
2168 2420 2359 2485 Euro-

257 2536 371 2604 pae
408 2515 469 2579 in
507 2525 672 2593 tuto,
728 2520 1045 2605 tranquillo
1085 2528 1143 2583 et
1184 2520 1384 2606 quicto
1421 2530 1588 2585 sunt:
1651 2529 1709 2584 et
1747 2519 1906 2608 quod
1951 2520 2186 2595 tranei
2233 2543 2353 2586 non

256 2617 389 2705 plns
431 2619 709 2682 terruerit
748 2628 806 2682 et
847 2621 1192 2686 contriverit
1233 2619 1400 2697 illos,
1455 2642 1631 2706 quam
1673 2629 1863 2710 potest
1889 2620 1976 2687 ira
2004 2622 2187 2708 Regis
2212 2624 2357 2692 Per·

248 2720 372 2782 siae
401 2719 532 2783 illos
559 2720 660 2807 qui
690 2719 746 2782 in
775 2720 1214 2811 Pennsylvania
1247 2731 1399 2787 sunt.
1459 2721 1549 2787 Ex
1578 2721 1686 2799 his,
1726 2732 1784 2786 et
1812 2744 2048 2811 quoque
2077 2744 2147 2787 ex
2179 2723 2359 2788 ratio—

253 2818 430 2885 nibus
458 2821 724 2886 deductis
750 2843 821 2885 ex
849 2823 1263 2889 traditionibus
1289 2823 1547 2899 illorum,
1600 2822 1983 2888 confirmatus
2005 2846 2158 2900 sum,
2197 2824 2357 2910 quod

253 2918 581 2997 Contritio,
632 2921 741 2986 nisi
780 2924 854 2988 sit
882 2925 1284 3000 Paenitentia,
1337 2924 1531 3011 qualis
1574 2924 1923 2989 describitur
1964 2924 2022 2987 in
2061 2924 2361 3010 sequenti-

164 3068 173 3075 ·
253 3020 400 3096 bus,
441 3044 560 3087 non
588 3024 663 3086 sit
690 3024 848 3087 aliud
878 3046 1054 3112 quam
1081 3024 1370 3089 ludicrum
1402 3025 1761 3112 phantasiae.
1817 3024 1993 3106 Quod
2021 3025 2356 3092 Reformati

253 3121 393 3184 loco
429 3124 823 3209 paenitentiae
863 3127 1240 3191 assumserim
1270 3126 1733 3202 Contritionem,
1789 3125 1897 3190 fuit
1939 3128 2115 3192 etiam
2158 3148 2353 3202 causa,

256 3231 323 3285 ut
365 3243 398 3287 a
430 3224 1087 3303 Romano-Catholicis,
1135 3228 1234 3313 qui
1274 3226 1736 3303 Paenitentiam,
1790 3235 1850 3289 et
1883 3227 2057 3293 simul
2083 3225 2355 3293 Charita-

255 3332 398 3397 tem,
453 3334 686 3410 urgent,
730 3326 1178 3403 divellerentur,
1230 3337 1290 3392 et
1319 3335 1629 3414 postquam
1665 3325 2164 3394 confirmaverunt
2192 3327 2356 3411 justi-

251 3421 587 3489 ficationem
641 3449 742 3515 per
786 3429 971 3495 solam
1021 3427 1229 3503 fidem,
1283 3429 1614 3514 allegarunt
1664 3430 1991 3505 rationem,
2053 3428 2212 3515 quod
2251 3450 2356 3515 per

250 3524 687 3591 Paenitentiam
731 3529 880 3593 sicut
909 3550 1013 3617 per
1040 3527 1402 3593 charitatem
1422 3577 1439 3605 ,
1492 3529 1713 3617 aliquid
1740 3530 1991 3595 hominis
2016 3530 2175 3617 quod
2205 3530 2356 3620 sapit

250 3626 528 3692 meritum
547 3675 565 3703 ,
609 3629 665 3692 in
695 3628 867 3694 fidem
896 3648 1065 3695 suam
1093 3630 1363 3706 intraret,
1417 3638 1475 3694 et
1504 3630 1843 3721 denigraret
1871 3631 2048 3695 illam.

282 3851 493 3936 Quod·
516 3853 655 3921 sola
710 3855 1031 3947 Cmgfhssio
1078 3856 1299 3935 omlis,
1353 3856 1522 3948 quod
1572 3859 1871 3924 Peccator
1922 3863 2020 3934 sit,
2078 3883 2198 3922 non
2249 3861 2328 3923 sit

1099 3959 1507 4025 Paenitentia.

400 4137 479 4198 51
494 4139 550 4199 ὅ.
621 4135 713 4200 De
765 4096 936 4202 Orali
990 4136 1104 4202 hac
1155 4098 1540 4203 Confessione
1589 4136 1669 4203 ita
1723 4136 1968 4203 tradunt
2019 4130 2356 4199 Reformati

248 4229 629 4322 Augustanae
652 4236 1041 4305 ‚Confessioni
1084 4236 1335 4304 addicti:
1405 4235 1638 4313 „Nemo
1684 4258 1931 4324 usquam
1971 4240 2161 4322 potest
2201 4229 2351 4293 scire
