2750 4775
467 369 539 419 aa
712 355 1172 410 UNIVERSA
1212 356 1744 410 THEOLOGIA
1787 357 1855 410 N.
1899 355 1961 409 C.
1991 356 2109 436 ‘ET
2150 355 2216 408 N.
2258 355 2319 408 E.

464 512 819 578 charitatem
857 519 1137 597 operetur
1167 531 1237 576 ex
1264 532 1328 576 se
1355 531 1390 574 a
1417 510 1674 575 Domino
1692 558 1710 587 ,
1762 521 1819 574 et
1849 510 2006 598 quod
2034 510 2257 597 absque
2284 508 2400 574 hac
2423 530 2559 598 ope·

467 614 701 678 ratione
756 622 893 677 tuus
951 621 1116 676 actus
1158 610 1327 688 fidei,
1400 632 1576 698 quem
1634 613 1856 681 vocasti
1903 611 2097 701 Caput
2143 611 2559 676 Doctrinarum

466 713 763 779 Ecclesiae
803 713 862 776 in
890 713 1366 789 christianismo,
1416 734 1536 777 non
1564 713 1774 777 sitnisi
1816 734 1994 799 quam
2032 720 2226 777 statua
2269 734 2424 776 uxor
2446 712 2559 775 Lo-

464 815 547 891 ti,
600 813 854 879 tinniens
893 837 961 877 ex
1005 835 1170 882 mero
1208 815 1331 881 sale
1366 814 1569 880 stricta
1600 835 1791 900 penna
1815 814 2066 892 scribae,
2119 822 2224 877 aut
2253 833 2450 900 ungue
2476 813 2561 876 di·
2646 827 2650 831 ’

467 916 572 1006 giti
598 917 757 1003 ejus,
812 916 952 979 Luc.
983 916 1195 981 XVII:
1223 920 1337 990 3‘2;
1386 914 1502 980 hoc
1535 915 1682 992 dixi,
1729 915 1864 1002 quia
1907 915 2114 980 facitis
2143 924 2372 981 vosmet
2412 916 2562 1004 ipsos

467 1017 669 1104 quoad
716 1015 929 1081 Actum
976 1016 1143 1080 illum
1183 1017 1402 1083 similes
1441 1016 1666 1082 statuis.
1739 1016 1887 1081 Cum
1934 1015 2082 1081 haec
2128 1016 2280 1091 dixi,
2359 1016 2563 1082 sumsit

469 1117 870 1209 lychnuchum
917 1117 975 1182 vi
1020 1139 1229 1183 manus
1266 1118 1641 1203 conjecturus
1673 1119 1730 1180 in
1760 1117 1968 1182 faciem
2001 1139 2188 1182 meam
2212 1161 2229 1192 ,
2278 1128 2337 1183 et
2371 1118 2564 1183 subito

460 1229 609 1283 tuuc
667 1218 956 1285 exstincto
997 1218 1218 1310 lychno
1277 1219 1529 1301 conjecit
1574 1219 1634 1283 in
1678 1216 1933 1284 frontem
1969 1218 2232 1295 sodalis,
2301 1229 2362 1283 et
2408 1218 2564 1285 abivi

462 1321 676 1391 ridens,

621 1427 770 1486 506.
826 1421 1157 1502 Quaerunt
1192 1421 1641 1486 Mmonaumz,
1695 1420 1818 1486 Visi
1857 1430 1991 1485 sunt
2029 1421 2090 1483 in
2126 1421 2358 1488 Mundo
2385 1419 2563 1509 Spiri-

465 1523 614 1590 tuali
652 1523 770 1588 duo
804 1522 1065 1610 Greges,
1116 1543 1268 1586 unus
1300 1529 1429 1584 erat
1468 1541 1540 1585 ex
1580 1519 1835 1595 Hmcm,
1888 1531 1948 1586 et
1987 1523 2140 1588 alter
2179 1543 2251 1587 ex
2287 1524 2560 1587 Ovnmsz

464 1627 713 1690 miratus
749 1646 914 1700 sum,
985 1623 1226 1708 quinam
1275 1630 1508 1697 essent,
1561 1621 1784 1709 ‘quippe
1833 1622 2006 1697 novi,
2072 1625 2230 1710 quod
2267 1622 2561 1688 Animalia

465 1727 589 1793 visa
618 1726 678 1789 in
690 1723 931 1813 ‚Mundo
956 1722 1261 1809 spirituali,
1313 1744 1433 1786 non
1459 1722 1572 1787 sint
1600 1722 1915 1799 Animalia,
1958 1724 2062 1790 sed
2088 1724 2248 1812 quod
2275 1724 2392 1790 sint
2420 1723 2563 1788 Cor·

463 1825 911 1916 respondentiae
955 1821 1328 1890 affectionum
1369 1833 1430 1888 et
1466 1823 1602 1888 inde
1641 1823 2065 1911 cogitationum
2105 1848 2175 1892 ex
2212 1826 2326 1890 illis
2355 1825 2455 1913 qui
2481 1823 2558 1888 ihi

461 1938 631 2000 sunt;
682 1946 868 2012 quare
894 1925 1111 1990 accessi
1138 1923 1411 2015 propius,
1462 1935 1521 1990 et
1559 1924 1709 1991 sicut
1746 1928 2018 2002 accessis
2048 1927 2386 2015 disparatae
2426 1933 2559 1993 sunt

461 2027 868 2097 similitudines
916 2026 1289 2103 animalium,
1353 2036 1413 2093 et
1453 2027 1594 2093 loco.
1635 2026 1869 2091 illorum
1916 2029 2026 2093 visi
2060 2038 2195 2092 sunt
2234 2027 2556 2100 Hominem

462 2140 523 2195 et
550 2128 984 2195 manifestatum
1014 2137 1120 2204 est,
1173 2127 1330 2217 quod
1359 2130 1460 2216 qui
1485 2127 1780 2194 faciebant
1810 2126 2067 2215 Gregem
2090 2128 2428 2205 hircorum,
2467 2148 2557 2192 es·

448 2241 621 2309 sent,
675 2228 781 2318 qui·
803 2250 865 2293 se
901 2228 1398 2294 confirmaverunt
1441 2230 1500 2294 in
1532 2228 2293 2296 Doctrina‹.lustificatiouis
2317 2251 2426 2316 per
2452 2229 2558 2293 So·-

461 2332 580 2403 lam
607 2331 811 2417 Fidem
829 2378 845 2408 ,
900 2338 958 2397 et
986 2331 1084 2417 qui
1113 2329 1409 2396 faciehant
1434 2329 1688 2418 Gregem
1717 2330 1937 2399 Ovium
1966 2339 2189 2407 essent,
2240 2330 2338 2418 qui
2371 2329 2560 2396 credi-

461 2433 710 2508 derunt,
762 2431 921 2519 quod
955 2429 1228 2497 Charitas
1269 2441 1329 2496 et
1367 2432 1575 2506 Fides,
1631 2453 1812 2496 unum
1852 2432 1999 2508 sint,
2049 2432 2198 2496 sicut
2226 2431 2465 2496 Bonum
2501 2437 2558 2494 et

462 2533 685 2599 Verum
710 2554 910 2599 -unum
948 2541 1111 2598 sunt.
1168 2533 1422 2598 Etftunc
1460 2533 1735 2619 loquutus
1771 2555 1897 2598 sum
1939 2555 2080 2597 cum
2114 2532 2257 2607 illis,
2308 2534 2414 2619 qui
2452 2528 2556 2597 visi

462 2644 599 2703 sunt
625 2635 776 2701 sicut
806 2633 1008 2710 Hirci,
1061 2644 1118 2697 et
1138 2634 1297 2709 dixi,
1348 2655 1456 2698 cur
1480 2633 1559 2697 ita
1591 2634 1930 2721 congregati
1959 2634 2126 2707 estis;
2180 2644 2353 2699 erant
2384 2631 2557 2720 pleri·

466 2758 584 2824 que
622 2757 693 2802 ex
721 2736 926 2810 Clero,
975 2735 1077 2820 qui
1107 2733 1342 2820 gloriati
1381 2743 1528 2799 sunt
1550 2757 1618 2799 ex
1661 2734 1816 2799 fama
1842 2735 2218 2812 eruditionis,
2271 2735 2411 2822 quia
2453 2755 2557 2797 uo-

467 2847 683 2902 verunt
708 2836 944 2906 Arcana
972 2834 1408 2922 justificationis
1431 2856 1535 2922 per
1567 2835 1753 2901 solam
1784 2833 1988 2909 fidem;
2041 2837 2347 2913 dixerunt,
2403 2832 2555 2924 quod

454 2936 807 3027 congregati
835 2937 969 3014 sint,
1021 2945 1085 3011 ut,
1112 2935 1360 3009 sedeant
1388 2936 1731 3012 Concilium,
1786 2937 2343 3023 quiaaudiverunt,
2400 2933 2555 3026 quod

462 3039 700 3104 Dictum
734 3037 903 3117 Pauli
933 3039 1106 3105 Rom.
1135 3036 1256 3100 III:
1290 3042 1396 3114 28,
1452 3037 1637 3122 Quod
1659 3037 1834 3104 homo
1858 3036 2015 3104 Fide
2033 3038 2554 3132 justificetur-sine

468 3139 764 3229 Operibus
791 3140 976 3231 legis,
1032 3161 1150 3203 non
1191 3140 1305 3204 rite
1341 3139 1705 3224 intellectum
1746 3141 1855 3215 sit,
1907 3141 2188 3226 quoniam
2221 3161 2326 3228 per
2345 3139 2554 3204 Fidem

465 3241 547 3307 ibi
584 3265 704 3308 nou
744 3241 1025 3307 intellexit
1052 3241 1256 3306 Fidem
1298 3241 1622 3307 hodiernae
1649 3240 1975 3315 Ecclesiae,
2029 3262 2179 3327 quae
2206 3241 2379 3307 estin
2405 3241 2554 3304 Tres

462 3343 758 3413 Personas
786 3342 1031 3410 Divinas
1075 3342 1151 3406 ab
1191 3352 1470 3418 aeterno,
1514 3342 1616 3406 sed
1644 3342 1847 3411 Fidem
1896 3342 1956 3405 in
1997 3340 2316 3407 Dominum
2358 3342 2551 3409 Deum

461 3444 834 3512 Salvatorem
864 3444 903 3509 J
910 3464 1071 3509 esum
1100 3441 1428 3514 Christum-5
1482 3451 1541 3507 et
1568 3464 1672 3529 per
1698 3444 2101 3529 OperaLegis
2127 3465 2245 3507 non
2273 3439 2555 3506 intellexit

463 3544 664 3633 Opera
702 3546 876 3632 Legis
917 3543 1235 3627 Deealogi‚
1301 3542 1403 3608 sed
1450 3542 1650 3629 Opera
1694 3542 1869 3630 Legis
1912 3544 2216 3611 Mosaicae
2239 3563 2408 3630 xquae
2449 3561 2552 3629 pro

461 3643 737 3722 Judaeis,
820 3655 879 3709 et
920 3642 1080 3729 quod
1123 3643 1207 3707 sic
1251 3644 1582 3729 expaucis,
1613 3644 1726 3711 illis
1771 3646 2015 3711 vocibus
2061 3645 2229 3710 binas
2273 3644 2554 3709 falsitates

463 3765 736 3810 enormes
784 3764 893 3831 per
941 3743 1232 3811 sinistram
1284 3744 1829 3831 interpretationem
1892 3746 2321 3822 concluserint,
2402 3761 2551 3831 quae

463 3854 630 3922 sunt,
681 3846 840 3932 quod
882 3842 1274 3911 intellexerint
1306 3845 1512 3913 Fidem
1552 3844 1874 3911 hodiernae
1909 3846 2246 3922 Ecclesiae,
2299 3855 2359 3909 et
2397 3840 2551 3933 quo-d

464 3938 664 4034 Opera
693 3946 868 4033 Legis
895 3944 1209 4032 Decalogi;
1263 3946 1420 4034 quod
1450 3945 1671 4013 Paulus
1698 3945 1848 4012 haec
1874 3969 1995 4012 non
2019 3932 2399 4023 intellexerit,
2451 3942 2554 4010 sed

378 4104 382 4111 .
463 4047 665 4134 Opera
692 4048 867 4136 Legis
890 4047 1227 4123 mosaicae,
1278 4068 1434 4134 quae
1474 4057 1642 4112 erant
1675 4070 1783 4136 pro
1808 4049 1846 4112 J
1855 4049 2085 4127 udaeis,
2135 4056 2369 4114 constat
2396 4046 2553 4113 clare

462 4169 534 4212 ex
569 4147 756 4239 Ipsius
782 4147 978 4218 verbis
1007 4149 1082 4213 ad
1108 4149 1383 4229 Petrum,
1435 4166 1610 4235 quem
1649 4149 1977 4240 increpavit
2018 4149 2184 4238 quod‘
2214 4149 2555 4238 judaizaret,

465 4270 600 4317 cum
644 4262 842 4319 tamen
860 4268 863 4273 ·
883 4249 1094 4328 sciret,
1145 4249 1314 4344 quod
1355 4272 1538 4317 nemo·
1561 4272 1676 4342 per
1718 4251 1922 4345 Opera
1955 4252 2140 4343 Legis
2169 4249 2558 4345 justificatum
