2750 4775
444 390 549 440 ιο.
668 375 1133 432 umvnnss
1178 348 1716 430 ‘runonoou
1760 377 1830 434 n.
1876 376 1938 431 c,
1982 377 2090 430 Er
2131 376 2196 433 n.
2237 377 2299 428 E.

438 540 719 622 personat
748 538 1119 616 magnatum
1171 538 1380 615 estque
1405 530 1556 595 sicut
1584 539 1835 596 venusta
1874 530 2056 596 facies
2087 528 2406 595 meretricis
2426 529 2522 591 obs

431 635 688 706 soletae;
740 641 801 696 et
838 640 926 696 est
968 630 1118 694 sicut
1164 631 1381 719 papilio
1423 632 1633 697 volans
1675 633 1973 715 argenteis
2011 632 2120 696 alis
2161 632 2324 716 ponit
2359 629 2515 695 ovula

431 755 609 824 super
635 733 790 799 foliis
815 729 1047 796 arboris
1076 731 1301 809 bonae,
1356 752 1427 795 ex
1453 733 1671 818 quibus
1700 733 1889 797 omnis
1929 731 2158 797 fructus
2193 733 2322 817 ejus
2359 730 2534 818 perit31

432 844 519 901 est
545 835 694 902 sicut
724 835 999 919 fragrans
1024 831 1220 895 sumus
1246 850 1319 896 ex
1345 832 1531 896 herba
1560 833 1856 904 toxicata;
1909 834 2031 896 imo
2056 842 2146 898 est
2170 832 2317 896 sicut
2345 851 2519 894 niora-

435 937 505 1001 lis
545 938 732 1011 latro,
786 944 846 998 et
886 935 1015 1022 pins
1053 932 1456 1022 sycophanta3
1510 954 1698 1020 quare
1727 935 1853 1020 ejus
1895 935 2152 1009 bonnm,
2202 932 2357 1018 quod
2391 933 2520 994 inse

430 1046 519 1102 est
546 1038 802 1112 malum,
856 1043 943 1098 est
972 1036 1128 1096 intus
1155 1034 1216 1096 in
1242 1052 1511 1109 camera,
1563 1044 1623 1096 at
1653 1034 1779 1120 ejus
1805 1032 1948 1099 fides
1985 1036 2047 1096 in
2088 1034 2378 1098 vestibulo
2414 1046 2520 1095 ani·

430 1138 646 1204 bulans
672 1145 732 1201 et
760 1135 1152 1209 ratiocinans,
1205 1143 1293 1198 est
1336 1154 1497 1197 mera
1528 1131 1861 1211 chimaera,
1916 1136 2082 1198 larva
2115 1145 2172 1197 et
2204 1133 2381 1198 bulla.
2446 1130 2521 1194 Ex

430 1237 523 1303 his
550 1245 713 1325 patet
746 1236 968 1301 veritas
1005 1234 1427 1322 propositionis
1474 1233 1632 1321 quod
1674 1235 1820 1301 fides
1860 1234 2039 1300 faciat
2076 1235 2425 1299 sententiam
2460 1232 2521 1295 de

433 1339 594 1404 bono
635 1347 693 1402 et
730 1337 923 1414 malo,
976 1336 1135 1422 quod
1178 1335 1233 1400 ei
1274 1335 1677 1422 conjungitur.

656 1566 842 1651 Quod
882 1562 1041 1631 nulli
1080 1569 1402 1659 imputetur
1446 1565 1776 1663 Cogitatio,
1821 1565 1941 1667 ¹sed
1988 1563 2325 1633 Voluntas.

486 1772 493 1777 ’
580 1747 739 1807 -658,
794 1742 1005 1808 Omnis
1033 1741 1314 1805 Eruditus
1340 1742 1469 1816 scit,
1509 1742 1668 1831 quod
1700 1741 1850 1806 duae
1879 1740 2192 1807 facultates
2218 1764 2326 1808 seu
2356 1747 2527 1829 partes

436 1842 653 1909 Mentis
679 1843 815 1918 sint,
833 1842 1125 1906 Voluntas
1154 1852 1208 1904 el
1234 1841 1591 1920 intellectus,
1617 1843 1719 1907 sed
1751 1843 1920 1928 pauci
1948 1842 2139 1906 sciunt
2159 1843 2316 1929 juste
2335 1844 2527 1906 discer-

429 1964 571 2008 nere
600 1946 758 2020 illas,
812 1952 872 2005 et
911 1943 1298 2029 proprietates
1338 1943 1574 2008 illarum
1620 1943 1956 2028 singulatim
1998 1944 2290 2021 lustrare,
2341 1954 2400 2007 et
2435 1941 2525 2005 has

428 2045 642 2111 deinde
671 2043 1060 2127 conjungerc;
1117 2043 1215 2129 qui
1257 2041 1374 2109 hoc
1403 2054 1522 2108 non
1555 2054 1827 2132 possunt,
1875 2060 1986 2107 nec
2014 2055 2260 2133 possunt
2289 2043 2525 2130 aliquam

428 2147 732 2211 notionem
776 2144 884 2208 nisi
911 2144 1385 2208 obscurissimam
1424 2145 1498 2208 de
1521 2145 1727 2209 Mente
1763 2136 1874 2209 sibi
1915 2166 2300 2232 comparare;
2362 2163 2527 2233 quare

425 2247 534 2310 nisi
576 2247 736 2333 prius
779 2244 1168 2331 proprietates
1199 2246 1455 2330 cujusvis
1495 2267 1598 2332 per
1622 2268 1683 2309 se
1713 2245 2163 2321 describuntur,
2220 2269 2345 2310 non
2386 2264 2528 2309 com·

427 2344 816 2434 prehenditur
842 2343 987 2420 hoc,
1033 2345 1192 2431 quod
1224 2346 1364 2410 nulli
1395 2346 1720 2433 imputetur
1750 2347 2065 2433 cogitatio,
2111 2346 2215 2411 sed
2249 2349 2526 2412 voluntas.

426 2446 833 2533 Proprietates
871 2445 1172 2531 utriusque
1204 2448 1262 2510 in
1290 2448 1675 2532 compendio,
1729 2458 1864 2511 sunt
1897 2447 2027 2510 hae.
2115 2451 2167 2508 1.
2212 2447 2398 2528 Quod
2422 2448 2528 2532 ipse

429 2566 627 2620 amor,
682 2555 742 2611 et
779 2566 933 2632 quae
974 2548 1193 2612 amoris
1219 2557 1389 2622 sunt,
1443 2544 1739 2612 resideant
1782 2551 1846 2610 in
1885 2550 2225 2622 voluntate,
2271 2559 2360 2612 et
2387 2543 2529 2635 quod

424 2646 704 2722 scientia,
756 2646 1177 2733 intelligentia,
1235 2658 1294 2710 et
1328 2647 1616 2735 sapientia
1661 2649 1720 2710 in
1760 2647 2096 2724 intellectu,
2137 2658 2208 2712 ‘et
2245 2647 2412 2735 'fluod
2455 2646 2531 2710 his

426 2747 702 2812 voluntas
732 2747 975 2833 inspiret
1011 2770 1181 2811 suum
1211 2769 1507 2824 amorem,
1554 2770 1624 2812 ac
1651 2759 1933 2833 operetur
1960 2748 2229 2812 favorem
2257 2760 2324 2815 et
2353 2769 2533 2814 asseu-

425 2867 588 2920 sum;
640 2847 779 2912 inde
820 2856 938 2923 est,
1006 2850 1162 2934 quod
1210 2848 1401 2936 qualis
1442 2869 1613 2914 amor
1654 2860 1713 2912 et
1753 2849 1887 2913 inde
1928 2849 2363 2936 intelligentia,
2415 2846 2532 2913 talis

425 2942 606 3011 homo
707 2953 763 3011 2.
809 2948 898 3013 Ex
922 2945 1040 3012 hoc
1066 2949 1242 3013 etiam
1272 2949 1570 3035 sequitur,
1624 2950 1784 3035 quod
1814 2971 1989 3013 omne
2025 2951 2247 3013 bonum
2288 2960 2351 3015 e't
2396 2969 2531 3037 quo·

429 3070 545 3134 que
574 3067 749 3112 omne
780 3050 998 3113 malum
1028 3050 1101 3113 sit
1133 3049 1488 3126 voluntatis,
1531 3071 1667 3114 nam
1698 3050 1972 3136 quicquid
2003 3070 2070 3112 ex
2101 3071 2306 3114 amore
2339 3068 2533 3139 proee-

420 3137 548 3226 dit,
603 3158 854 3212 vocatur
900 3150 1154 3227 bonum,
1225 3152 1459 3214 tametsi
1506 3150 1660 3215 soret
1706 3153 1960 3226 malum,
2023 3172 2161 3235 nam
2212 3152 2533 3237 jucundum

425 3249 584 3337 quod
614 3246 753 3314 facil
786 3250 965 3313 vitam
1007 3251 1258 3323 amoris,
1310 3250 1582 3337 producit
1621 3250 1793 3316 hoc:
1821 3250 2110 3316 Voluntas
2151 3272 2255 3338 per
2296 3251 2470 3316 hoc
2453 3271 2533 3336 Ju-

426 3353 685 3415 cundum
728 3352 905 3414 intrat
956 3350 1351 3426 intellectum,
1418 3361 1477 3415 et
1523 3352 1793 3438 producit
1850 3354 2216 3416 consensum.
2320 3356 2380 3415 3.
2438 3351 2534 3415 Est

423 3453 626 3539 itaque
655 3449 945 3517 Voluntas
973 3471 1094 3514 esse
1126 3473 1226 3514 seu
1255 3452 1504 3515 essentia
1537 3453 1694 3518 vitae
1724 3451 2010 3529 hominis,
2067 3451 2412 3518 Intellectus
2440 3472 2534 3514 au-

424 3560 543 3615 tem
586 3562 672 3616 est
703 3552 951 3615 existere
992 3573 1095 3614 seu
1129 3553 1434 3617 existentia
1477 3552 1644 3615 inde.
1701 3557 1758 3617 et
1804 3555 1940 3640 quia
1990 3552 2239 3617 essentia
2288 3575 2418 3617 non
2454 3556 2534 3614 est
2653 3611 2654 3624 ἶ

426 3650 645 3735 aliquid
686 3650 794 3714 nisi
836 3651 896 3714 in
935 3652 1189 3738 quadam
1238 3651 1461 3729 forma,
1515 3654 1596 3717 ita
1639 3654 1913 3719 voluntas
1954 3654 2060 3718 nisi
2104 3656 2163 3715 in
2201 3654 2532 3721 intellectm

425 3769 614 3838 quare
657 3750 928 3815 voluntas
971 3773 1032 3814 se
1063 3752 1327 3816 format
1313 3776 1370 3815 ιιι
1402 3755 1734 3829 intellectu,
1794 3756 1961 3818 etsie
1999 3756 2058 3817 in
2099 3756 2290 3818 lucem
2323 3753 2529 3842 prodit.

427 3854 483 3914 4'.
527 3848 714 3914 Amor
740 3851 800 3914 in
831 3850 1152 3918 Voluntate
1181 3865 1266 3918 est
1300 3853 1460 3931 linis,
1513 3865 1571 3919 et
1599 3856 1657 3917 in
1702 3856 2001 3920 intellectu
2037 3855 2334 3941 conquirit
2360 3863 2422 3918 et
2449 3854 2534 3915 in·

424 3951 588 4017 venit
636 3972 877 4026 causas,
936 3974 1040 4038 per
1086 3975 1231 4040 quas
1282 3976 1342 4018 se
1390 3966 1742 4042 promoveat
1785 3956 1858 4019 ad
1913 3954 2232 4029 effectum3'
2291 3965 2347 4020 et
2398 3951 2530 4041 quia

423 4050 555 4115 finis
595 4059 680 4115 est
723 4054 1120 4138 propositum,
1172 4066 1231 4119 et
1270 4054 1714 4131 hoc'intendit,
1766 4066 1852 4120 est
1894 4077 2129 4144 quoque
2171 4055 2530 4143 propositum

425 4153 777 4227 voluntatis,
830 4164 888 4216 et
920 4176 1026 4239 per
1056 4155 1438 4228 intentionem
1469 4156 1650 4220 intrat
1688 4157 2049 4221 intellectum
2069 4206 2084 4232 ‚
2140 4166 2197 4220 et
2228 4158 2381 4220 hunc
2411 4152 2529 4238 agit

425 4253 901 4352 adversandum
932 4264 990 4318 et
1019 4254 1375 4327 volvendum
1408 4255 1630 4332 media,
1686 4267 1740 4321 et
1770 4257 1841 4321 ad
1879 4257 2345 4323 concludendum
2390 4252 2528 4319 talia
