2750 4775
498 405 603 456 1128
744 393 1199 448 UNIVERSA
1244 393 1777 450 THEOLOGIA
1817 394 1884 446 N.
1927 393 1993 449 C.
2036 393 2141 445 ΕΤ
2182 395 2247 451 N.
2287 391 2353 447 E.

490 552 645 615 brae·
677 546 1006 635 significant
1043 546 1188 612 falsa
1226 547 1477 611 oriunda
1521 548 1612 613 vel
1651 568 1724 612 ex
1765 548 2129 635 ignorantia,
2182 549 2274 613 vel
2311 570 2381 619 ex
2418 547 2553 612 falsis

486 650 818 739 religionis,
875 651 967 714 vel
994 672 1065 713 ex
1093 650 1260 713 malis
1288 651 1479 723 vitae,
1534 651 1805 715 videatur
1836 647 2020 713 Aroe.
2055 670 2272 716 neven.
2312 672 2382 713 u:
2433 654 2556 713 110.

492 756 638 817 413.
691 756 837 815 695.
935 751 1112 832 Quod
1160 750 1396 814 tandem
1443 749 1718 841 Aegyptii
1766 751 2046 839 perierint
2089 752 2150 814 in
2203 752 2356 816 Mari
2396 750 2556 837 Suph,

490 853 673 919 Exod.
703 852 879 920 XIV:
920 853 979 914 in
1009 851 1363 941 Apocalypsi
1399 862 1593 916 autem
1626 854 1824 917 Draco
1864 861 1922 913 et
1961 852 2476 942 pseudopropheta
2509 852 2561 914 in

485 965 697 1044 stagno
748 954 899 1041 ignis
951 964 1008 1018 et
1061 952 1383 1041 sulphuris,
1454 953 1598 1040 Cap.
1660 952 1834 1017 xlx:
1889 957 1991 1017 20.
2063 952 2204 1039 Cap.
2255 955 2399 1047 XXz
2463 957 2557 1025 10;

487 1066 838 1144 utrumque,
894 1076 1054 1119 mare
1083 1054 1246 1140 Suph
1273 1065 1331 1117 et
1370 1055 1655 1141 Stagnum
1703 1054 1877 1131 illud,
1931 1053 2222 1140 significat
2260 1054 2559 1119 Infernum.

485 1152 663 1239 Quod
694 1157 766 1220 de
793 1146 1064 1247 Aegypto
1106 1166 1164 1219 et
1209 1156 1279 1219 de
1322 1155 1614 1230 Ecclesia,
1672 1156 1837 1239 cujus
1878 1157 2307 1221 consummatio
2351 1168 2409 1218 et
2445 1153 2562 1219 ‘finis

489 1258 842 1323 describitur
868 1259 926 1322 in
956 1256 1333 1346 Apocalypsi,
1363 1257 1572 1321 similia
1602 1258 1890 1331 dicantur,
1934 1266 2021 1320 est
2049 1259 2186 1342 quia
2218 1279 2323 1345 per
2349 1256 2563 1345 Aegyp-

490 1371 614 1424 tum
643 1359 986 1446 intelligitur
1016 1358 1306 1432 Ecclesia,
1363 1379 1515 1444 quae
1557 1359 1614 1421 in
1647 1359 1930 1446 principio
1968 1380 2076 1421 suo
2118 1357 2225 1423 fuit
2264 1367 2565 1445 praestans,
2675 1394 2676 1445 3

493 1482 676 1548 quare
708 1457 1030 1551 Aegyptus,
1079 1469 1393 1548 antequam
1425 1459 1685 1523 Ecclesia
1735 1461 1860 1545 ejus
1905 1461 2208 1522 devastata
2237 1469 2348 1533 est,
2393 1458 2568 1545 aequi·
2675 1450 2676 1513 ἐ

475 1573 731 1649 ‚paratur
771 1562 947 1627 horto
993 1561 1239 1636 Edenis,
1291 1570 1352 1623 et
1395 1560 1570 1626 horto
1614 1560 1919 1638 Jehovae‚
1973 1558 2185 1625 Genes.
2235 1560 2428 1625 XIII:
2481 1564 2564 1623 10.

489 1662 699 1729 Ezech.
745 1663 982 1729 XXXI:
1028 1668 1082 1725 8.
1139 1673 1198 1725 et
1226 1684 1462 1750 quoque
1493 1671 1741 1726 vocatur
1770 1661 1943 1748 Lapis
1976 1662 2274 1747 angularis
2307 1662 2564 1733 tribuum,

490 1765 672 1831 Filius
700 1766 1058 1853 sapientum,
1113 1772 1171 1827 et
1215 1784 1420 1849 regum
1463 1762 1855 1849 antiquitatiS,
1910 1762 2063 1848 Esaj.
2105 1761 2306 1827 XIX:⁴
2338 1766 2435 1826 11.
2483 1765 2564 1824 13.

491 1866 659 1954 plura
682 1865 761 1930 ,de
788 1863 1063 1953 Aegypto
1092 1864 1148 1926 in
1175 1872 1328 1928 statu
1361 1863 1665 1951 primaevo
1694 1865 1848 1948 ejus,
1903 1873 1960 1927 et
1988 1864 2046 1926 in
2074 1872 2231 1928 statu
2258 1863 2567 1936 devastato,

491 1969 761 2032 videatur
802 1963 1230 2029 Apociursis
1257 1960 1633 2041 REVELArA,
1676 1987 1746 2028 n:
1796 1969 1942 2031 503.

494 2193 675 2279 Quod
719 2190 905 2259 Fides
960 2195 1306 2285 imputativa
1370 2195 1565 2257 meriti
1613 2190 1837 2258 Christi
1898 2217 2019 2258 non
2077 2178 2266 2276 suerit
2326 2206 2471 2256 nota
2520 2192 2568 2253 in

492 2295 772 2361 Ecclesia
827 2291 1222 2385 Apostolica,
1289 2318 1445 2383 quae
1491 2297 1857 2386 praecem-1⁸13
1920 2308 1976 2358 et
2014 2291 2237 2359 nullibi
2288 2291 2570 2359 intellecta

1364 2399 1426 2460 in
1477 2396 1705 2462 Verbo.

647 2576 792 2636 636.
875 2573 1168 2648 Ecclesia,
1218 2595 1369 2659 quae
1393 2570 1698 2662 Synodum
1727 2574 2052 2638 Nicaenam
2084 2574 2435 2660 praecessit,
2488 2591 2571 2637 vo·

491 2683 621 2738 cata
669 2681 769 2737 est*
794 2672 1055 2739 Ecclesia
1100 2670 1471 2760 Apostolica,
1525 2694 1676 2759 quae
1721 2675 1879 2760 quod
1928 2674 2102 2739 fuerit
2147 2673 2375 2762 ampla,
2407 2684 2486 2736 ·et
2523 2673 2569 2734 in
2663 2663 2674 2688 ³

492 2788 612 2839 tres
668 2783 863 2860 partes
907 2776 1117 2848 Orbis,
1184 2773 1432 2850 Asiam,
1487 2773 1745 2838 Africam
1796 2785 1852 2838 et
1898 2775 2196 2860 Europam
2243 2782 2572 2862 propagata,

491 2885 722 2941 constat
749 2898 868 2941 non
913 2877 1088 2940 modo
1124 2896 1193 2939 ex
1239 2875 1603 2963 Imperatore
1632 2875 2020 2940 Constantino
2062 2893 2312 2961 magno,
2366 2887 2431 2939 et
2469 2876 2573 2961 ejus

491 2976 844 3064 Monarchia
895 2999 1071 3063 super
1122 2975 1293 3063 plura
1352 2977 1561 3061 Regna
1615 2977 1887 3066 Europae
1937 2986 2141 3065 'postea
2196 2976 2422 3053 divisa,
2489 2972 2575 3040 sed

490 3079 666 3143 etiam
697 3100 878 3166 super
905 3071 1187 3143 viciniora
1218 3086 1384 3142 extra
1415 3076 1712 3165 Europam
1732 3128 1745 3153 ,
1801 3078 1958 3164 quod
2002 3076 2177 3140 fuerit
2202 3075 2573 3149 Christianus,

491 3201 562 3244 ac
589 3179 822 3243 Zelotes
851 3201 956 3266 pro
986 3178 1300 3266 religione;
1357 3199 1574 3266 quare,
1626 3189 1892 3265 utsupra
1932 3176 2147 3242 dictum
2191 3186 2308 3252 est,
2364 3199 2576 3243 convo-

492 3282 648 3345 cavit
694 3280 1016 3368 Episcopos
1063 3301 1132 3344 ex
1177 3278 1345 3358 Asia,
1399 3277 1598 3343 Africa
1646 3287 1703 3343 et
1750 3280 1988 3367 Europa
2028 3279 2085 3341 in
2128 3279 2380 3367 Regiam
2420 3297 2574 3342 suam

490 3382 753 3446 Nicaeae
783 3382 944 3445 urhis
971 3380 1309 3471 Bithyniae,
1339 3389 1401 3443 ut
1430 3377 1555 3443 Arii
1583 3381 1857 3445 scandala
1899 3401 1967 3445 ex
1997 3379 2250 3467 Imperio
2276 3380 2576 3465 suo-ejice-

490 3491 599 3547 ret.
682 3482 817 3546 Hoc
854 3482 1076 3545 factum
1109 3491 1196 3547 est
1228 3503 1298 3545 ex
1328 3482 1547 3545 Divina
1578 3481 1814 3544 Domini
1842 3481 2257 3555 Providentia,
2305 3482 2573 3567 quoniam

489 3584 535 3648 si
565 3581 816 3670 ne'gatur
847 3583 1137 3650 Divinitas
1167 3582 1439 3657 Domini,
1500 3581 1757 3646 Ecclesia
1788 3582 2116 3647 Christiana
2158 3581 2478 3656 emoritur,
2528 3588 2577 3643 et

492 3682 557 3747 fit
583 3685 730 3748 sicut
757 3682 1127 3773 sepulchrum
1158 3692 1430 3746 ornatum
1463 3682 1775 3770 Epitaphio
1802 3683 1945 3759 hoc,
1997 3681 2092 3746 hic
2132 3682 2302 3767 jacet.
2383 3682 2575 3745 Eccle-

491 3785 607 3860 sia,
673 3805 823 3871 quae
873 3783 980 3847 fuit
1027 3796 1163 3847 ante
1209 3784 1320 3847 hoc
1367 3794 1631 3871 tempus,
1698 3792 1906 3847 vocata
1962 3793 2047 3848 est
2089 3781 2462 3868 Apostolica:,
2527 3789 2576 3842 et

489 3886 819 3971 Scriptores
860 3886 1114 3972 insignes
1158 3887 1321 3949 istius
1369 3885 1666 3949 Ecclesiae
1703 3886 1839 3949 dicti
1880 3894 2014 3948 sunt
2056 3886 2290 3958 PatreS,
2347 3905 2415 3948 ac
2458 3879 2576 3947 veri

492 3985 804 4051 Christiani
828 3997 864 4049 a
894 3979 1076 4050 latere
1114 3986 1339 4051 fratres.
1423 3985 1598 4067 Quod
1635 3985 1781 4050 haec
1815 3985 2075 4050 Ecclesia
2117 4006 2233 4047 non
2274 3980 2576 4071 agnoverit

493 4095 611 4151 tres
637 4087 929 4152 Personas
955 4083 1203 4154 Divinas
1234 4098 1290 4151 e‘t
1329 4087 1466 4150 inde
1496 4107 1614 4150 nec‘
1630 4086 1842 4151 Filium
1886 4087 1993 4150 Dei
2037 4088 2113 4149 ab
2155 4096 2427 4160 aeterno,
2482 4081 2574 4148 sed

496 4181 910 4253 modo'Filium
940 4188 1051 4253 Dei
1079 4197 1279 4254 natum
1313 4186 1371 4247 in
1406 4196 1687 4271 tempure,
1722 4191 1951 4249 constat
1980 4210 2048 4251 ex
2075 4186 2381 4276 Symbolo,
2423 4180 2578 4271 quod

492 4287 574 4352 ab
600 4286 860 4354 Ecclesia
888 4288 1121 4353 illorum
1150 4294 1425 4354 vocatum
1455 4295 1540 4350 est
1568 4284 1963 4372 Apostolicum
1983 4337 1997 4364 ,
2054 4287 2150 4352 ubi
2196 4286 2345 4352 haec
2379 4286 2577 4373 legun-
