2750 4775
423 356 534 408 rso
663 341 1136 397 Umvnnss
1175 340 1717 396 ‘runococu
1758 314 1936 396 nso.
1980 340 2088 395 ΕΤ
2132 342 2205 397 Ν.
2246 343 2312 394 Ε.

526 498 726 562 lerunt
751 517 820 560 ex
847 495 1086 572 Verbo,
1130 494 1459 560 scriberent
1487 514 1665 579 super
1690 491 1944 567 Charta,
1982 502 2043 559 et
2068 492 2229 557 hanc
2258 505 2543 583 ponerent

523 619 702 683 super
745 597 846 660 illa
884 618 1122 671 mensa,
1177 596 1336 684 quod
1365 617 1500 658 cum
1535 594 1757 658 factum
1804 604 1925 668 est,
1994 593 2221 659 Charta
2266 584 2400 670 illa,
2451 596 2537 660 cui

528 719 676 764 vera
705 698 983 784 inscripta
1013 707 1214 773 erant,
1268 696 1507 760 lucebat
1544 696 1695 760 sicut
1720 694 1941 770 Stella,
1968 705 2054 758 *at
2097 718 2247 759 vero
2290 719 2424 759 cum
2449 719 2542 761 ac·

527 809 868 872 cesserunt,
923 819 993 861 ac
1038 798 1316 862 intuitum
1364 795 1621 860 fixerunt
1678 796 1738 857 in
1793 795 1926 870 illa,
1998 794 2226 860 Charta
2273 798 2541 884 apparuit

527 908 728 965 atrata
749 899 899 962 sicut
930 920 965 961 a
995 897 1274 984 fuligine:
1313 907 1372 961 et
1404 905 1606 982 postea
1636 896 1872 960 deducti
1900 906 2036 959 sunt
2063 896 2138 960 ad
2169 898 2353 960 aliam
2387 898 2545 960 Men·

527 1022 656 1066 sam
679 999 926 1064 similem
944 1046 960 1074 ‚
1011 1020 1189 1086 super
1216 1020 1335 1085 qua
1363 999 1544 1082 jacuit
1574 998 1837 1062 Verbum
1865 997 2359 1061 circumcinctum
2386 999 2547 1076 iride,

528 1099 688 1187 quod
718 1121 848 1162 cum
879 1099 1117 1184 quidam
1149 1100 1592 1183 Antesignanus
1620 1098 1929 1161 doctrinae
1964 1097 2038 1161 de
2064 1101 2190 1162 sola
2224 1098 2344 1161 fide
2377 1121 2542 1163 manu

527 1223 634 1266 sua
666 1201 889 1286 tetigit,
940 1197 1096 1264 facta
1139 1210 1227 1264 est
1256 1199 1518 1287 explosio
1548 1198 1699 1264 sicut
1744 1221 1776 1262 e
1815 1198 2109 1283 sclopeto,
2162 1207 2223 1261 et
2271 1200 2373 1263 ille
2416 1221 2547 1263 con·-

529 1301 717 1387 jectus
743 1310 832 1365 est
860 1302 920 1363 in
948 1302 1229 1386 angulum
1259 1299 1580 1375 Gamerae,
1632 1308 1691 1361 et
1734 1299 1913 1382 jacuit
1953 1300 2106 1362 sicut
2142 1310 2425 1364 mortuus
2448 1321 2546 1388 per

525 1401 932 1467 semihorium.
1015 1402 1104 1465 Ex
1130 1400 1219 1466 his
1246 1401 1506 1466 convicti
1535 1408 1709 1474 sunt,
1758 1400 1920 1486 quod
1960 1401 2158 1463 omnia
2207 1423 2354 1464 vera
2398 1422 2544 1486 quae

527 1503 683 1590 apud
714 1501 845 1566 illos
872 1522 943 1564 ex
970 1502 1172 1567 Verbo
1201 1511 1371 1567 erant
1393 1549 1410 1579 ,
1463 1509 1654 1565 essent
1685 1522 1825 1565 vera
1860 1502 1920 1564 in
1950 1522 2049 1576 se,
2101 1501 2208 1564 sed
2239 1500 2545 1567 falsificata

529 1602 762 1676 inillis,
816 1623 883 1664 n:
944 1606 1086 1666 162.

426 1702 646 1769 xxvi.
702 1701 882 1781 Quod
917 1703 977 1766 in
1007 1703 1234 1767 Mundo
1260 1701 1549 1790 spirituali
1588 1703 1703 1766 sint
1731 1702 1982 1766 Climata
2014 1703 2167 1766 sicut
2214 1702 2276 1765 in
2322 1703 2544 1770 Mundo

529 1803 817 1874 naturali;
870 1813 929 1866 et
955 1804 1113 1888 quod
1143 1803 1279 1866 inde
1308 1804 1487 1866 etiam
1516 1804 1631 1867 sint
1658 1804 1860 1866 Zonae
1888 1802 2192 1879 boreales,
2251 1805 2354 1869 ubi
2386 1804 2544 1868 nives

527 1914 585 1969 et
632 1904 877 1990 glaciem
933 1902 1233 1988 quondam
1272 1903 1413 1966 illuc
1440 1905 1497 1966 in
1534 1904 1740 1989 spiritu
1766 1905 2085 1991 perductus
2111 1905 2338 1968 intravi
2368 1905 2543 1970 Tem-

511 2005 688 2092 ⁴plum
735 2013 877 2067 tunc
919 2003 1056 2066 nive
1099 2002 1464 2078 obductum,
1515 2004 1882 2091 lampadibus
1926 2005 2084 2069 intus
2124 2005 2542 2081 illuminatum,

527 2106 631 2169 nbi
677 2112 808 2193 post
849 2100 1052 2166 Altare
1091 2105 1213 2168 visa
1255 2114 1342 2169 est
1388 2105 1657 2178 Tabula,
1707 2126 1885 2191 super
1928 2127 2043 2192 qua
2086 2105 2381 2191 scriptum
2421 2115 2545 2170 erat

527 2203 676 2277 hoc,
726 2204 1036 2268 Tmmus
1068 2204 1336 2278 Divum,
1394 2203 1643 2279 Fusa,
1706 2204 1922 2268 Frucs
1960 2226 2039 2268 m·
2075 2206 2550 2270 smm‘rus'sau·

528 2323 710 2379 orm,
774 2323 890 2379 Qm
941 2323 1412 2369 lessi-:nummu
1469 2324 1637 2369 unus
1686 2324 1877 2380 sum,
1928 2325 2044 2369 sm>
2081 2325 2550 2371 pensonamren

527 2424 709 2476 Τιεες
761 2414 818 2466 et
847 2404 1046 2468 audivi
1084 2405 1471 2470 Sacerdotem
1514 2407 1965 2470 concionantem
2008 2408 2081 2470 de
2123 2417 2390 2493 quatuor
2417 2409 2547 2498 My-

521 2504 720 2568 steriis
747 2502 903 2579 fidei,
950 2505 1023 2567 de
1054 2506 1269 2592 quibus
1296 2507 1623 2592 captandus
1648 2516 1737 2571 est
1767 2506 2099 2571 intellectus
2124 2509 2238 2572 sub
2267 2510 2547 2573 obedien-

531 2605 614 2669 tia
647 2602 815 2679 fidei,
868 2626 1022 2690 quae
1067 2607 1414 2674 videanturz
1470 2616 1600 2693 post
1642 2607 2005 2672 concionem
2052 2605 2378 2674 Auditores
2417 2630 2547 2698 gra·

528 2706 642 2770 tias
665 2715 914 2792 egerunt
932 2706 1239 2771 Sacerdoti
1263 2716 1504 2795 propter
1532 2708 1659 2794 ejus
1685 2717 1803 2772 tam
1835 2709 2079 2773 uberem
2109 2711 2405 2796 sapientia
2433 2731 2545 2775 ser·

530 2827 805 2880 monem;
861 2817 921 2870 at
950 2829 1083 2871 cum
1112 2807 1478 2892 interrogavi
1518 2807 1650 2872 illos
1693 2829 1834 2871 num
1879 2809 2098 2895 aliquid
2128 2810 2543 2884 intellexerint,

493 2957 502 2970 .
531 2909 996 2997 responderunt,
1042 2908 1410 2994 captavimus
1438 2895 1637 2973 omnia
1667 2909 1854 2996 plenis
1880 2910 2144 2984 auribus»,
2192 2912 2338 2996 quid
2366 2931 2547 2997 quae-

530 3011 610 3074 ris
638 3032 777 3074 num
822 3009 1309 3083 intellexerimus,
1363 3018 1637 3096 stupetne
1678 3009 2009 3074 intellectus
2053 3010 2111 3073 in
2156 3011 2409 3081 talibus;
2463 3011 2543 3074 his

527 3109 824 3174 Sacerdos
851 3130 1130 3197 praesens
1157 3108 1413 3186 addidit,
1464 3109 1603 3194 quia
1649 3111 1958 3174 audivistis
1996 3122 2056 3174 et
2094 3131 2217 3175 non
2256 3111 2544 3176 intellexi·

528 3212 660 3284 stis,
713 3211 874 3276 beati
901 3211 1076 3288 estis,
1130 3211 1411 3297 quoniam
1454 3209 1590 3274 inde
1621 3211 1790 3278 vobis
1829 3211 2017 3287 satus,
2073 3221 2313 3297 praeter
2353 3213 2539 3301 plura,

529 3329 610 3371 nr
661 3313 804 3373 185.

431 3409 684 3474 xxvlt.
740 3410 915 3487 Quod
947 3413 1126 3478 Mens
1153 3431 1426 3477 nummi
1451 3410 1722 3476 distincta
1749 3413 1823 3477 sit
1851 3413 1909 3476 in
1940 3422 2058 3477 tres
2085 3413 2407 3498 Regiones,
2436 3413 2540 3477 sic·

534 3518 597 3571 nt
644 3509 885 3574 Caelum
927 3511 986 3573 in
1034 3531 1152 3601 quo
1197 3522 1333 3576 sunt
1379 3509 1622 3598 Angeli‚
1676 3522 1737 3577 et
1776 3513 1933 3599 quod
1972 3512 2341 3597 Theologica
2386 3510 2535 3601 apud

531 3608 695 3682 illos,
748 3610 846 3693 qui
890 3618 1091 3673 amant
1137 3632 1277 3676 vera
1326 3614 1463 3700 quia
1506 3634 1647 3678 vera
1690 3622 1860 3690 sunt,
1914 3614 1972 3676 in
2018 3631 2301 3701 suprema
2326 3613 2539 3677 Mentis

473 3707 482 3716 '
530 3707 774 3793 regione
805 3709 1131 3783 resideant,
1183 3720 1240 3773 et
1273 3714 1430 3798 quod
1461 3714 1571 3778 sub
1597 3713 1709 3779 illis
1747 3715 1806 3776 in
1849 3715 2041 3780 media
2072 3712 2318 3798 regione
2350 3734 2538 3777 mora·

532 3808 641 3883 lia,
694 3808 803 3871 sub
830 3807 921 3873 his
952 3818 1149 3874 autem
1179 3834 1282 3876 seu
1323 3812 1384 3876 in
1426 3814 1664 3889 ultima,
1718 3814 1991 3903 politica,
2044 3824 2101 3877 et
2134 3813 2296 3899 quod
2340 3814 2535 3879 variae

528 3909 809 3973 scientiae
856 3910 1077 3976 saciant
1121 3911 1380 3998 januam.
1458 3911 1536 3979 At
1578 3915 1735 4001 quod
1783 3914 2153 4001 Theologica
2194 3916 2351 4001 apud
2391 3914 2533 3987 illos,

531 4010 784 4096 quinon
821 4022 1023 4078 amant
1060 4034 1231 4091 vera,
1286 4014 1348 4077 in
1387 4013 1585 4078 infima
1634 4018 1876 4103 regione
1917 4005 2194 4091 sedeant,
2251 4025 2311 4079 et
2355 4035 2417 4079 se
2460 4011 2537 4112 ibi

427 4194 440 4204 „
531 4112 952 4204 commisceant
984 4136 1116 4180 cum
1154 4113 1404 4201 propriis
1431 4114 1712 4195 hominis,
1768 4127 1826 4181 et
1856 4116 1941 4183 sic
1971 4137 2102 4182 cum
2139 4114 2391 4180 fallaciis
2415 4134 2535 4179 sen·
