2750 4775
900 329 990 384 1x.
1070 327 1702 381 ΡΑΕΜΤΕΝΤιΑ.
1853 351 1864 372 «
2278 339 2344 389 7,

268 492 327 548 et
350 481 771 570 cogitationes,
822 503 955 548 nam
995 479 1108 546 hae
1146 503 1265 546 non
1304 490 1486 568 agunt
1526 482 1833 570 quicquam
1875 503 1946 546 ex
1990 503 2083 559 se,
2130 481 2235 549 sed
2275 503 2350 549 ex

268 584 618 660 Voluntate,
670 582 872 647 favent
900 583 1052 648 enirn
1083 584 1170 658 ei,
1223 604 1295 647 ac
1335 582 1705 647 consentiunt
1735 593 1793 646 et
1834 581 2184 652 confirmant
2223 606 2351 649 om·

264 686 364 749 nia
394 705 545 772 quae
575 686 791 748 amoris
818 685 943 771 ejus
969 693 1136 758 sunt;
1191 685 1373 771 quare
1405 685 1691 750 Voluntas
1721 694 1806 747 est
1839 684 1959 770 ipsa
1999 685 2237 764 domus,
2284 685 2349 752 in

266 809 386 875 qua
412 787 592 850 bomo
620 782 881 863 habitat,
934 806 1009 856 ac,
1035 785 1375 850 Intellectus
1404 792 1494 850 est
1529 784 1779 858 atrium,
1833 806 1936 871 per
1963 785 2118 869 quod
2146 787 2263 849 exit
2289 795 2352 851 et

266 887 468 951 intrat.
546 886 689 949 lnde
718 896 835 962 est,
888 886 1045 972 quod
1074 886 1289 950 dictum
1331 886 1434 962 sit,
1488 884 1645 971 quod
1686 884 2035 950 intentiones
2065 884 2353 951 Volunta-

266 991 344 1054 tis
382 988 783 1074 explorandae
821 987 966 1058 sint;
1022 1008 1183 1073 quae·
1219 1008 1350 1050 cum
1398 987 1736 1073 exploratae
1782 1007 1853 1047 ac
1895 994 2160 1052 remotae
2198 994 2357 1063 sunt,

270 1090 452 1154 homo
493 1089 760 1153 elevatur
795 1110 827 1152 e
852 1090 1106 1154 naturali
1138 1088 1492 1162 Voluntate,
1547 1089 1638 1150 cui
1679 1088 1833 1150 mala
1874 1085 2262 1152 haereditaria
2300 1094 2360 1152 et

270 1190 523 1256 actualia
553 1189 836 1263 insident,
880 1191 936 1252 in
965 1190 1340 1255 Voluntatem
1368 1188 1764 1275 spiritualem,
1818 1209 1923 1272 per
1948 1209 2123 1275 quam
2152 1186 2360 1253 Domi-

271 1314 385 1356 nus
415 1292 694 1355 resormat
725 1301 785 1354 et
820 1300 1128 1377 regenerat
1168 1291 1532 1362 naturalem,
1582 1300 1642 1353 et
1681 1288 1795 1353 hac
1837 1288 2025 1353 media
2069 1289 2357 1355 sensualia

268 1404 331 1457 et
362 1393 695 1457 voluntaria
721 1395 1011 1477 corporis,
1063 1393 1144 1454 ita
1173 1400 1363 1455 totum
1390 1390 1707 1454 hominem.

426 1498 572 1557 534.
626 1492 749 1572 uti,
802 1493 902 1579 qui
930 1514 1049 1557 non
1079 1491 1385 1580 explorant
1411 1513 1505 1565 se,
1557 1490 2021 1555 insimilitudine
2046 1499 2182 1554 sunt
2207 1492 2359 1555 sicut

270 1596 468 1683 aegri,
518 1595 671 1682 apud
699 1616 846 1681 quos
871 1594 1106 1681 sanguis
1132 1607 1204 1658 ex
1232 1593 1477 1657 occlusis
1519 1593 1774 1657 minimis
1800 1593 1954 1656 vasis
1986 1590 2226 1657 vitiosus
2252 1599 2358 1667 est,

272 1697 431 1761 unde
457 1694 746 1782 atrophia,
796 1696 1183 1760 somnolentia
1212 1694 1634 1770 membrorum,
1671 1713 1743 1757 ac
1770 1692 1961 1758 morbi
1991 1692 2145 1758 acuti
2175 1691 2361 1756 Chro-

267 1799 416 1873 nici,
469 1817 539 1862 ex
582 1795 985 1883 spissitudine,
1038 1796 1392 1870 tenacitate,
1455 1795 1775 1859 acrimonia
1825 1804 1885 1856 et
1930 1789 2205 1857 aciditate
2247 1792 2359 1858 hu·

269 1917 534 1973 morum,
584 1906 644 1962 et
674 1895 808 1961 inde
846 1897 1145 1983 sanguinis
1173 1895 1438 1968 oriundi3
1487 1901 1549 1958 'at
1600 1917 1740 1960 vero
1785 1895 1870 1958 illi
1903 1894 2012 1981 -qui
2050 1893 2362 1981 explorant

270 2021 334 2065 se
383 1998 561 2062 etiam
608 1998 804 2083 quoad
855 1999 1212 2061 intentiones
1265 1995 1630 2071 Voluntatis,
1700 1997 1755 2059 in
1799 1995 2176 2068 similitudine
2225 2003 2362 2060 sunt

273 2101 425 2164 sicut
455 2098 569 2173 illi,
622 2101 720 2184 qui
750 2119 781 2161 a
815 2097 1035 2162 morbis
1074 2097 1186 2161 illis
1225 2097 1415 2160 sanati
1457 2106 1624 2172 sunt,
1676 2107 1730 2158 et
1773 2097 2021 2161 redeunt
2059 2096 2118 2159 in
2157 2094 2363 2172 vitam,

262 2201 349 2262 -in
384 2196 776 2283 quafuerunt
816 2197 952 2260 dum
992 2199 1252 2284 juvenes.
1319 2195 1409 2259 Illi
1451 2197 1550 2282 qui
1592 2196 1700 2260 rite
1738 2199 2045 2284 explorant
2081 2218 2186 2273 se,
2226 2206 2363 2263 sunt

280 2300 435 2364 sicut
462 2319 649 2361 naves
673 2319 743 2360 ex
771 2296 1033 2383 ophim,
1084 2319 1264 2374 auro,
1315 2306 1561 2383 argento
1589 2306 1647 2360 et
1671 2299 1936 2384 pretiosis
1962 2298 2250 2375 refertae,
2299 2308 2364 2364 at

282 2409 607 2485 antequam
636 2398 1090 2486 exploraverunt
1117 2421 1209 2475 se,
1261 2409 1394 2463 sunt
1430 2402 1578 2464 sicut
1617 2420 1797 2466 naves
1826 2401 2365 2467 onustaeimmun·

279 2500 402 2575 dis,
456 2492 667 2589 quibus
690 2510 1078 2588 exportantur
1100 2501 1425 2588 platearum
1471 2521 1651 2567 caena
1689 2511 1750 2566 et
1787 2511 2070 2577 stercora.
2145 2501 2238 2567 Illi
2264 2501 2366 2589 qui

275 2602 526 2666 interius
553 2601 861 2687 explorant
885 2623 980 2678 se,
1021 2600 1170 2665 liunt
1195 2602 1342 2667 sicut
1367 2600 1627 2679 fodinae,
1669 2622 1918 2689 quarum
1948 2623 2150 2668 omnes
2171 2601 2366 2691 parie-

275 2714 364 2768 tes
387 2703 700 2789 splendent
730 2704 966 2767 mineris
991 2703 1203 2767 nobilis
1234 2704 1486 2779 metalli,
1539 2705 1699 2791 prius
1726 2712 1921 2768 autem
1949 2704 2098 2769 sicut
2127 2703 2369 2791 paludes

276 2804 611 2879 nidorosae,
663 2804 722 2866 in
769 2805 984 2891 quibus
1021 2816 1156 2871 sunt
1198 2802 1430 2868 colubri
1469 2812 1526 2866 et
1570 2813 1874 2889 serpentes
1918 2805 2218 2879 venenati,
2267 2804 2375 2891 qui

274 2914 588 2971 coruscant
630 2906 918 2991 squamis,
971 2914 1029 2969 et
1063 2907 1297 2969 insecta
1332 2905 1508 2969 noxia
1551 2926 1703 2991 quae
1730 2908 1917 2971 nitent
1944 2905 2068 2971 alis.
2134 2905 2227 2971 Illi
2268 2903 2368 2993 qui

274 3028 397 3071 non
429 3006 859 3093 explorantse,
907 3016 1041 3071 sunt
1067 3008 1216 3070 sicut
1243 3005 1392 3071 Ossa
1419 3005 1585 3070 arida
1625 3007 1683 3068 in
1724 3005 1916 3082 valle,
1966 3015 2027 3070 at
2057 3015 2368 3094 postquam

278 3107 743 3191 exploraverunt
771 3128 863 3183 se,
914 3117 1048 3173 sunt
1075 3110 1221 3170 sicut
1248 3107 1453 3171 eadem
1485 3129 1650 3182 ossa,
1698 3129 1873 3194 super
1902 3129 2053 3193 quae
2083 3106 2375 3171 Dominus

190 3236 195 3240 ¹
277 3207 1016 3289 Jehovih-deditnervoS,
1068 3209 1387 3274 ascendere
1425 3207 1880 3283 fecitcarnem,
1933 3228 2088 3293 quae
2127 3207 2373 3271 obduxit

279 3318 438 3384 cute,
492 3318 557 3372 et
581 3309 642 3372 in
670 3330 823 3394 quae
849 3309 1011 3373 dedit
1040 3309 1325 3396 spiritum,
1366 3319 1427 3372 et
1467 3309 1752 3387 vixerunt,
1792 3308 2001 3374 Ezech.
2047 3306 2368 3373 XXXVHe

283 3415 314 3473 1
371 3409 444 3474 ad
492 3413 589 3473 14.

281 3634 471 3720 Quod
517 3639 696 3701 etiam
746 3635 1192 3702 Paenitentiam
1243 3650 1438 3728 agant
1495 3635 1622 3712 illi,
1699 3642 1806 3730 qui
1867 3661 1990 3704 non
2050 3635 2375 3732 explorant

276 3758 379 3812 se,
431 3735 546 3804 sed
594 3761 782 3831 usque
832 3761 872 3801 a
924 3737 1134 3816 malis,
1185 3740 1329 3831 quia
1372 3752 1626 3831 peccata
1675 3753 1850 3814 sunt,
1914 3736 2249 3804 desistunz:
2315 3751 2373 3802 et

277 3836 450 3931 quod
493 3837 643 3905 haec
683 3841 1053 3932 paenitentia
1084 3834 1222 3931 fiat
1272 3838 1353 3904 ab
1417 3837 1577 3914 illis,
1655 3841 1761 3932 qui
1811 3836 2137 3905 Charitatis
2186 3858 2374 3933 opera

964 3963 1045 4005 ex
1095 3938 1384 4031 religione
1410 3936 1683 4029 faciunt.

435 4119 584 4181 535.
667 4115 961 4209 Quoniam
1006 4116 1379 4182 Paenitentia
1419 4114 1700 4194 actualis,
1749 4136 1903 4202 quae
1942 4122 2029 4178 est
2068 4111 2376 4219 explorare

279 4238 378 4295 ae,
433 4237 790 4304 cognoscere
818 4226 881 4286 et
906 4238 1228 4306 agnoscere
1254 4237 1358 4283 sua
1386 4225 1663 4305 peccata,
1711 4216 2041 4303 supplicare
2069 4212 2146 4275 ad
2171 4203 2376 4274 Domi-
