2750 4775
500 319 655 376 XIV.
739 319 1421 376 CONSL‘MMA'rlo
1465 323 1845 378 SAECULI
1904 323 2069 382 ETC.
2229 336 2335 388 287

216 472 310 537 ibi
338 472 454 535 illis
480 470 694 535 dentur
719 468 1087 545 babitacula;
1141 480 1200 536 et
1226 472 1463 559 quidam
1491 475 1649 561 quod
1680 487 1805 562 post
1834 478 2011 544 millia
2042 501 2337 547 annorum

213 573 480 639 redeant
508 573 567 635 in
595 594 877 659 corpora;
933 570 1196 659 plerique
1224 583 1441 648 autem,
1493 576 1650 661 quod
1678 589 2055 643 reserventur
2083 582 2157 645 ad
2186 594 2332 650 tem·

216 697 360 763 pus,
415 675 556 739 dum
589 672 922 737 universum
967 673 1434 746 Firmamentum
1476 698 1591 742 una
1633 698 1764 741 cum
1795 679 1958 744 Orbe
1984 680 2333 769 Terraqueo

214 776 561 866 periturum
603 784 726 849 est,
775 774 931 860 qnod
978 772 1230 861 fiettper
1271 775 1465 861 ignem
1509 778 1604 841 vel
1632 775 1973 867 erupturum
2015 802 2085 846 ex
2112 782 2333 849 Centro

212 886 462 952 terrae,
517 874 610 940 vel
642 875 931 958 deiectum
973 898 1004 937 e
1037 875 1216 940 Caelo
1242 877 1393 941 sicut
1421 877 1643 944 fulmen
1670 881 2035 954 universale;
2064 892 2147 960 ,et
2174 886 2332 970 quod

216 989 377 1044 tunc
404 976 715 1064 sepulchra
748 977 1117 1063 aperientur,
1171 988 1230 1041 et
1256 980 1488 1042 animae
1514 991 1852 1046 reservatae
1880 982 2334 1051 reinduerentur

213 1081 353 1146 suis
397 1078 776 1164 corporibus,
853 1087 912 1139 et
963 1080 1427 1146 transferrentur
1471 1080 1531 1143 in
1577 1081 1851 1150 Sanctam
1899 1083 2058 1150 illam
2107 1086 2333 1152 Urbem

214 1178 709 1268 Hierololymam
730 1223 750 1253 ,
798 1188 856 1242 et
893 1177 977 1243 sic
1012 1202 1191 1267 super
1223 1191 1381 1245 terra
1413 1179 1526 1246 alia
1555 1184 1612 1245 in
1644 1182 2003 1271 Corporibus
2030 1186 2334 1254 illustratis

215 1281 668 1355 cohabitarent,
718 1280 956 1367 quidam
990 1280 1235 1350 inferius
1257 1282 1362 1359 ibi,
1415 1284 1655 1369 quidam
1683 1286 1991 1372 superius,
2033 1289 2173 1374 quia
2200 1288 2331 1353 alti-

213 1382 378 1448 tudo
416 1382 541 1467 ejus
581 1380 780 1445 futura
820 1391 908 1446 est
955 1385 1168 1447 1200«)
1209 1382 1581 1460 stadiorum.
1634 1386 1781 1451 sicut
1825 1388 1951 1472 ejus
1990 1387 2236 1454 latitudo
2273 1401 2333 1455 et

210 1482 570 1570 longitude,
626 1479 808 1568 Apoc.
853 1481 995 1567 Cap.
1037 1482 1214 1547 XXI:
1262 1489 1361 1549 16.

394 1589 537 1648 ΠΟ.
607 1582 754 1647 Cum
802 1582 1202 1671 interrogatur
1240 1584 1501 1651 Clericus
1548 1598 1603 1651 et
1649 1587 1893 1665 Laicus,
1946 1610 2085 1653 num
2136 1593 2329 1656 omnia

216 1686 332 1751 illa
355 1684 608 1751 firmiter
637 1683 913 1761 credant,
965 1698 1029 1749 ut
1057 1686 1214 1774 quod
1240 1685 1679 1753 Antediluviani
1709 1710 1826 1754 una
1855 1713 1986 1754 cum
2016 1690 2248 1757 Adamo
2276 1702 2337 1757 et

218 1788 400 1863 Eva,
469 1797 529 1850 et
573 1784 1000 1852 Postdiluviani
1055 1809 1171 1853 una
1217 1809 1352 1852 cum
1396 1789 1647 1854 Noacho
1694 1799 1753 1854 et
1800 1791 1926 1876 ejus
1969 1790 2136 1865 filiis,
2206 1802 2330 1858 tum

218 1887 640 1963 muhamas,
691 1886 893 1954 lsacus
922 1898 980 1951 et
1005 1889 1273 1954 Jacobus
1310 1912 1426 1954 una
1459 1911 1589 1954 cum
1618 1891 1890 1956 omnibus
1918 1893 2232 1979 Prophetis
2272 1905 2333 1959 et

219 1990 561 2077 Apostolis‚
627 1986 893 2054 similiter
931 2010 1000 2053 ac
1044 1990 1405 2077 reliquorum
1446 1989 1752 2056 hominum
1789 1991 2072 2069 Animae,
2138 1994 2330 2061 adbuc

220 2100 611 2156 reserventur
655 2091 712 2152 in
765 2089 1089 2154 meditullio
1130 2100 1353 2168 terrae,
1421 2102 1524 2156 aut
1564 2093 1809 2158 volitent
1850 2095 1908 2156 in
1949 2094 2189 2159 aethere
2228 2107 2331 2163 aut

220 2200 400 2263 aiirm
453 2203 579 2254 tum
610 2192 790 2258 etiam
819 2213 956 2254 num
988 2191 1262 2268 credant,
1316 2194 1473 2280 quod
1504 2192 1752 2259 Animae
1788 2196 2188 2266 reinduiturae
2215 2198 2330 2262 sint

221 2314 482 2381 corpora
517 2313 643 2367 sua,
695 2301 752 2356 et
780 2314 910 2355 cum
938 2292 1026 2357 his
1049 2295 1408 2368 coaliturae‚
1464 2316 1616 2382 quae
1649 2303 1847 2360 tamen
1872 2308 2008 2372 sunt
2036 2299 2324 2366 cadavera

226 2416 408 2461 exesa
438 2417 469 2458 a
501 2394 826 2471 vermibus,
882 2395 1145 2461 muribus
1173 2405 1231 2459 et
1261 2397 1546 2483 piscibus,
1598 2406 1657 2461 et
1685 2394 2049 2490 Aegyptiaci)
2090 2410 2152 2464 ut
2199 2425 2326 2466 mu-

229 2497 392 2559 miae
437 2496 513 2557 ab
552 2491 883 2560 hominibus
909 2517 1148 2587 exesae,
1195 2507 1252 2561 et
1292 2498 1582 2585 quaedam
1614 2500 1793 2564 modo
1829 2504 2044 2567 sceleta
2084 2513 2321 2569 exustae

226 2596 362 2662 sole
388 2604 446 2658 et
467 2595 683 2681 dilapsa
709 2596 768 2660 in
788 2597 1118 2683 pulverum
1149 2608 1208 2663 et
1225 2621 1462 2688 quoque
1483 2621 1624 2664 num
1653 2601 1911 2678 credant,
1934 2605 2088 2689 quod
2116 2604 2320 2671 stellae

226 2695 400 2763 Caeli
439 2706 580 2760 tunc
620 2696 959 2787 delapsurae
1009 2700 1125 2764 sint
1161 2720 1340 2787 super
1379 2711 1631 2778 terram,
1695 2725 1847 2788 quae
1892 2712 2088 2769 tamen
2133 2705 2329 2769 minor

223 2820 352 2864 una
379 2797 610 2863 illarum
640 2809 757 2873 est;
810 2821 1029 2864 numne
1069 2801 1209 2866 talia
1249 2813 1392 2869 sunt
1430 2803 1758 2892 paradoxa,
1813 2824 1965 2889 quae
2005 2805 2128 2892 ipsa
2171 2805 2324 2868 ratio

223 2900 507 2988 dissipat,
556 2900 704 2963 sicut
756 2901 904 2968 solet
952 2904 1427 2968 contradictoria.
1494 2904 1607 2967 Sed
1638 2904 1711 2968 ad
1740 2904 1885 2967 haec
1914 2904 2149 2989 quidam
2182 2904 2326 2967 nihil

219 3003 620 3086 respondent,
671 3001 912 3088 quidam
959 3004 1113 3091 quod
1154 3004 1250 3068 illa
1297 3007 1413 3068 sint
1443 3004 1610 3079 fidei,
1661 3004 1769 3069 sub
1799 3004 1962 3088 cujus
1991 3002 2324 3067 obedientia

219 3112 535 3188 captamus
561 3102 954 3178 intellectum;
1008 3105 1244 3192 quidam
1276 3106 1433 3192 quod
1464 3127 1584 3169 non
1611 3104 1787 3173 modo
1816 3102 1982 3178 haec,
2021 3102 2124 3167 sed
2151 3105 2325 3169 etiam

218 3225 403 3292 snpra
448 3204 796 3268 rationalia⁷
824 3205 988 3293 plura
1043 3208 1158 3269 sint
1203 3206 1458 3269 Divinae
1512 3206 2024 3293 Omnipotentiae;
2093 3215 2152 3269 et
2191 3227 2323 3269 cum

219 3306 537 3373 nominant
566 3306 771 3385 Fidem
804 3316 862 3369 et
890 3305 1432 3394 omnipotentiam,
1483 3306 1681 3373 exulat
1702 3305 1877 3381 ratio,
1931 3315 1989 3369 et
2018 3316 2156 3370 tunc
2182 3328 2325 3375 sana

221 3405 383 3471 ratio
412 3406 505 3468 vel
534 3407 885 3493 disparatur,
941 3417 996 3471 et
1025 3406 1087 3470 fit
1115 3408 1264 3473 sicut
1291 3406 1453 3481 nihil,
1507 3407 1601 3472 vel
1628 3406 1693 3470 fit
1719 3408 1866 3471 sicut
1895 3418 2211 3493 spectrum,
2264 3418 2325 3470 et

220 3516 482 3571 vocatur
519 3509 775 3576 insania;
829 3509 1081 3584 addunt,
1133 3517 1345 3573 suntne
1371 3508 1470 3572 illa
1498 3509 1820 3572 secundum
1852 3508 2143 3585 Verbum,
2196 3510 2326 3597 quis

214 3629 345 3672 non
371 3629 446 3671 ex
470 3606 570 3673 illo
601 3608 878 3695 cogitabit
904 3620 963 3676 et
989 3611 1278 3694 loquetur.

285 3730 294 3739 ¹
385 3713 529 3779 771.
588 3708 762 3788 Quod
801 3710 1064 3776 Verbum
1107 3713 1171 3774 in
1217 3712 1386 3776 litera
1431 3733 1533 3798 per
1578 3709 1970 3797 Apparentias
2014 3723 2073 3779 et
2113 3713 2326 3777 Corre-
2443 3702 2449 3708 ⁵

217 3810 603 3895 spondentias
648 3812 1042 3900 conscriptum
1085 3813 1193 3887 sit,
1247 3823 1305 3876 et
1338 3813 1498 3899 quod
1539 3814 1670 3879 ideo
1698 3814 1757 3877 in
1793 3812 2039 3900 singulis
2084 3815 2209 3900 ejus
2250 3813 2327 3877 sit

211 3911 439 3979 Sensus
465 3912 838 3999 spiritualis„
866 3915 926 3977 in
956 3935 1074 3999 quo
1101 3915 1319 3979 veritas
1356 3923 1446 3978 est
1472 3914 1531 3979 in
1559 3935 1665 3981 sua
1696 3915 1858 3991 luce,
1911 3924 1970 3979 et
1996 3913 2215 3979 Sensus
2257 3912 2327 3976 li·

211 4022 388 4089 terae
428 4013 488 4075 in
531 4014 777 4089 umbra,
841 4016 903 4078 in
943 4015 1146 4101 Capite
1190 4015 1263 4079 de
1299 4014 1603 4101 Scriptura
1642 4015 1826 4080 Sacra
1873 4026 2170 4080 ostensum
2214 4022 2321 4077 est.

212 4115 312 4180 Ne
339 4115 543 4202 itaque
576 4113 757 4178 horno
786 4115 1083 4181 Ecclesiae
1112 4137 1324 4190 novae,
1375 4114 1528 4178 sicut
1554 4113 1732 4180 bomo
1762 4115 2061 4179 Ecclesiae
2089 4112 2324 4188 veteris,

212 4225 386 4281 erret*
416 4217 478 4283 in
521 4213 764 4295 umbra,
817 4217 874 4281 in
913 4238 1033 4304 qua
1063 4227 1152 4282 est
1177 4216 1396 4289 Sensus
1421 4216 1626 4281 literae
1654 4212 1874 4291 Verbi,
1926 4212 2212 4300 imprimis
2252 4211 2324 4275 de
