2750 4775
474 407 587 457 25⁰
702 391 1166 449 UMVERSA
1213 391 1758 447 THEOLOGIA
1801 394 1870 451 N.
1916 392 1982 451 C.
2026 394 2127 445 ΕΤ
2167 393 2235 448 N.
2274 392 2335 447 E.

2648 441 2663 596 Αἱ

474 553 597 639 ipse
623 551 683 615 in
710 547 844 614 idea
870 547 1017 624 loci,
1061 556 1119 609 et
1148 566 1269 609 non
1299 547 1359 610 in
1389 546 1522 610 idea
1549 548 1770 612 amoris
1798 548 1872 611 de
1895 546 2077 611 Caelo
2101 545 2290 620 fuerit,
2332 554 2384 607 et
2408 544 2537 631 quod

468 662 540 716 υἱ
587 651 842 739 primum
882 650 942 712 in
972 646 1264 712 Mundum
1304 648 1671 735 spiritualem
1703 649 1873 722 veni,
1927 647 2310 734 quaesiverim
2347 648 2541 733 sapien·
2661 663 2662 690 ¹

470 764 595 829 tes,
650 772 791 815 num
820 750 879 812 in
907 748 1150 813 Caelum
1181 748 1355 810 liceat
1386 749 1736 824 ascendere,
1782 751 1879 833 qui
1910 748 2053 811 mihi
2083 748 2374 822 dixerunt,
2413 744 2539 834 quod

477 853 664 917 cuivis
688 851 895 926 liceat,
949 849 1049 914 sed
1080 857 1143 911 ut
1171 849 1279 912 sibi
1311 858 1596 923 caveant,
1649 870 1721 912 ne
1751 850 2134 933 dejiciantur:
2190 849 2261 912 ad
2291 848 2425 910 haec
2449 845 2542 918 risi,
2610 920 2618 930 Ι

477 964 537 1018 et
579 952 850 1027 ascendi,
910 949 1154 1015 credens
1204 969 1317 1035 ego
1363 952 1515 1013 sicut
1562 951 1697 1026 alii,
1752 951 1912 1037 quod
1958 967 2165 1014 omnes
2207 951 2264 1011 in
2310 949 2542 1012 universo

478 1053 708 1118 Mundo
756 1050 1126 1138 receptibiles
1170 1063 1365 1114 essent
1415 1051 1767 1137 gaudiorum
1814 1051 1894 1112 ibi
1939 1052 1998 1113 in
2041 1073 2146 1114 sua
2204 1048 2545 1136 plenitudine:

478 1153 583 1218 sed
610 1172 752 1216 sane
780 1173 913 1215 cum
944 1153 1101 1214 intus
1129 1169 1290 1214 eram
1308 1199 1323 1225 ‚
1379 1171 1564 1238 paene
1594 1154 1963 1216 exanimatus
1990 1173 2117 1214 sum
2137 1201 2152 1225 ‚
2205 1160 2263 1212 et
2287 1171 2353 1212 ex
2379 1147 2545 1210 dolore

479 1263 537 1318 et
565 1252 703 1316 inde
732 1253 1000 1317 cruciatu
1028 1252 1088 1314 in
1120 1253 1311 1337 capite
1340 1261 1398 1315 et
1427 1254 1485 1316 in
1518 1273 1800 1339 corpore,
1855 1252 2152 1339 prostravi
2181 1274 2273 1314 me
2298 1249 2475 1323 humi,
2506 1252 2550 1308 et

483 1353 760 1418 convolvi
806 1376 900 1416 me
951 1353 1102 1416 sicut
1146 1373 1388 1438 serpens
1428 1353 1702 1417 admotus
1756 1354 1913 1438 igni,
1979 1362 2036 1415 et
2087 1351 2244 1439 repsi
2300 1369 2462 1436 usque
2493 1344 2549 1410 ad

483 1453 930 1542 praecipitium,
986 1460 1046 1515 et
1075 1474 1179 1539 per
1204 1451 1262 1515 id
1306 1474 1400 1516 me
1433 1452 1649 1537 dejeci;
1704 1463 1762 1517 et
1804 1462 2004 1540 postea
2045 1454 2312 1517 sublatus
2348 1471 2461 1515 sum
2493 1445 2551 1509 ab

480 1554 852 1620 adstantibus
880 1551 1064 1627 infra,
1118 1563 1176 1615 et
1213 1553 1442 1618 delatus
1471 1554 1530 1617 in
1559 1554 1983 1627 diversorium,
2038 1554 2140 1616 uhi
2176 1551 2346 1616 rediit
2374 1551 2552 1615 sanitas

483 1654 640 1718 mihi.
722 1653 998 1731 Rmom
1045 1672 1338 1730 Qun-{Qun
1380 1654 1555 1717 etiam
1599 1662 2001 1719 narraverunt
2037 1654 2330 1717 mirabilia
2369 1653 2432 1714 de
2464 1646 2554 1712 suis

484 1755 822 1821 ascensibus
876 1756 934 1817 in
990 1753 1267 1828 Caelum3
1332 1763 1393 1816 et
1448 1756 1875 1843 comparabant
1931 1754 2291 1842 mutationes
2337 1760 2551 1817 statuum

480 1878 621 1920 suae
649 1855 837 1932 vitae,
891 1876 1022 1918 cum
1062 1862 1219 1917 statu
1264 1854 1504 1943 piscium
1542 1855 1682 1919 dum
1722 1856 2032 1924 elevantur
2076 1856 2154 1918 ab
2197 1855 2361 1940 aquis
2394 1852 2553 1913 in'a’e'·

482 1977 644 2031 rem,
700 1967 757 2019 et
799 1975 933 2019 cnm
976 1962 1132 2017 statu
1161 1956 1361 2018 avium
1391 1956 1450 2017 in
1482 1956 1755 2027 aethere;
1808 1966 1865 2018 et
1909 1953 2218 2030 dixerunt,
2272 1954 2418 2040 quod
2455 1954 2554 2037 post

481 2058 660 2121 duras
685 2056 816 2120 illas
841 2064 1046 2128 sortes»,
1085 2076 1202 2117 non
1232 2057 1679 2145 concupiverim
1711 2056 1960 2142 amplius
1987 2055 2242 2131 caelum,
2287 2056 2383 2119 sed
2414 2048 2553 2115 modo

484 2166 820 2220 consortem
870 2156 1051 2217 vitam
1100 2178 1230 2217 cum
1279 2157 1365 2220 sui
1411 2157 1696 2221 similibus
1739 2157 2075 2242 ubicunque
2114 2168 2286 2226 sunt;
2339 2165 2391 2217 et
2431 2147 2555 2238 quod

480 2257 703 2332 sciant,
741 2253 900 2343 quod
931 2255 989 2316 in
1018 2253 1247 2319 Mundo
1277 2259 1583 2344 spirituum
1605 2306 1619 2332 ,
1660 2259 1759 2320 ubi
1790 2278 1898 2319 nos
1924 2277 2127 2319 sumus
2147 2305 2163 2330 ,
2211 2276 2409 2320 omnes
2434 2250 2555 2340 prius

482 2365 943 2444 praeparentur,
992 2351 1137 2419 boni
1169 2355 1240 2420 ad
1270 2357 1547 2434 Caelum,
1600 2366 1659 2420 et
1688 2359 1822 2421 mali
1852 2357 1924 2420 ad
1960 2357 2307 2434 Infernum,
2347 2365 2402 2420 et
2429 2347 2553 2440 quod

483 2476 614 2518 cum
667 2456 1000 2542 praeparati
1032 2466 1193 2533 sunt,
1275 2458 1515 2523 videant
1556 2461 1681 2524 vias
1725 2459 1836 2522 sibi
1879 2467 2114 2544 apertas
2156 2459 2232 2522 ad
2274 2457 2555 2522 Societates

479 2555 569 2618 sui
607 2555 919 2629 similium,
975 2578 1106 2620 cum
1140 2558 1355 2643 quibus
1382 2561 1439 2620 in
1483 2568 1790 2623 aeternum
1821 2560 2081 2622 mansuri
2121 2569 2290 2633 sunt,
2344 2566 2399 2621 et
2434 2549 2556 2640 quod

482 2776 632 2820 rmn.
716 2757 939 2823 Omnes
997 2780 1065 2822 ex
1115 2760 1301 2844 prima
1355 2760 1799 2824 Convocatione
1841 2760 2144 2824 audientes
2190 2761 2365 2835 haec,
2418 2755 2556 2820 etiam

477 2857 614 2924 fassi
642 2870 809 2936 sunt,
864 2860 1021 2945 quod
1054 2880 1163 2922 nec
1186 2859 1299 2923 illis
1326 2860 1442 2922 alia
1481 2859 1608 2923 idea
1654 2861 1725 2922 de
1756 2860 1936 2924 Caelo
1970 2860 2182 2934 fuerit,
2240 2878 2414 2946 quam
2442 2855 2556 2920 sicut

479 2954 748 3037 deloco,
803 2960 903 3022 ubi
936 2960 1110 3047 pleno
1151 2981 1253 3023 ore
1297 2959 1642 3025 circumflua
1686 2962 1897 3045 gaudia
1941 2962 1998 3023 in
2042 2970 2353 3024 aeternum
2393 2955 2556 3023 sorbe‘

480 3070 628 3124 rent.
713 3061 857 3125 Post
900 3059 1048 3123 haec
1087 3058 1349 3146 Angelus
1391 3061 1569 3124 tubae
1608 3061 1748 3124 dixit
1781 3062 1935 3136 iltis,
1991 3061 2201 3124 videtis
2244 3082 2400 3126 nunc
2432 3048 2556 3143 quod

484 3160 698 3245 gaudia
736 3160 903 3245 'Caeli
944 3168 999 3222 et
1045 3159 1293 3223 felicitas
1331 3170 1576 3224 aeterna
1620 3182 1739 3224 non
1778 3161 1891 3227 sint
1937 3161 2081 3234 loci,
2136 3161 2248 3224 sed·
2284 3159 2437 3248 quod
2469 3154 2558 3219 sint

477 3269 662 3324 status
694 3260 849 3323 vitae
882 3258 1166 3332 hominis}
1222 3281 1291 3323 ac
1328 3269 1514 3325 status
1556 3261 1714 3324 vitae
1747 3258 2011 3325 caelestis
2052 3270 2139 3325 est
2179 3283 2250 3324 ex
2292 3272 2483 3326 amore
2512 3258 2556 3314 81

478 3360 798 3448 sapientia;
855 3370 910 3422 et
941 3361 1074 3446 quia
1107 3383 1239 3423 usus
1281 3369 1366 3425 est
1410 3347 1927 3424 duorum-illorum
1961 3362 2302 3437 continens,
2357 3369 2439 3424 est
2464 3363 2555 3419 sta·

477 3469 570 3523 tus
599 3462 753 3524 vitae
781 3461 1046 3541 caelestis
1077 3482 1144 3523 ex
1177 3462 1592 3546 conjunctione
1620 3462 1856 3526 illorum
1887 3463 1946 3524 in
1989 3484 2148 3525 usur
2182 3463 2339 3528 idem
2377 3467 2478 3531 est,
2520 3449 2555 3514 si

366 3604 373 3611 .
482 3557 713 3621 dicatur
757 3560 1060 3634 CharitaS‚
1116 3561 1293 3651 Fides
1345 3571 1403 3624 et
1450 3561 1684 3625 Bonum
1735 3562 1936 3650 O‘puS,
1993 3564 2272 3648 quoniam
2322 3556 2555 3624 charitas

478 3665 565 3751 est
595 3655 812 3732 Amor,
867 3660 1039 3723 Fides
1066 3669 1152 3723 est
1179 3660 1415 3725 Veritas
1445 3683 1515 3724 ex
1544 3683 1657 3748 qua
1688 3661 2022 3746 Sapientia,
2068 3672 2126 3725 et
2159 3662 2393 3726 Bonum
2419 3659 2554 3740 Opus

479 3764 566 3820 est
594 3755 781 3820 Usus:
828 3758 1146 3843 'praeterea
1176 3761 1234 3819 in
1266 3761 1494 3843 Mundo
1527 3752 1729 3826 nostro
1756 3762 2058 3847 Spirituali
2100 3773 2233 3826 sunt
2271 3765 2400 3826 loca
2436 3758 2555 3821 sicul

473 3856 545 3919 in
565 3854 790 3919 Mundo
821 3856 1095 3933 naturali,
1116 3858 1374 3945 alioquin
1410 3884 1527 3925 non
1561 3862 1756 3926 forent
1785 3863 2179 3926 habitationes
2201 3872 2259 3925 et
2278 3858 2552 3924 distinctae

477 3956 843 4031 mansioneS‚
892 3966 951 4020 at
981 3980 1162 4043 usque
1192 3959 1354 4024 locus
1384 3962 1463 4024 ibi
1495 3984 1613 4024 non
1643 3963 1950 4037 esrlocus,
1998 3963 2097 4026 sed
2126 3972 2212 4026 est
2242 3951 2552 4049 apparentia

462 4054 588 4119 'loci
635 4056 956 4153 secundum
1001 4068 1219 4123 statum
1248 4063 1485 4151 ‘amoris
1528 4073 1584 4126 et
1629 4064 1984 4148 sapientiae,
2039 4084 2142 4126 seu
2171 4058 2470 4126 'charitatis
2504 4056 2550 4113 et

477 4156 628 4220 fidei.
709 4158 952 4234 Omnis,
995 4159 1093 4245 qui
1135 4158 1199 4222 fit
1227 4162 1503 4245 angeluS,
1551 4163 1708 4225 intus
1735 4165 1794 4226 in
1822 4184 1881 4227 se
1914 4172 2108 4250 portat
2137 4184 2303 4243 suum
2337 4157 2549 4222 caelum,

483 2654 590 2720 has
623 2656 746 2720 vias
772 2666 915 2720 tunc
944 2659 1165 2721 intrent
1192 2670 1325 2722 cum'
1356 2659 1658 2743 jucundo,
1708 2660 1842 2744 quia
1883 2669 2019 2737 sunt
2054 2661 2188 2729 viae
2228 2659 2443 2724 amoris
2463 2653 2557 2715 illo·

473 4255 614 4343 quia
665 4256 753 4320 sui
797 4257 959 4322 Caeli
1006 4279 1306 4330 amorem;
1373 4280 1507 4323 nam
1557 4260 1735 4324 homo
1786 4284 1818 4325 a
1870 4264 2167 4334 creatione
2214 4271 2297 4326 est
2343 4255 2546 4323 minima
