2750 4775
489 379 592 431 inti
710 365 1167 420 UNIVERSA
1216 366 1748 420 THEOLOGIA
1797 369 1861 420 N.
1905 369 1968 421 C.
2008 369 2117 420 ΕΤ
2159 369 2224 420 Ν.
2269 370 2333 420 Ε.

483 523 803 608 conjungat
838 519 1002 595 illos,
1048 519 1148 585 sed
1190 523 1611 610 proprietates,
1662 543 1815 607 qnae
1855 531 1990 586 sunt
2030 525 2286 594 creatio,
2343 524 2565 589 redem-

484 624 637 713 ptio,
684 624 1001 710 operatio,·
1031 642 1134 685 seu
1158 623 1502 706 imputatio,
1555 623 1772 705 justitia
1815 624 2100 711 imputata
2128 634 2189 688 et
2217 623 2569 704 effectnatio,

480 734 758 813 separent
797 723 955 788 illost
1008 743 1163 809 quae
1190 743 1362 788 cansa
1395 731 1515 798 est,
1565 726 1726 810 qnod
1772 728 2002 790 tametsi
2045 745 2120 788 ex
2163 727 2354 790 tribus
2393 750 2567 792 unum

482 828 673 892 Deum
702 833 1176 913 composuerunt,
1220 845 1407 908 nsque
1433 836 1630 888 tamen
1656 846 1729 888 ex
1754 827 1943 889 tribus
1968 826 2246 891 Personis
2273 851 2392 889 non
2421 827 2571 892 fece-

478 931 599 993 rint
624 949 835 1003 unum,
881 934 1121 1012 propter
1147 946 1381 989 causam
1401 974 1417 1001 ,
1467 949 1540 990 ne
1568 926 1700 990 idea
1730 928 1906 990 trium
1932 928 2196 993 Deorum
2225 928 2573 994 obliterare-

481 1039 605 1101 tur3
669 1050 806 1092 nam
859 1027 1135 1114 quamdiu
1192 1028 1554 1116 unaquaevis
1604 1028 1868 1093 Persona
1917 1028 2252 1115 singulatim
2310 1031 2571 1096 creditur

481 1130 678 1206 Deus,
730 1138 795 1192 ut
822 1129 879 1192 in
904 1127 1192 1218 Symbolo
1218 1127 1461 1203 dicitur,
1509 1130 1558 1193 si
1587 1139 1726 1192 tunc
1753 1139 2185 1216 consequenter
2211 1140 2336 1194 tres
2362 1131 2574 1198 Perso-

482 1252 595 1295 nae
624 1228 831 1294 fierent
858 1251 1006 1304 nna,
1060 1237 1183 1292 tota
1212 1228 1438 1293 Domus
1476 1252 1652 1318 super
1690 1230 1879 1295 tribus
1918 1232 2068 1295 sicut
2108 1230 2401 1297 columnis
2444 1232 2574 1297 fun·

484 1332 624 1396 data
670 1332 728 1394 in
772 1352 1046 1396 acervum
1098 1328 1409 1395 decideret.
1501 1330 1677 1410 Quod
1716 1331 1992 1421 Synodus
2039 1332 2140 1396 illa
2183 1333 2576 1400 introduxerit

488 1444 608 1498 tres
650 1432 941 1498 Personas
981 1432 1226 1496 Divinas
1264 1433 1341 1495 ab
1383 1442 1658 1507 aeterno,
1707 1430 1818 1495 fuit
1855 1454 2066 1509 causa,
2117 1434 2256 1521 quia
2301 1456 2425 1498 non
2467 1436 2575 1519 rite

483 1535 727 1600 scrutati
753 1543 888 1598 sunt
912 1533 1207 1608 Verbum,
1258 1543 1316 1596 et
1356 1532 1492 1595 inde
1535 1555 1656 1595 non
1688 1533 1844 1596 alind
1874 1532 2105 1624 azylum
2149 1543 2361 1600 contra
2405 1537 2575 1601 Aria-

485 1638 594 1700 nos
647 1637 1010 1700 invenerunt.
1105 1632 1279 1710 Quod
1334 1644 1533 1722 postea
1590 1645 1707 1698 tres
1760 1635 1887 1699 illas
1929 1635 2254 1710 Personas,
2325 1659 2575 1723 quarum

486 1738 781 1825 quaelibet
808 1747 895 1800 est
924 1736 1085 1799 Dens
1116 1757 1218 1820 per
1245 1758 1337 1811 se,
1390 1736 1742 1799 contulerint
1772 1737 1829 1797 in
1864 1758 2044 1799 unum
2075 1737 2301 1813 Deum,
2355 1737 2469 1801 fuit
2507 1761 2575 1802 ex

488 1840 731 1912 timore,
784 1858 859 1900 ne
890 1837 966 1900 ab
993 1833 1149 1898 omni
1180 1837 1451 1900 rationali
1480 1838 1752 1922 religioso
1787 1838 1845 1898 in
1875 1839 2062 1901 tribus
2087 1837 2270 1901 Orbis
2295 1839 2577 1904 Partibus

480 1941 926 2025 inculparentur
951 1935 1114 2001 Fidei
1145 1937 1317 2001 trium
1346 1937 1626 2012 deorum,
1675 1948 1734 2000 et
1762 1937 2345 2024 blasphemarentur:
2399 1939 2575 2019 Quod

487 2040 832 2105 tradiderint
857 2037 1032 2101 fidem
1066 2037 1413 2125 applicatam
1443 2040 1631 2102 tribus
1658 2037 1715 2100 in
1745 2039 1983 2114 ordine,
2037 2038 2144 2105 fuit
2176 2061 2390 2117 causa,
2445 2041 2577 2128 qnia
2687 2060 2688 2079 ³

378 2153 389 2165 ‘
484 2164 603 2206 non
633 2142 746 2204 alia
774 2161 844 2203 ex
873 2138 972 2201 illo
1000 2137 1282 2227 principio
1310 2140 1580 2226 profluit:
1633 2137 1767 2202 huic
1795 2141 2051 2214 accedit,
2100 2141 2149 2205 si
2182 2163 2336 2205 unus
2377 2164 2453 2207 ex
2482 2144 2579 2206 tri-
2683 2172 2684 2187 ¹

488 2245 596 2309 bus
623 2241 1065 2330 praeteriretur,
1108 2261 1224 2303 non
1256 2241 1587 2304 mitteretur
1615 2243 1853 2316 tertius,
1896 2251 1955 2303 et
1981 2242 2065 2305 sic
2091 2243 2281 2305 omnis
2309 2243 2577 2329 operatio

488 2343 739 2409 Divinae
771 2342 992 2427 gratiae
1019 2344 1309 2406 incassum
1340 2343 1469 2407 iret.

643 2445 788 2507 634.
839 2443 954 2508 Sed
982 2444 1384 2531 propalabitur
1413 2445 1656 2514 veritas;
1710 2443 1946 2531 quando
1973 2443 2149 2508 Fides
2179 2445 2241 2507 in
2268 2453 2391 2510 tres
2422 2447 2576 2511 Deos

487 2546 547 2608 in
574 2542 932 2608 christianas
963 2545 1253 2609 Ecclesias
1280 2545 1611 2609 introducta
1639 2556 1756 2622 est,
1810 2545 1966 2631 quod
1994 2544 2216 2608 factum
2241 2557 2335 2610 est
2368 2568 2404 2611 a
2436 2557 2577 2611 tern-

489 2665 631 2731 pore
657 2643 885 2734 Synodi
912 2647 1212 2710 Nicaenae
1231 2696 1248 2722 ,
1299 2667 1475 2709 omne
1506 2646 1723 2709 bonum
1754 2646 2053 2710 charitatis
2079 2655 2137 2709 et
2166 2668 2343 2711 omne
2373 2670 2578 2712 verum

488 2744 624 2810 fidei
653 2746 1055 2823 exulaverunt,
1095 2747 1192 2810 illa
1221 2747 1338 2810 duo
1366 2749 1522 2811 enim
1550 2748 1880 2811 nullatenus
1907 2746 2225 2810 consistunt
2251 2767 2387 2812 curn
2420 2749 2579 2812 cultu
2687 2771 2688 2808 ;

488 2847 725 2911 mentali
770 2847 944 2912 trium
987 2848 1262 2924 deorum,
1314 2858 1373 2911 et
1418 2848 1591 2912 simul
1643 2871 1774 2913 cum
1821 2848 1982 2911 cultu
2035 2847 2184 2911 orali
2229 2850 2405 2913 unius
2450 2850 2583 2924 Dei,

489 2948 660 3012 Mens
686 2949 844 3010 enim
871 2959 1045 3035 negat
1073 2950 1231 3036 quod
1259 2971 1324 3014 os
1353 2949 1644 3038 loquitur,
1697 2960 1755 3014 et
1781 2971 1847 3013 os
1873 2958 2053 3034 negat
2091 2950 2247 3035 quod
2279 2971 2453 3014 mens
2482 2974 2580 3016 co-

488 3048 668 3134 gitat,
720 3048 853 3113 inde
892 3048 985 3125 fit,
1038 3050 1197 3136 quod
1229 3071 1335 3113 nec
1372 3053 1461 3113 sit
1481 3047 1623 3113 fides
1649 3051 1824 3115 trium
1855 3049 2148 3125 Deorum,
2201 3073 2397 3138 neque
2441 3051 2581 3117 fides

492 3149 698 3215 Unius.
765 3149 852 3214 Ex
881 3149 995 3215 hoc
1022 3160 1210 3240 patet,
1262 3152 1422 3238 quod
1449 3149 1759 3237 Templum
1789 3150 2180 3215 Christianum
2212 3152 2289 3218 ab
2326 3174 2399 3216 eo
2431 3163 2581 3217 tem-

489 3272 630 3340 pore
658 3271 775 3313 uon
804 3253 978 3316 modo
1016 3254 1195 3317 rimas
1225 3251 1488 3325 duxerit,
1537 3251 1638 3315 sed
1667 3252 1985 3337 collapsum
2014 3252 2088 3315 sit
2114 3254 2174 3316 in
2214 3254 2468 3328 rudera;
2523 3264 2580 3318 et

489 3350 647 3441 q'uod
674 3352 749 3414 ab
776 3372 846 3417 eo
876 3365 1138 3439 tempore
1165 3362 1399 3440 apertus
1425 3353 1497 3416 sit
1525 3361 1733 3440 puteus
1760 3353 1989 3441 abyssi,
2044 3374 2113 3416 ex
2153 3376 2271 3440 quo
2314 3356 2584 3420 ascendit

488 3453 682 3518 fumus
707 3452 855 3517 sicut
878 3454 1132 3519 fornacis
1161 3475 1409 3541 magnae
1426 3503 1442 3530 ,
1489 3463 1552 3516 et
1573 3454 1922 3517 obscuratus
1948 3462 2035 3516 est
2060 3453 2163 3518 Sol
2189 3465 2246 3518 et
2275 3461 2438 3529 a’er,
2466 3466 2528 3519 et
2553 3475 2584 3518 e

486 3576 605 3641 quo
648 3554 902 3618 locustae
933 3557 1241 3619 exiverunt
1280 3556 1338 3617 in
1382 3564 1632 3629 terram,
1685 3553 1867 3639 Apoc.
1910 3554 2049 3641 Cap.
2100 3556 2216 3622 IX:
2257 3561 2314 3619 2.
2365 3561 2441 3631 ὃς
2499 3559 2585 3625 vi-

486 3654 694 3718 deatur
735 3654 1057 3744 Explicatio
1098 3656 1329 3720 illorum
1380 3656 1438 3718 in
1486 3652 1875 3719 Apocnmn
1917 3675 2275 3729 fluvi-:num
2331 3657 2458 3722 imo
2508 3660 2582 3724 ab

487 3754 587 3819 illo
615 3764 874 3842 tempore
915 3759 1144 3841 incepta
1187 3767 1275 3820 est
1313 3766 1372 3820 et
1418 3758 1666 3819 increvit
1700 3755 2003 3819 Desolatio
2045 3759 2340 3843 praedicta
2382 3781 2417 3822 a
2461 3762 2587 3825 Da-

486 3854 672 3931 niele,
723 3856 933 3923 Mattb.
972 3858 1201 3924 XXIV:
1253 3862 1366 3932 15,
1418 3868 1477 3921 et
1505 3858 1578 3923 ad
1606 3856 1778 3921 fidem
1809 3858 1967 3922 illam
1995 3867 2053 3920 et
2078 3861 2204 3947 ejus
2236 3859 2586 3947 imputatio·

488 3979 619 4022 nem
649 3971 1039 4046 congregatae
1067 3970 1201 4023 sunt
1227 3959 1460 4045 aquilae
1481 4008 1497 4036 ,
1549 3959 1714 4022 Vers.
1754 3962 1858 4021 28.
1892 3959 2148 4041 ciusdem
2178 3960 2432 4046 Capitis;
2483 3983 2587 4050 per

486 4058 712 4145 aquilas
738 4060 816 4123 ibi
843 4061 1245 4147 intelliguntur
1271 4059 1570 4126 Primores
1597 4059 1891 4124 Ecclesiae
1924 4061 2071 4124 sicut
2098 4063 2305 4151 lyncei.
2388 4061 2453 4126 Si
2499 4065 2588 4128 di-

489 4160 673 4232 citur,
721 4161 877 4247 quod
932 4160 1292 4232 Concilium,
1358 4160 1416 4221 in
1454 4183 1570 4245 quo
1615 4159 2007 4223 consederunt
2050 4172 2139 4224 tot
2185 4162 2469 4249 Episcopi
2519 4185 2589 4229 ac

490 4257 603 4324 viri
647 4259 922 4338 laureati,
993 4259 1284 4325 unanimis
1323 4256 1610 4344 suffragiis
1649 4257 1792 4344 illud
1838 4259 2241 4336 decreverint,
2294 4264 2399 4327 sed
2441 4263 2590 4353 qnid
