2750 4775
1420 140 1502 177 ku:

486 356 554 412 x
626 352 1241 409 ΒΕΕΟΒΜΑΉΟ
1279 266 2102 411 ΕΤἘἚἜΕΝΕΒΑΤΙΟ.
2263 370 2360 418 121

268 508 399 577 1112
433 515 488 574 5.
544 508 634 574 Ad
661 509 1039 574 Ecclesiam
1023 530 1085 572 tn
1112 509 1556 599 Philadelphia,
1614 512 1737 594 Qui
1756 514 1996 588 vicerit,
2046 535 2179 577 eum
2204 511 2367 579 dabo

267 609 617 677 columnam
658 614 718 675 in
765 609 1012 703 Templo
1051 610 1199 686 Dei,
1256 612 1423 677 Vers.
1470 616 1570 675 12.
1649 610 1740 676 Ad
1784 612 2101 679 Ecclesiam
2149 613 2365 677 Laodi-

266 713 566 788 censium,
623 712 745 796 ραι·
774 716 1020 788 vicerit,
1061 709 1158 777 illi
1192 710 1354 778 dabo
1396 727 1460 777 ut
1499 712 1705 777 sedeat
1733 713 1972 778 Mecum
2012 717 2074 779 in
2121 712 2365 780 Throno

264 837 435 888 meo,
478 812 642 879 Vers.
696 817 796 876 21.
896 814 1122 878 Ultimo
1164 813 1415 877 addetur
1454 813 1602 889 hoc,
1658 814 1817 901 quod
1862 824 2143 898 quantum
2185 813 2364 881 homo

262 924 689 1001 regeneratur,
756 936 860 978 seu
901 922 1186 1002 quantum
1233 916 1609 1000 regeneratio
1650 914 1802 1030 apud
1849 913 2009 977 illum
2052 913 2366 1004 perficitur,

266 1024 502 1081 tantum
534 1036 652 1080 non
700 1014 810 1080 sibi
837 1016 1061 1080 tribuat
1090 1015 1311 1102 aliquid
1340 1016 1482 1080 boni
1508 1025 1567 1080 et
1595 1017 1753 1092 veri,
1805 1014 1919 1080 hoc
1945 1025 2070 1092 est,
2118 1016 2370 1080 charita-

265 1119 343 1183 tis
393 1125 450 1182 et
497 1115 661 1189 fidei,
716 1116 816 1181 sed
862 1116 1151 1189 Dumium
1206 1137 1348 1181 vera
1392 1117 1548 1180 enim
1594 1138 1747 1204 quae
1784 1118 2108 1182 successive
2151 1115 2365 1193 haurit,

262 1217 413 1283 illud
462 1216 768 1283 manifeste
809 1219 1036 1283 docent.

271 1443 464 1529 Quod
499 1459 784 1538 quantum
829 1446 1023 1511 Homo
1064 1460 1475 1536 regeneratur,
1521 1460 1750 1511 tantum
1791 1458 2200 1511 removeantur
2228 1469 2371 1537 pec-

375 1560 543 1620 cata,
597 1558 653 1611 et
693 1547 860 1639 quod
909 1551 1153 1612 remotio
1207 1545 1320 1611 illa
1370 1551 1451 1612 sit
1502 1545 1804 1613 Remissio
1849 1560 2249 1641 peccatorum.

398 1727 546 1788 611.
576 1724 752 1805 Quod
781 1735 1066 1811 quantum
1093 1704 1274 1790 hoino
1301 1735 1711 1809 regeneratur,
1750 1733 1978 1801 tantum
2007 1733 2245 1812 peccata
2274 1745 2368 1789 re·

266 1834 639 1901 moveantur,
660 1836 748 1890 est
768 1826 902 1912 quia
923 1827 1296 1911 regeneratio
1313 1835 1401 1890 est
1422 1846 1791 1913 compescere
1820 1847 2058 1890 carnem
2089 1846 2162 1888 ne
2183 1826 2369 1891 domi-

265 1936 462 2001 netur,
507 1947 575 1991 ac
596 1936 853 1991 veterem
885 1924 1181 1990 hominem
1213 1943 1347 1990 cum
1378 1927 1501 2011 ejus
1519 1927 2001 2014 concupiscentiis
2026 1927 2267 1991 domare
2293 1948 2369 1991 ne

266 2036 595 2112 exsurgat,
629 2037 687 2089 et
710 2027 1104 2090 intellectuale
1134 2028 1361 2111 perdat,
1401 2049 1518 2112 quo
1546 2027 1847 2115 deperdito
1880 2027 2060 2093 homo
2085 2049 2206 2091 non
2242 2050 2371 2092 am-

266 2127 424 2216 plius
452 2136 540 2192 est
567 2126 986 2201 reformabilis;
1031 2148 1184 2212 quae
1212 2126 1555 2190 reformatio
1584 2150 1701 2192 non
1732 2137 1921 2214 potest
1947 2129 2094 2204 fieri,
2121 2128 2228 2194 nisi
2255 2129 2369 2218 spi,-

264 2229 420 2294 ritus
446 2226 728 2301 hominis,
782 2228 883 2314 qui
927 2248 1104 2313 supra
1136 2247 1370 2291 carnem
1401 2238 1517 2305 est,
1570 2228 1891 2295 instruatur
1928 2240 1987 2294 et
2015 2228 2365 2318 perficiatur.

271 2329 440 2410 Quis,
470 2328 561 2392 cui
588 2327 916 2396 intellectus
936 2328 1126 2393 adhuc
1153 2328 1382 2416 integer
1409 2340 1513 2405 est,
1540 2351 1608 2394 ex
1628 2329 1739 2396 inis
1764 2351 1885 2396 non
1914 2340 2104 2419 potest
2133 2332 2370 2397 conclu-

274 2429 439 2504 dere,
461 2429 619 2515 quod
649 2430 786 2494 talia
818 2451 932 2493 non
960 2430 1174 2516 possint
1203 2452 1321 2494 uno
1347 2441 1643 2496 momento
1671 2431 1816 2509 fieri,
1835 2434 1936 2498 sed
1959 2435 2113 2521 quod
2140 2455 2367 2500 succes·
2459 2421 2462 2426 ’

270 2531 418 2606 sive,
447 2530 596 2595 sicut
623 2528 801 2594 homo
824 2533 1166 2618 concipitur,
1198 2541 1459 2618 gestatur
1485 2533 1544 2595 in
1566 2541 1752 2608 utero,
1781 2536 2040 2601 nascitur
2066 2544 2124 2600 et
2151 2536 2367 2600 educa-

269 2642 389 2707 tur,
409 2632 727 2696 secundum
747 2633 845 2698 illa
868 2654 1017 2720 quae
1045 2655 1217 2719 supra
1249 2643 1480 2699 ostensa
1508 2644 1673 2708 sunt;
1700 2656 1838 2698 nam
1859 2636 1975 2711 illa,
2008 2658 2155 2724 quae
2176 2637 2369 2701 carnis

266 2754 376 2798 seu
407 2734 624 2798 veteris
650 2733 904 2799 hominis
929 2744 1094 2811 sunt,
1146 2733 1456 2800 inhaerent
1482 2755 1515 2799 a
1545 2735 1886 2813 nativitate,
1937 2750 1995 2802 et
2025 2746 2370 2803 construunt

262 2835 515 2922 primam
546 2835 671 2920 ejus
711 2838 920 2900 mentis
961 2837 1234 2912 domum,
1280 2837 1353 2898 in
1383 2858 1499 2924 qua
1540 2838 2045 2925 concupiscentiae
2079 2838 2366 2916 habitant,

261 2935 418 3000 sicut
443 2935 605 3000 ferae
632 2939 692 3001 in
737 2939 854 3002 suis
894 2939 1120 3013 caveis,
1173 2959 1243 3001 ac
1285 2937 1620 3002 inhabitant
1658 2938 1909 3023 primum
1950 2939 2008 3004 in
2047 2938 2250 3014 atriis,
2296 2960 2369 3001 ac

263 3036 602 3101 subintrant
631 3059 734 3126 per
760 3039 920 3102 vices
944 3040 1094 3103 sicut
1130 3039 1190 3101 in
1217 3039 1382 3106 istius
1418 3038 1628 3103 domus
1669 3040 2001 3130 mansiones
2037 3041 2148 3105 sub
2187 3049 2367 3115 terra,

262 3147 328 3201 et
355 3148 560 3224 postea
588 3160 693 3227 per
718 3138 906 3204 scalas
937 3150 1281 3223 assurgunt,
1336 3150 1396 3202 et
1437 3160 1701 3204 cameras
1727 3141 1837 3206 sibi
1864 3141 2157 3212 fot-manu
2209 3140 2369 3225 quod

261 3236 333 3302 fit
356 3242 681 3305 successive
708 3242 856 3304 sicut
883 3239 1077 3305 infans
1104 3242 1345 3318 crescit,
1393 3240 1462 3305 fit
1504 3262 1677 3329 puer,
1732 3252 1790 3306 et
1829 3242 1963 3306 dein
2007 3242 2366 3316 adolescenS,

261 3349 326 3404 et
353 3347 492 3403 tunc
518 3359 586 3404 ex
617 3342 850 3428 proprio
878 3342 1178 3406 intellectu
1205 3341 1407 3429 incipit
1432 3344 1726 3427 cogitare,
1778 3354 1836 3408 et
1876 3366 1948 3407 ex
1989 3341 2222 3429 propria
2260 3339 2388 3406 vol

264 3441 495 3505 luntate
523 3460 732 3527 agere:
787 3442 917 3528 quis
943 3464 1063 3506 non
1089 3442 1282 3517 videt,
1334 3443 1492 3530 quod
1522 3442 1673 3506 haec
1700 3444 1910 3510 domus
1936 3445 1993 3507 in
2023 3452 2219 3508 mente
2248 3444 2364 3507 huc

259 3564 450 3628 nsque
489 3552 816 3619 exstructa,
866 3544 928 3606 in
966 3566 1084 3628 qua
1126 3544 1667 3630 concupiscentiae,
1723 3556 1787 3609 ut
1831 3545 2058 3620 oehim,
2110 3543 2262 3632 zijim
2305 3554 2365 3608 et

258 3643 449 3731 satyri
496 3645 707 3730 junctis
753 3645 1022 3709 manibus
1064 3645 1270 3708 ludunt
1319 3644 1600 3719 choreas,
1670 3646 1847 3732 possit
1891 3668 2010 3711 uno
2065 3656 2364 3713 momento

261 3745 516 3820 destrui,
569 3755 629 3808 et
656 3767 810 3812 nova
840 3746 1048 3811 domus
1075 3747 1207 3811 loco
1235 3747 1362 3833 ejus
1398 3748 1654 3832 exstrui;
1704 3769 1920 3812 numne
1949 3749 2366 3835 concupiscen-

259 3845 382 3909 tiae
420 3854 687 3911 tenentes
727 3868 789 3912 se
833 3847 1133 3924 manibus,
1187 3857 1246 3911 et
1289 3849 1372 3913 sic
1413 3847 1709 3922 ludentes,
1765 3848 1924 3937 prius
1969 3848 2365 3914 removendae

258 3955 434 4023 sunt,
487 3969 558 4013 ac
585 3969 741 4013 nova
771 3948 1057 4013 desideria
1084 3970 1236 4036 quae
1265 3958 1401 4013 sunt
1443 3948 1584 4012 boni
1613 3959 1669 4012 et
1700 3950 1858 4025 veri,
1910 3949 2043 4015 loco
2082 3950 2369 4037 cupidita-

260 4058 425 4122 tum,
479 4071 630 4136 quae
658 4058 795 4114 sunt
828 4050 963 4113 mali
1003 4058 1063 4113 et
1099 4049 1265 4125 falsi,
1327 4048 1758 4115 introducenda
1802 4059 1967 4116 sunt:
2023 4052 2180 4137 quod
2220 4050 2368 4114 haec

258 4171 382 4214 non
413 4151 633 4236 possint
666 4162 963 4218 momento
989 4150 1145 4228 fieri,
1188 4158 1379 4239 potest
1407 4152 1597 4216 omnis
1623 4152 1854 4239 sapiens
1884 4151 2115 4227 videre,
2156 4173 2225 4214 ex
2251 4149 2367 4210 hoc

257 4250 419 4328 sole,
475 4252 633 4339 quod
676 4274 849 4319 omne
888 4253 1106 4319 malum
1144 4249 1464 4319 conflatum
1503 4252 1577 4315 sit
1618 4270 1688 4315 ex
1728 4252 2048 4315 innumeris
2089 4246 2385 4343 concupi-s
