2750 4775
496 336 653 393 xlv,
737 336 1414 391 CONSUMMATIO
1456 339 1840 395 SAECULI
1908 344 2073 401 ETC.
2233 358 2336 408 501

204 489 430 565 mine,
477 489 597 553 imo
625 489 685 553 in
715 490 873 554 omni
903 490 1096 579 lapide
1123 500 1183 555 et
1216 491 1542 579 pulvisculo
1569 492 1762 567 bumi;
1817 494 1889 559 ad
1934 498 2341 567 illustrandum

205 589 373 665 hoc,
432 591 726 656 sufficiunt
766 591 996 682 aliqua,
1059 592 1133 654 de
1179 593 1512 682 bombyce,
1564 614 1672 681 ape
1725 603 1785 657 et
1837 596 2108 683 pulvere;
2161 601 2347 665 inter·
2434 629 2439 634 ·

207 712 370 757 num
416 690 728 782 bombycis
759 701 883 767 est,
936 713 1008 755 ex
1036 705 1153 780 quo
1181 690 1370 756 fertur
1398 703 1702 757 externum
1732 696 1855 780 ejus
1882 697 1956 759 ad
1987 699 2344 767 concinnan-

205 793 368 857 dum
412 792 704 868 sericum,
771 799 830 855 et
871 801 1073 879 postea
1103 793 1176 855 ad
1208 793 1565 857 evolandum
1613 803 1676 857 ut
1718 795 1951 884 papilio.
2033 797 2340 865 Internum

208 893 356 982 apis
384 901 505 968 est,
559 913 631 956 ex
664 914 782 978 qno
811 892 1014 956 fertur
1054 903 1359 957 externum
1386 894 1566 977 -ejus,
1619 894 1693 958 ad
1737 896 2067 984 sugendum
2113 898 2228 963 mel
2270 922 2343 965 ex

203 993 512 1067 floribus,
565 1002 624 1056 et
665 993 737 1056 ad
777 994 1118 1057 struendum
1167 995 1346 1058 cellas
1387 994 1444 1058 in
1489 995 1789 1061 mirabiles
1837 996 2094 1063 formas:
2148 998 2342 1064 Inter-

210 1115 372 1158 num
426 1092 736 1179 pulvisculi
775 1093 970 1170 humi,
1024 1117 1093 1158 ex
1137 1117 1254 1180 quo
1294 1094 1485 1159 fertur
1530 1105 1833 1160 externum
1881 1098 2037 1181 ejus,
2091 1108 2179 1164 est
2214 1102 2342 1187 ejus

208 1197 395 1259 nisus
425 1193 499 1257 ad
528 1192 999 1258 faecundandum
1027 1197 1251 1259 semina
1271 1245 1286 1272 ,
1341 1194 1576 1259 exhalat
1617 1216 1688 1260 ex
1719 1198 1909 1261 sinulo
1947 1218 2055 1261 suo
2083 1199 2342 1292 aliquod,

211 1294 394 1383 quod
419 1292 688 1358 *seinfert
717 1295 775 1357 in
804 1294 1007 1358 intima
1036 1297 1301 1371 seminis,
1357 1306 1417 1359 et
1460 1292 1575 1361 hoc
1614 1296 1912 1383 producit,
1969 1307 2028 1361 et
2069 1299 2209 1364 illud
2251 1303 2342 1366 in'-

208 1405 468 1460 ternum
508 1394 776 1482 seqnitur
815 1396 1250 1481 vegetationem
1312 1397 1439 1480 ejus
1494 1418 1680 1483 usque
1730 1398 1802 1460 ad
1861 1417 2081 1463 novum
2119 1421 2337 1465 semen.

209 1496 434 1561 Simile
463 1494 526 1558 fit
557 1495 617 1557 in
646 1496 960 1583 oppositis,
1009 1496 1069 1559 in
1109 1496 1321 1583 quibus
1362 1499 1539 1561 etiam
1585 1506 1672 1561 est
1717 1497 2014 1564 internum
2053 1506 2113 1562 et
2148 1510 2343 1565 exter-

217 1618 409 1672 num,
455 1596 604 1660 sicut
638 1594 696 1656 in
749 1616 1001 1672 aranea,
1058 1598 1226 1683 cujus
1265 1597 1590 1673 internum,
1645 1619 1715 1661 ex
1756 1620 1874 1685 quo
1918 1596 2104 1663 fertur
2149 1611 2346 1667 exter·

219 1718 374 1761 num
405 1698 560 1782 ejus,
614 1703 703 1759 est
742 1694 991 1761 facultas
1033 1705 1091 1760 et
1132 1697 1268 1760 iude
1308 1698 1614 1763 inclinatio
1654 1698 1726 1762 ad
1773 1701 2118 1765 struendum
2163 1701 2341 1766 telam

222 1796 649 1873 artificiosam,
729 1817 762 1859 e
812 1798 978 1881 cujus
1030 1797 1225 1861 medio
1278 1798 1585 1862 insidietur
1647 1801 1861 1863 muscis
1923 1800 2342 1878 involantibus‚

222 1920 382 1984 quas
426 1897 715 1968 comedin
783 1898 967 1984 parile
1012 1908 1097 1962 est
1139 1898 1198 1961 in
1246 1889 1408 1963 omui
1447 1899 1565 1962 alio
1609 1919 1808 1964 verme
1852 1902 2064 1979 noxio,
2117 1911 2240 1965 tum
2283 1904 2344 1966 in

224 1999 392 2063 omni
438 2005 744 2085 serpente,
812 2007 870 2062 et
899 2019 1148 2086 ‘quoque
1188 2000 1248 2062 in
1297 2001 1458 2062 omni
1501 1998 1625 2063 fera
1669 1999 1906 2089 sylvae:
1974 2000 2240 2067 similiter
2281 2004 2340 2066 in

221 2100 391 2162 omni
433 2099 670 2163 homine
709 2098 921 2186 impio,
976 2107 1170 2163 astuto
1197 2108 1257 2164 et
1285 2100 1508 2165 doloso.

228 2275 421 2359 Quod
459 2276 535 2341 N
530 2299 644 2340 ονα
688 2273 837 2344 haec
875 2272 1160 2341 Ecclesia
1190 2278 1269 2340 sit
1313 2274 1555 2348 Corona
1602 2280 1864 2343 omnium
1903 2276 2339 2357 Ecclesiarum,

539 2399 695 2468 quae
734 2373 851 2441 huc
894 2400 1086 2469 usque
1126 2379 1189 2440 in
1230 2392 1519 2443 terrarum
1563 2376 1723 2443 Orbe
1737 2374 2019 2466 suerunt.
2410 2369 2419 2376 ’

396 2504 543 2562 Ἲὸὃ.
600 2500 774 2579 Quod
803 2510 1061 2589 quatuor·
1090 2502 1392 2567 Ecclesiae
1434 2503 1493 2565 in
1535 2506 1830 2568 communi
1873 2527 1906 2569 a
1950 2506 2233 2594 principio
2278 2510 2337 2573 in

228 2599 353 2665 bac
379 2599 621 2663 Tellure
648 2599 887 2680 fuerint,
944 2624 1060 2666 una
1091 2613 1226 2666 ante
1258 2603 1559 2668 Diluvium
1578 2652 1593 2679 ‚
1646 2605 1832 2670 altera
1861 2614 1991 2694 post
2015 2608 2338 2685 Diluvium,

223 2699 410 2765 tertia
442 2700 790 2778 Israelitica,
843 2715 900 2768 et
931 2713 1143 2789 quarta
1185 2706 1487 2769 nominata
1515 2704 1875 2781 Christiana,
1927 2728 2105 2794 supra
2143 2717 2338 2773 osten-

222 2823 359 2868 sum
401 2812 522 2876 est3
590 2811 652 2866 et
697 2804 835 2890 qnia
894 2824 1099 2869 omnes
1142 2803 1443 2870 Ecclesiae
1501 2806 1767 2892 pendent
1811 2826 1842 2866 a
1901 2806 2237 2890 cognitione
2275 2815 2337 2869 et

225 2902 532 2989 agnitione
563 2903 753 2968 Unius
784 2905 916 2979 Dei,
969 2925 1101 2967 cum
1134 2928 1251 2992 quo
1275 2905 1459 2970 ‘bomo
1491 2905 1789 2969 Ecclesiae
1820 2912 2008 2991 potest
2041 2905 2338 2991 conjungi,

226 3014 292 3067 et
321 3025 525 3067 omnes
554 3012 814 3091 quatuor
842 3004 1137 3069 Ecclesiae
1169 3027 1285 3069 non
1316 3007 1371 3068 in
1404 3006 1500 3070 illa
1534 3006 1783 3070 veritate
1824 3002 2095 3079 fuerunt,
2147 3004 2339 3089 sequi·

221 3113 326 3168 tur
353 3102 511 3191 quod
556 3126 669 3169 una
701 3105 964 3169 Ecclesia
990 3106 1100 3171 illis
1130 3114 1387 3192 quatuor
1412 3126 1749 3170 successura
1795 3105 1900 3178 sit,
1954 3120 2108 3191 quae
2150 3124 2332 3169 unum

223 3204 424 3272 Deum
467 3214 787 3290 cognoscet
818 3214 876 3268 et
905 3217 1214 3291 agnoscet:
1257 3206 1508 3270 Divinus
1537 3204 1721 3270 Amor
1749 3205 1862 3270 Dei
1895 3226 2011 3268 non
2042 3203 2198 3268 aliud
2229 3218 2336 3293 pr'o

221 3304 343 3368 fine
386 3303 614 3381 babuit,
672 3327 802 3368 cum
835 3307 1060 3371 creavit
1088 3307 1401 3381 Mundum,
1454 3316 1630 3392 quam
1663 3314 1724 3368 ut
1763 3304 2058 3368 bominem
2089 3305 2337 3391 conjun-

223 3415 328 3491 gat
357 3404 513 3480 Sibi,
566 3415 624 3469 et
651 3406 727 3470 Se
770 3406 1027 3482 bomini,
1082 3418 1139 3470 et
1170 3407 1250 3471 sic
1276 3406 1503 3469 habitet
1539 3427 1669 3469 cum
1699 3405 1958 3469 homine.
2014 3404 2191 3484 Quod
2219 3406 2334 3471 Ec-

223 3505 437 3570 clesiae
482 3507 706 3590 priores
748 3529 868 3570 non
905 3508 971 3570 ‘in
1020 3508 1268 3571 veritate
1310 3505 1558 3582 fuerint,
1616 3516 1702 3570 est
1740 3507 1874 3593 quia
1917 3504 2334 3594 Antiquissima

223 3605 528 3680 Ecclesia,
586 3626 738 3692 quae
767 3607 891 3671 ‘fuit
936 3617 1072 3671 ante
1118 3607 1442 3684 diluvium,
1498 3607 1678 3670 coluit
1726 3607 1916 3672 Deum
1962 3606 2336 3685 invisibilem,

223 3709 362 3769 c'um
402 3728 522 3791 quo
566 3708 723 3770 nulla
768 3708 1107 3793 conjunctio
1141 3705 1350 3774 dabilis
1376 3717 1496 3780 est;
1520 3720 1525 3725 ’
1550 3707 1809 3793 Antiqua
1843 3709 2137 3786 Ecclesia,
2183 3730 2337 3797 quae

219 3805 333 3869 suit
372 3815 502 3892 post
542 3805 858 3885 diluvium,
916 3808 1210 3881 similiter;
1261 3808 1527 3872 Ecclesia
1577 3807 1899 3875 Israiilitica
1947 3811 2126 3873 coluit
2154 3809 2340 3874 Jebo-

220 3928 380 3980 vam,
437 3908 536 3994 qui
568 3908 626 3970 in
653 3931 716 3973 se
742 3920 829 3973 est
856 3910 1018 3974 Deus
1049 3908 1397 3984 Invisibilis,
1456 3909 1640 3973 Exod.
1673 3908 1971 3975 XXXIII:
2011 3913 2103 3972 18⁴
2124 3910 2200 3974 ad
2228 3911 2336 3985 23,

217 4007 323 4073 sed
350 4008 465 4072 sub
493 4007 684 4072 forma
712 4009 1006 4085 humana,
1062 4032 1238 4097 quam
1270 4008 1549 4076 Jehovab
1581 4010 1740 4074 Deus
1781 4031 1886 4096 per
1914 4007 2205 4095 Angelum
2247 4009 2337 4071 in·

218 4108 370 4182 duit,
418 4111 479 4171 in
512 4130 629 4196 qua
661 4110 816 4196 visus
846 4120 933 4175 est
961 4111 1134 4187 Mosi,
1182 4107 1549 4188 Abrabamo‚
1602 4109 1825 4185 Sarae,
1866 4109 2133 4192 Hagari,
2190 4106 2338 4171 Gui-

218 4208 416 4286 deoni,
471 4209 716 4287 Josuae,
771 4221 827 4275 et
855 4211 1211 4298 quandoque
1239 4206 1795 4296 Prophetis,-quae
1827 4209 2109 4275 Humana
2138 4205 2330 4270 forma
