2750 4775
401 351 467 407 Χ.
548 351 1150 405 REFORMATIO
1199 351 1311 403 ΕΤ
1365 349 2039 405 ΒΕΘΕΝΕΒΑΤΙΟ.
2200 363 2303 411 115

212 506 516 573 removebo
541 529 647 573 cor
670 504 899 600 lapidis
930 529 969 572 e
1012 527 1192 570 carne
1231 518 1441 569 vestra
1454 552 1471 580 ,
1522 519 1579 570 et
1618 503 1780 571 dabo
1816 504 1997 572 vobis
2033 529 2140 572 cor
2173 527 2307 571 car-

211 612 322 684 nis,
375 621 432 672 et
457 611 731 701 spiritum
758 630 949 673 meum
975 605 1139 672 dabo
1173 609 1236 670 in
1262 604 1461 671 medio
1487 609 1707 681 vestri,
1759 605 1969 673 Ezech.
2009 606 2305 675 xxxvl:

209 702 494 801 [26.]2·1.
526 700 651 774 -Ex
676 732 835 775 nunc
861 711 1150 787 neminem
1171 710 1442 772 novimus
1467 707 1793 773 secundum
1819 729 2084 780 carnem;
2120 731 2306 798 quare

205 812 425 902 siquis
452 813 515 875 in
546 809 783 876 Christo
806 823 929 884 est,
972 832 1128 875 nova
1157 803 1447 873 Creaiura
1470 822 1597 883 est,
1637 807 1711 872 1ΙΙ
1755 807 1888 872 Cor.
1917 806 2003 873 V:
2051 812 2146 871 16.
2188 813 2302 881 17;

209 933 316 997 per
343 933 451 976 cor
475 933 697 976 novum
738 912 819 975 ibi
860 910 1206 996 intelligitur
1247 909 1521 974 voluntas
1558 931 1747 983 nova,
1798 919 1858 975 et
1896 929 2001 994 per
2034 908 2305 995 spiritum

206 1034 432 1079 novum
459 1013 790 1077 intellectus
817 1033 1034 1085 novus,
1093 1032 1228 1073 nam
1256 1010 1376 1074 Cor
1406 1013 1462 1073 in
1489 1009 1692 1076 Verbo
1720 1009 2010 1096 significat
2036 1008 2309 1075 volunta-

205 1123 364 1190 tem,
433 1122 493 1179 et
533 1115 801 1201 spiritus,
864 1112 1004 1176 dum
1057 1112 1438 1199 conjungitur
1478 1111 1680 1186 cordi,
1748 1110 2125 1177 intellectum.
2220 1111 2308 1176 Ex

206 1216 533 1290 Ranonss,
585 1214 742 1301 qnod
770 1214 993 1278 homini
1022 1222 1372 1298 regenerato
1413 1214 1488 1278 sit
1530 1233 1686 1278 nova
1728 1211 2003 1277 voluntas
2032 1222 2093 1275 et
2120 1230 2309 1280 novus

204 1316 573 1392 intellectus,
626 1322 714 1381 est
754 1314 893 1402 quia
932 1315 1042 1379 hae
1086 1316 1237 1378 duae
1278 1314 1591 1379 facultates
1618 1314 1842 1378 faciunt
1867 1312 2197 1391 hominem,
2249 1322 2310 1379 et

203 1420 325 1487 hae
353 1425 488 1483 sunt
515 1438 667 1505 quae
698 1425 1153 1503 regenerantium
1211 1437 1396 1502 quare
1423 1416 1614 1481 omnis
1640 1415 1820 1479 homo
1851 1413 1982 1478 talis
2006 1423 2114 1491 est,
2166 1435 2311 1502 qua·

203 1522 273 1585 lis
302 1530 394 1583 est
421 1519 616 1605 quoad
644 1519 807 1592 illas,
859 1517 1045 1582 malus
1073 1516 1163 1581 cui
1195 1516 1471 1584 voluntas
1497 1517 1651 1580 mala
1682 1525 1797 1589 est,
1846 1525 1905 1578 et
1933 1516 2061 1603 plus
2102 1517 2311 1591 malus,

202 1624 253 1687 si
279 1619 614 1686 intellectus
642 1619 721 1683 illi
749 1619 943 1691 favet‚·
998 1617 1247 1685 vicissim
1274 1627 1475 1685 autem
1509 1619 1715 1683 bonus.
1787 1617 1927 1682 Sola
1970 1615 2179 1704 religio
2216 1639 2312 1682 re-

206 1732 396 1787 novat
435 1730 494 1784 et
519 1730 831 1808 regenerat
859 1719 1187 1794 hominem,
1240 1717 1390 1783 haec
1414 1740 1748 1808 supremam
1787 1719 1984 1783 sedem
2026 1717 2086 1780 in
2114 1728 2313 1784 mente

204 1824 470 1895 humana
510 1823 786 1896 sortitur,
840 1830 898 1882 et
939 1821 1048 1885 sub
1087 1842 1148 1884 se
1190 1820 1346 1884 videt
1388 1821 1580 1885 civilia
1621 1840 1773 1905 quae
1805 1818 2003 1884 niundi
2031 1828 2200 1896 sunt,
2250 1829 2313 1885 et

205 1945 448 2012 quoque
489 1922 851 1987 transcendit
895 1943 997 2008 per
1039 1921 1187 1984 haec
1228 1921 1379 1984 sicut
1420 1944 1599 2007 purus
1637 1942 1848 1987 succus
1880 1942 1983 2009 per
2013 1917 2312 1987 Arborem

205 2047 397 2112 usque
436 2025 497 2087 in
534 2025 759 2111 apicem
800 2024 962 2108 ejus,
1013 2032 1071 2084 et
1099 2042 1171 2085 ex
1199 2020 1507 2087 altitudine
1542 2022 1639 2089 illa
1681 2023 1957 2110 prospicit
1995 2021 2312 2097 naturalia,

199 2129 359 2191 sicut
387 2126 488 2211 qui
515 2142 548 2188 e
575 2124 722 2187 turri
752 2131 854 2186 aut
881 2130 1084 2186 monte
1112 2122 1390 2209 prospicit
1417 2125 1763 2210 campestria
1792 2123 1963 2188 infra.
2293 2142 2298 2147 ·

368 2229 517 2288 602.
572 2224 651 2287 At
689 2214 991 2288 sciendum
1022 2232 1143 2298 est,
1197 2223 1354 2308 quod
1385 2223 1564 2287 homo
1607 2226 1800 2311 quoad
1831 2224 2191 2289 intellectum
2218 2246 2313 2290 as-

203 2347 460 2413 surgere
502 2325 680 2410 possit
724 2344 906 2408 paene
944 2324 1004 2387 in
1048 2323 1267 2400 lucem,
1319 2325 1379 2386 in
1407 2346 1523 2411 qua
1560 2335 1695 2390 sunt
1722 2323 1932 2413 Angeli
1961 2324 2157 2401 Caeli,
2205 2325 2310 2393 sed

211 2431 265 2492 si
298 2448 415 2492 non
445 2428 620 2490 etiam
650 2426 900 2511 assurgit
926 2426 1120 2511 quoad
1150 2425 1508 2490 voluntatem
1528 2477 1542 2500 ‚
1587 2449 1769 2512 usque
1797 2438 1885 2493 est
1916 2436 2083 2493 vetus
2109 2425 2310 2506 homo,

210 2538 281 2591 et
321 2550 437 2592 non
480 2550 700 2591 novus:
772 2526 1071 2612 quomodo
1112 2536 1307 2592 autem
1343 2528 1671 2593 intellectus
1709 2530 1903 2593 elevat
1943 2530 2307 2595 voluntatem

207 2633 274 2692 in
324 2630 690 2693 altitudinem
725 2649 927 2718 secum
967 2629 1092 2716 plus
1127 2638 1186 2691 et
1216 2631 1375 2714 plus,
1433 2631 1591 2717 prius
1618 2639 1916 2695 ostensum
1956 2640 2071 2705 est;
2123 2652 2313 2718 quare

203 2730 587 2817 regeneratio
629 2729 1325 2817 primariopraedicatur
1366 2730 1438 2792 de
1470 2730 1812 2807 voluntate,
1863 2741 1922 2794 et
1958 2730 2309 2797 secundario

202 2834 286 2897 de
328 2831 661 2898 intellectu:
719 2852 853 2894 nam
900 2829 1229 2896 intellectus
1268 2831 1423 2918 apud
1462 2831 1891 2897 hominemest
1925 2833 2078 2900 sicut
2115 2832 2211 2896 lux
2248 2834 2312 2898 in

201 2934 472 3009 Mundo,
526 2942 586 2996 et
630 2932 903 3002 voluntas
946 2932 1096 2996 sicut
1136 2931 1299 2997 calor
1340 2933 1458 3008 ibi,
1512 2933 1672 3019 quod
1710 2932 1808 2998 lux
1854 2933 2074 3020 absque
2114 2935 2312 3000 calore

200 3058 336 3099 non
366 3032 722 3102 vivificetet
744 3025 1019 3118 'vegetet‚
1066 3034 1171 3097 sed
1198 3033 1300 3097 lux
1326 3035 1640 3117 conjuncta
1670 3034 1889 3109 calori,
1942 3044 2146 3099 notum
2190 3046 2310 3108 est;

196 3135 543 3200 intellectus
591 3134 777 3206 etiam,
828 3134 1024 3224 quoad
1071 3134 1410 3210 inferiorem
1462 3134 1764 3218 regionem
1812 3136 1870 3199 in
1924 3146 2158 3210 mente,
2224 3145 2313 3200 est

197 3237 391 3302 etiam
432 3235 742 3300 actualiter
767 3234 829 3297 in
857 3235 1256 3311 luce‘Mundi‚
1309 3244 1368 3299 et
1395 3236 1455 3298 in
1483 3237 1613 3300 tuce
1642 3236 1786 3300 caeli
1816 3236 2012 3322 quoad
2043 3236 2313 3323 superio-

197 3361 377 3413 rem,
429 3358 616 3424 quare
655 3335 760 3399 nisi
804 3337 1078 3401 voluntas
1115 3335 1383 3400 elevetur
1411 3357 1445 3398 e
1472 3337 1714 3422 regione
1741 3337 2023 3402 inferiore
2050 3336 2108 3398 in
2139 3357 2314 3423 supe-

196 3442 471 3513 riorem,
525 3447 581 3501 et
623 3437 702 3500 ibi
749 3437 1124 3523 conjungitur
1166 3436 1525 3513 intellectui,
1594 3447 1790 3501 manet
1830 3437 1890 3500 in
1929 3438 2186 3513 Mundo,
2251 3448 2312 3502 et

192 3552 354 3606 tunc
397 3540 729 3604 intellectus
773 3537 934 3603 volat
977 3558 1206 3603 sursum
1252 3548 1315 3622 et,
1353 3537 1659 3613 deorsum,
1712 3547 1774 3603 at
1818 3539 1976 3602 omni
2023 3548 2196 3603 nocte
2235 3540 2312 3608 ad

196 3642 583 3709 voluntatem
627 3638 816 3714 infra,
869 3660 940 3703 ac
978 3638 1059 3703 ibi
1097 3640 1308 3714 cubat,
1360 3648 1418 3704 et
1443 3660 1505 3703 se
1536 3641 1903 3725 conjungunt
1929 3640 2079 3704 sicut
2120 3642 2213 3707 vir
2251 3651 2314 3706 et

192 3751 472 3809 scortum
491 3790 506 3818 ‚
561 3750 620 3803 et
651 3740 885 3828 pariunt
912 3739 1103 3806 faetus
1133 3741 1415 3825 bicipites.
1471 3740 1561 3804 Ex
1585 3741 1675 3804 his
1701 3743 1877 3806 etiam
1909 3750 2098 3826 patet,
2153 3742 2311 3830 quod

195 3845 317 3909 nisi
347 3842 575 3916 homini
602 3862 757 3907 nova
786 3843 1062 3912 „voluntas
1089 3853 1147 3904 et
1176 3861 1367 3910 novus
1392 3841 1724 3908 intellectus
1752 3843 1855 3917 sit,
1909 3862 2028 3905 non
2068 3863 2313 3931 regene-

192 3955 376 4022 ratus
401 3945 492 4009 sit.
1743 3963 1748 3966 ’

369 4048 517 4110 603.
572 4044 744 4109 Mens
768 4042 1027 4108 humana
1066 4042 1337 4107 distincta
1375 4054 1462 4108 est
1499 4043 1561 4107 in
1602 4053 1721 4107 tres
1759 4043 2060 4130 regiones,
2111 4042 2313 4109 infima

198 4156 465 4213 vocatur
494 4145 805 4221 naturalis,
860 4145 1048 4209 media
1078 4142 1425 4232 spiritualis,
1478 4153 1540 4207 et
1564 4163 1838 4231 suprema
1869 4143 2182 4219 caelestis,-
2209 4145 2316 4206 ho-

198 4271 311 4316 mo
341 4270 444 4336 per
482 4246 993 4334 regenerationem
1032 4245 1304 4328 eleyatur
1343 4244 1419 4308 ab
1464 4242 1665 4308 infima
1708 4244 1981 4329 regione,
2033 4249 2313 4327 quae-est

1767 4342 1827 4403 H
1858 4340 1896 4377 ²*
