2750 4775
472 354 578 404 176
708 342 1169 396 UMVERSA
1214 343 1747 395 THEOLOGIA
1797 343 1860 394 N.
1905 341 1967 394 C.
2013 341 2116 393 ET
2156 341 2223 395 N.
2265 341 2324 391 E.

469 498 608 585 quia
637 504 975 584 perceptum
1010 502 1138 558 erat
1165 513 1237 556 ex
1264 489 1544 580 Angelis,
1593 492 1750 578 quod
1786 504 2086 581 utcunque
2111 492 2444 558 Sacerdotes
2465 492 2534 556 ita
2647 437 2669 556 l

469 598 886 684 loquebantur,
923 614 1109 680 usque
1134 592 1313 657 corde
1339 594 1652 660 crederem
1676 595 1867 659 simile
1894 595 2054 680 quod
2075 594 2326 680 Legatos
2351 592 2538 680 Regni,

467 718 655 786 quare
690 693 905 782 Angeli
945 694 1222 758 dicebant
1262 693 1337 758 ad
1379 694 1541 769 illos,
1593 696 1788 758 exuite
1833 706 2026 760 vestes
2064 704 2319 769 vestras,
2369 715 2435 757 ac
2465 693 2536 754 in-

466 798 628 863 duite
657 807 849 862 vestes
877 795 1287 862 Ministrorum
1319 794 1736 870 politicorum,
1793 805 1851 858 et
1879 797 2104 859 credite
2129 795 2287 880 quod
2323 794 2398 858 illi
2419 792 2537 868 sitis,

463 920 536 964 ac
561 897 830 963 fecerunt
855 897 973 971 ita,
1025 904 1083 958 et
1113 905 1254 959 tunc
1281 896 1693 981 cogitaverunt
1718 916 1791 959 ex
1818 895 2083 960 interiori
2109 917 2203 972 se,
2247 916 2322 960 ac
2344 890 2538 980 loquuti

466 1021 537 1065 ex
575 999 939 1086 argumentis
985 1015 1135 1083 quae
1178 996 1336 1060 intus
1374 994 1687 1073 foverunt,
1737 1016 1891 1082 quae
1930 1004 2133 1070 erant,
2189 995 2344 1082 quod
2377 993 2537 1057 omnis

467 1099 859 1184 intelligentia
886 1105 946 1161 et
971 1095 1260 1183 sapientia
1288 1093 1559 1160 habitent
1587 1097 1647 1159 in
1674 1096 1945 1171 homine,
1997 1106 2057 1160 et
2101 1097 2261 1180 quod
2288 1097 2396 1160 sint
2420 1093 2538 1177 ejus,

467 1201 760 1273 dicentes,
813 1198 943 1284 quis
968 1195 1163 1262 adbuc
1193 1197 1406 1271 sensit,
1456 1196 1619 1283 quod
1659 1196 1794 1260 illae
1834 1194 2173 1261 influxerint
2211 1218 2247 1261 a
2288 1196 2444 1269 Deo,
2482 1213 2539 1257 ac

468 1300 877 1387 inspectabant
921 1319 984 1363 se
1022 1305 1258 1371 mutuo,
1325 1305 1385 1360 et
1419 1319 1484 1361 se
1524 1296 1990 1370 confirmabant;
2047 1297 2346 1385 peculiare
2377 1304 2457 1359 est
2492 1293 2541 1355 in

467 1399 696 1466 Mundo
738 1396 1059 1486 spirituali,
1112 1397 1272 1483 quod
1298 1398 1551 1485 Spiritus
1595 1398 1814 1484 cogitet
1850 1419 1915 1462 se
1959 1398 2136 1461 talem
2176 1417 2335 1473 esse,
2385 1393 2541 1482 qualis

466 1522 642 1589 super
667 1500 832 1564 illum
861 1507 949 1564 est
975 1498 1154 1562 vestis
1172 1548 1186 1574 ,
1244 1519 1424 1563 causa
1448 1509 1567 1573 est,
1623 1500 1761 1585 quia
1789 1496 2130 1562 Intellectus
2157 1499 2335 1562 vestit
2365 1515 2539 1559 unum·

467 1602 736 1689 quemvis
760 1599 859 1665 ibi.
939 1598 1030 1663 Eo
1057 1607 1358 1662 momento
1388 1600 1659 1690 apparuit
1686 1596 1887 1664 Arbor
1916 1599 2075 1684 juxta
2111 1597 2278 1674 illos,
2328 1607 2383 1661 et
2412 1595 2538 1659 dice-

466 1702 644 1765 batur
669 1702 813 1776 illis,
865 1709 951 1765 est
978 1699 1179 1763 Arbor
1214 1699 1495 1764 scientiae
1535 1699 1676 1762 boni
1717 1709 1777 1763 et
1819 1699 1986 1776 mali,
2041 1708 2255 1764 cavete
2293 1697 2451 1765 vobis
2482 1713 2540 1756 ne

467 1802 654 1866 edatis
674 1804 751 1866 ab
778 1800 908 1875 illa,
960 1810 1020 1863 at
1050 1820 1234 1884 usque
1273 1799 1353 1864 illi
1386 1798 1656 1868 infatuati
1701 1799 1938 1888 propria
1978 1798 2377 1885 Intelligentia
2412 1814 2540 1861 arse-

468 1912 605 1966 runt
634 1900 955 1990 cupiditate
995 1899 1203 1963 edendi
1234 1921 1307 1961 ex
1344 1899 1476 1976 illa,
1528 1909 1587 1964 et
1631 1900 1908 1964 dicebant
1950 1901 2104 1966 inter
2141 1921 2238 1974 se,
2292 1920 2396 1963 cur
2428 1915 2539 1971 non,

466 2013 630 2084 estne
660 2004 850 2065 bonus
876 1999 1134 2082 fructus,
1186 2009 1243 2060 et
1270 2009 1642 2080 accesserunt
1669 2010 1727 2063 et
1754 2000 2166 2072 comederunt;
2221 2022 2356 2064 cum
2382 2000 2541 2083 Lega-

464 2114 558 2168 tus
596 2103 793 2188 Regni
830 2100 945 2164 hoc
984 2099 1438 2176 animadvertit,
1492 2102 1835 2176 coiverunt,
1886 2110 1946 2165 et
1988 2101 2162 2165 amici
2203 2100 2396 2165 cordis
2426 2093 2543 2163 facti

462 2211 739 2280 sunt,:et
769 2203 925 2265 viam
954 2198 1229 2286 propriae
1250 2200 1706 2287 intelligentiae,
1759 2222 1912 2288 quae
1945 2201 2006 2265 in
2035 2200 2345 2267 Internum
2383 2208 2541 2263 teten-

464 2303 582 2378 dit,
636 2312 901 2366 tenentes
926 2321 989 2365 se
1021 2301 1324 2376 manibus,
1376 2301 1551 2365 simul
1590 2302 1855 2376 iverunt;
1885 2301 2014 2366 -sed
2052 2323 2243 2391 usque
2283 2302 2412 2367 illos
2444 2294 2540 2365 vidi

464 2403 710 2468 reduces
738 2403 904 2477 inde,
954 2402 1095 2488 quia
1124 2403 1386 2466 nondum
1415 2413 1586 2469 erant
1616 2404 1968 2491 praeparati.
2035 2450 2042 2455 -

671 2506 818 2566 664.
899 2502 1231 2581 Quanwu
1281 2504 1726 2569 Mssuonsmuz.
1808 2502 2128 2583 Quondam
2181 2502 2450 2592 prospexi
2492 2500 2541 2562 in

465 2601 753 2667 Mundum
794 2602 1157 2691 spiritualem
1194 2603 1272 2666 ad
1312 2592 1614 2680 dextrum,
1679 2615 1737 2668 et
1765 2604 2177 2669 ‘animadverti
2227 2605 2452 2691 aliquos
2487 2618 2542 2662 ex

466 2702 729 2769 Eua-‚us
775 2704 927 2766 inter
969 2724 1031 2766 se
1078 2702 1419 2788 loquentes,
1473 2715 1530 2769 et
1568 2706 1784 2771 accessi
1822 2705 1896 2769 ad
1937 2704 2098 2782 illos,
2151 2714 2212 2768 et
2250 2705 2402 2779 dixi,
2448 2699 2545 2767 vidi

464 2814 651 2867 vos-e
683 2802 1039 2890 longinquo,
1092 2812 1151 2866 et
1193 2802 1416 2867 circum
1456 2826 1564 2870 vos
1602 2805 1913 2892 sphaeram
1959 2806 2105 2870 lucis
2145 2807 2452 2879 caelestis,
2487 2817 2548 2864 ex

463 2925 578 2990 qua
621 2904 908 2990 cognovi,
961 2902 1121 2989 quod
1164 2924 1271 2967 vos
1308 2903 1433 2967 sitis
1472 2926 1543 2967 ex
1585 2905 1730 2982 illis,
1783 2906 1884 2991 qui
1924 2906 1985 2968 in
2028 2906 2229 2972 Verbo
2279 2911 2548 2970 vocantur

354 3017 363 3024 '
463 3002 684 3081 Electi,
738 3025 923 3090 quare
968 3003 1186 3067 accessi
1225 3002 1501 3067 audiendi
1533 3026 1739 3080 causa,
1796 3007 1935 3092 quid
1962 3007 2228 3094 Caeleste
2269 3006 2428 3069 inter
2461 3020 2549 3071 vos

461 3104 807 3190 loquimini;
850 3113 908 3167 et
937 3103 1409 3188 respondebant,
1462 3127 1570 3170 cur
1598 3126 1779 3170 vocas
1808 3127 1914 3171 nos
1941 3107 2210 3180 Electos,
2257 3128 2338 3171 ac
2378 3100 2547 3177 retuli,
2663 3182 2664 3185 Ἴ

461 3204 597 3290 quia
643 3204 702 3269 in
749 3204 1010 3277 Mundo,
1064 3201 1165 3266 ubi
1207 3225 1335 3267 sum
1383 3226 1666 3290 corpore,
1722 3227 1843 3270 non
1888 3208 2078 3271 sciunt
2123 3207 2334 3282 aliter,
2390 3222 2546 3293 quam
2663 3220 2664 3267 f

459 3304 621 3392 quod
655 3327 758 3393 per
801 3304 1039 3369 Eiectos
1073 3303 1132 3365 in
1161 3302 1363 3370 Verbo
1404 3305 1810 3391 intelligantur
1847 3307 1961 3384 illi,
2015 3307 2113 3393 qui
2155 3328 2190 3369 a
2230 3308 2365 3372 Deo
2405 3312 2550 3370 ante·

458 3424 635 3489 quam
681 3406 804 3469 nati
847 3412 1019 3476 sunt,
1074 3413 1178 3467 aut
1236 3414 1549 3493 postquam
1589 3407 1747 3482 nati,
1801 3405 2101 3493 eliguntur
2141 3415 2199 3469 et
2243 3403 2548 3494 praedesti-

457 3516 679 3581 nantur
705 3505 780 3569 ad
807 3501 1050 3567 Caelum
1069 3552 1095 3585 ,ι
1140 3514 1199 3568 et
1226 3505 1384 3591 quod
1422 3505 1535 3570 illis
1570 3505 1709 3572 solis
1747 3507 2002 3572 donetur
2027 3506 2203 3587 Fides
2240 3516 2305 3570 ut
2344 3516 2546 3571 tessera

454 3604 810 3679 Electionis,
864 3612 924 3666 et
949 3603 1108 3690 quod
1141 3605 1351 3692 reliqui
1389 3604 1822 3694 reprobentur,
1872 3629 1944 3672 ac
1976 3592 2087 3672 sibi
2131 3605 2545 3695 relinquantur,

457 3714 520 3767 ut
561 3703 782 3770 vadant
818 3724 1231 3791 quamcunque
1270 3707 1428 3770 viam
1461 3708 1642 3772 velint
1680 3707 1755 3771 ad
1799 3706 2137 3781 Infernum;
2191 3728 2323 3771 cum
2363 3718 2547 3770 tamen

457 3823 571 3890 ego
604 3805 765 3881 scio,
812 3801 970 3889 quod
1015 3805 1172 3870 nulla
1213 3806 1443 3871 Electio
1488 3806 1592 3875 fiat
1636 3816 1773 3872 ante
1818 3809 2223 3883 nativitatem,
2278 3829 2389 3871 nec
2431 3809 2547 3892 post

455 3903 649 3980 illam,
700 3903 804 3968 sed
832 3904 989 3990 quod
1020 3925 1225 3972 omnes
1250 3907 1368 3971 sint
1395 3908 1567 3972 electi
1589 3917 1653 3972 et
1685 3908 2136 3994 praedestinati,
2186 3908 2324 3997 quia
2356 3923 2545 3971 omnes

455 4004 653 4071 vocati
678 4013 846 4080 sunt,
892 4004 966 4069 ad
994 3995 1270 4082 Caelum,
1322 4017 1384 4071 et
1410 4008 1569 4093 quod
1593 4009 1889 4074 Dominus
1928 4019 2059 4098 post
2087 4019 2340 4072 mortem
2381 4006 2547 4091 eligat
2661 4020 2662 4023 ’

453 4103 617 4181 illos,
671 4105 769 4193 qui
798 4107 951 4171 bene
981 4106 1252 4172 vixerunt
1276 4129 1348 4171 ac
1389 4107 1514 4172 rite
1542 4109 1955 4186 crediderunt,
2007 4119 2066 4174 et
2108 4109 2218 4174 hos
2250 4118 2544 4198 postquam

454 4205 740 4295 explorati
776 4217 940 4271 sunt:
996 4207 1159 4305 quod
1193 4209 1275 4271 ita
1319 4207 1426 4283 sit,
1481 4229 1550 4273 ex
1591 4209 1778 4275 multa
1823 4210 2184 4298 experientia
2227 4208 2365 4274 mihi
2407 4205 2541 4272 scire
