2750 4775
477 361 754 416 INDEX
793 362 1308 417 GENERALIS
1349 362 2055 422 CONTENTORUM.
2216 375 2322 426 ³⁴9

237 520 291 579 4.
357 515 533 595 Quod
562 517 748 581 Amor
772 524 829 582 et
854 516 1152 604 Sapientia
1181 514 1240 578 in
1267 516 1402 582 Deo
1441 537 1620 580 unum
1651 516 1903 593 saciant,
1946 539 2021 581 ιιι
2064 520 2170 583 41.
2217 520 2320 583 42.

236 623 287 681 5.
349 615 525 696 Quod
556 616 823 683 Essentia
864 617 1080 682 amoris
1105 616 1179 682 sit
1204 638 1406 681 amare
1434 617 1581 682 alios
1605 626 1766 682 extra
1795 639 1892 693 se,
1948 619 2097 685 velle
2139 639 2323 684 unum

431 717 701 782 cumillis
727 739 879 794 esse,
932 727 990 781 et
1033 716 1373 783 beatificare
1400 718 1530 784 illos
1568 740 1642 782 ex
1678 740 1777 794 se,
1824 739 1892 780 n:
1941 723 2041 783 48.
2080 720 2181 783 44.
2213 719 2316 784 46.

234 824 288 885 6.
353 817 530 899 Quod
558 818 705 884 haec
734 818 967 885 Amoris
996 818 1195 882 Divini
1221 817 1440 884 fuerint
1468 840 1644 884 causa
1674 813 2000 884 creationis
2028 818 2326 895 Universi,

429 929 489 983 et
515 921 672 1007 quod
698 922 812 985 sint
841 941 1015 986 causa
1043 918 1526 985 conservationis
1552 921 1709 1007 ejus,
1750 941 1819 982 n:
1864 921 1965 984 46.
1997 920 2100 982 47.

346 1097 458 1162 DE
511 1095 651 1161 DEI
702 1095 1344 1162 OMNlPOTENTIA
1364 1143 1382 1171 ‚
1448 1093 2050 1162 OMNISCIENTIA
2103 1094 2213 1162 ET

888 1194 1665 1262 OMNIPRAESENTIA..

232 1329 286 1389 1.
340 1324 519 1407 Quod
559 1323 812 1387 Divinae
850 1322 1183 1411 Sapientiae
1221 1344 1293 1386 ex
1335 1322 1558 1388 Divino
1591 1320 1811 1387 Amore
1836 1321 1909 1385 sit
1937 1320 2326 1411 Omnipoten-

433 1427 544 1502 tia,
599 1423 1024 1489 Omniscientia
1053 1431 1111 1487 et
1138 1421 1684 1513 Omnipraesentia,
1725 1445 1792 1486 n:
1843 1425 1941 1487 50.
1994 1425 2095 1487 51.

225 1530 286 1592 2.
343 1525 523 1608 Quod
549 1526 660 1591 Dei
690 1509 1166 1615 Omnipotentia,
1218 1524 1644 1589 Omniscientia
1690 1531 1750 1587 et
1789 1522 2325 1612 Omnipraesentia‚

429 1650 552 1692 non
594 1627 815 1716 possint
859 1625 1168 1715 cognosci,
1237 1626 1344 1691 nisi
1402 1625 1624 1691 sciatur
1675 1625 1813 1713 quid
1861 1624 2062 1701 Ordo,
2113 1633 2172 1689 et
2215 1623 2323 1690 nisi

341 1801 350 1810 „
429 1729 687 1795 sciantur
715 1726 894 1806 haec,
948 1728 1106 1816 quod
1144 1728 1310 1794 Deus
1352 1728 1429 1792 sit
1473 1725 1675 1803 Ordo,
1723 1731 1785 1789 et
1820 1724 1976 1812 quod
2018 1745 2136 1790 una
2188 1745 2322 1789 cum

430 1829 739 1895 Creatione
794 1829 1184 1897 introduxerit
1239 1827 1563 1905 Ordinem,
1641 1835 1763 1901 tam
1821 1827 1878 1888 in
1942 1825 2323 1904 Universum,

430 1954 604 2019 quam
647 1934 706 1994 in
747 1932 942 1996 omnia
972 1940 1030 1994 et
1054 1929 1282 2018 singula
1310 1930 1466 2015 ejus,
1518 1950 1589 1992 n:
1634 1931 1714 1992 52
1746 1927 1819 1991 ad
1852 1929 1954 1990 55.

228 2039 288 2099 8.
345 2034 522 2116 Quod
553 2033 666 2097 Dei
694 2030 1137 2120 Omnipoteutia
1166 2041 1286 2095 tam
1318 2030 1378 2092 in
1413 2029 1707 2095 Universo
1734 2048 1911 2116 quam
1950 2028 2008 2090 in
2051 2028 2322 2091 omnibus

427 2144 488 2199 et
511 2130 753 2218 singulis
780 2132 935 2217 ejus,
988 2129 1310 2195 secundum
1350 2128 1540 2217 Leges
1564 2128 1653 2196 sui
1683 2128 1904 2195 ordinis
1943 2129 2223 2217 procedat
2261 2139 2323 2194 et

427 2245 737 2324 operetur,
779 2255 848 2296 n:
893 2236 995 2294 56.
1042 2233 1143 2292 57.
1178 2234 1279 2293 68.

231 2340 290 2403 t.
343 2333 519 2419 Quod
555 2334 723 2398 Deus
760 2329 1095 2396 Omniscius
1132 2329 1236 2407 sit,
1297 2328 1413 2395 hoc
1451 2339 1566 2407 est,
1609 2330 1922 2418 percipiat,
1979 2330 2205 2409 videat,
2258 2341 2319 2399 et

429 2435 577 2500 sciat
619 2433 813 2497 omnia
858 2440 914 2497 et
948 2430 1174 2516 singula
1215 2452 1401 2520 usque
1438 2430 1512 2496 ad
1539 2431 1950 2510 minutissima,
1991 2453 2143 2521 quae
2170 2431 2319 2500 fiunt

432 2532 750 2600 secundum
792 2532 1108 2604 Ordinem
1161 2540 1218 2595 et
1257 2554 1328 2597 ex
1363 2532 1476 2599 illis
1513 2532 1689 2598 etiam
1734 2555 1886 2622 quae
1925 2532 2071 2599 fiunt
2109 2546 2320 2601 contra

433 2635 749 2712 Ordinem,
789 2657 856 2698 n:
907 2639 987 2697 59
1019 2632 1092 2698 ad
1123 2637 1222 2697 62.
1418 2644 1427 2649 “

230 2744 287 2804 6.
344 2736 522 2818 Quod
551 2737 712 2803 Deus
736 2735 1191 2823 Omnipraesens
1216 2737 1291 2802 sit
1317 2758 1351 2801 a
1379 2737 1595 2804 Primis
1635 2737 1707 2802 ad
1749 2736 1971 2802 Ultima
2011 2736 2102 2803 sui
2139 2736 2319 2803 Ordi-

428 2839 550 2915 nis,
592 2860 659 2901 n:
707 2842 809 2902 63.
852 2840 951 2902 64.

229 2947 285 3007 6.
335 2940 511 3025 Quod
533 2941 734 3004 Homo
763 2946 995 3003 creatus
1016 2938 1092 3004 sit
1119 2937 1307 3004 forma
1326 2938 1531 3007 Divini
1549 2937 1810 3017 Ordinis,
1837 2958 1907 3003 ιιι
1943 2942 2042 3004 66.
2078 2943 2176 3002 66.
2211 2941 2313 3001 67.

226 3047 285 3107 7.
338 3041 512 3124 Quod
542 3041 743 3108 Homo
771 3051 998 3105 tantum
1027 3039 1085 3102 in
1127 3041 1388 3128 potentia
1429 3050 1633 3104 contra
1663 3039 1880 3105 malum
1921 3049 1980 3103 et
2010 3038 2218 3104 salsum
2245 3059 2318 3102 ex

422 3142 639 3209 Divina
669 3141 1112 3229 Omnipotentia
1140 3142 1243 3218 sit,
1289 3140 1565 3227 quodque
1591 3149 1818 3205 tantum
1849 3142 1908 3204 in
1931 3140 2215 3229 sapientia
2243 3138 2318 3202 de

419 3243 591 3308 Bono
619 3251 678 3305 et
708 3242 867 3308 Vero
911 3261 981 3306 ex
1007 3242 1227 3306 Divina
1255 3238 1681 3306 Omniscientia
1719 3241 1823 3316 sit,
1880 3249 1942 3304 et
1984 3240 2142 3328 quod
2186 3250 2317 3305 tan-

421 3354 545 3408 tum
580 3343 641 3407 in
671 3343 800 3407 Deo
840 3364 911 3406 ex
950 3342 1167 3408 Divina
1195 3340 1705 3429 omnipraesentia
1747 3341 1850 3416 sit,
1903 3348 2186 3427 quantum
2224 3363 2318 3408 se-

421 3445 674 3509 cundum
705 3444 986 3508 Divinum
1016 3440 1303 3507 Ordinem
1334 3442 1514 3519 vivit,
1555 3465 1628 3506 ιιι
1674 3447 1775 3507 68.
1810 3447 1910 3505 69.
1946 3446 2049 3506 70.

716 3621 826 3686 DE
883 3616 1305 3685 CREATION
1311 3619 1362 3685 E
1406 3618 1813 3686 UNlVERSl.

319 3750 493 3832 Quod
522 3766 695 3812 nemo
728 3745 907 3835 possit
931 3745 1186 3832 aliquam
1219 3745 1431 3830 justam
1474 3745 1666 3810 ideam
1707 3748 1780 3810 de
1821 3744 2135 3811 Creatione
2163 3745 2314 3810 Uni-

420 3850 572 3915 versi
604 3849 714 3914 sibi
742 3866 1118 3936 comparare,
1162 3846 1270 3910 nisi
1302 3847 1536 3935 aliquae
1565 3846 1929 3913 universales
1953 3846 2314 3931 cognitiones

418 3950 771 4038 praemissae
797 3946 1165 4012 Intellectum
1205 3947 1266 4010 in
1293 3957 1510 4013 statum
1548 3946 1940 4038 perceptionis
1979 3947 2314 4024 immittant,

419 4052 492 4116 de
518 4050 765 4140 quibus,
817 4070 887 4113 u:
935 4053 1035 4113 75.

314 4151 684 4219 Describitur
710 4150 946 4216 Creatio
975 4147 1251 4215 Universi
1279 4169 1384 4235 per
1410 4147 1679 4236 quinqua
1711 4148 2200 4225 monulus,
2239 4169 2306 4213 n:

423 4258 524 4317 76.
557 4257 658 4318 77.
693 4256 796 4317 78.
829 4255 931 4316 79.
964 4254 1064 4313 80.
