2750 4775
403 357 512 410 29⁴
643 343 1110 401 UMVERSA
1151 343 1693 401 'rut-:omniu
1736 345 1802 397 R.
1845 343 1909 397 C.
1955 344 2065 396 ΕΤ
2105 343 2174 399 Ν.
2214 343 2280 400 Ε.

2635 415 2657 468 l

402 519 537 564 nem
576 497 819 564 Domini
856 497 917 562 in
959 497 1244 563 Humano
1285 496 1618 585 glorificato
1656 498 1845 562 oculis
1882 497 2154 586 corporis
2196 496 2489 561 Dominum
2640 485 2667 756 W

403 600 689 676 viderint,
741 599 847 666 sed
873 600 934 662 in
962 599 1203 687 spiritu,
1253 600 1414 683 quod
1446 608 1692 687 apparet
1731 608 1859 684 post
1885 598 2330 682 evigilationem
2365 597 2495 660 sicut

401 702 462 765 in
489 721 735 775 somno,
787 708 1020 765 constat
1045 719 1119 762 ex
1148 697 1678 763 transformatione
1705 698 1894 784 Ipsius
1923 720 2136 763 coram
2163 697 2370 772 Petro,
2407 698 2497 761 Ja-

405 803 559 868 coho
584 811 644 866 et
670 800 952 865 Johanne
970 848 986 875 ,
1037 797 1207 891 quod
1230 813 1371 864 tunc
1390 803 1634 890 gravati
1654 803 1782 865 sim
1805 823 2045 874 somno,
2081 799 2226 862 Luc.
2257 798 2370 863 lx:
2409 801 2494 861 32.

401 904 607 986 Quare
652 922 872 967 vanum
919 910 1006 964 est
1058 901 1334 975 credere,
1388 901 1550 985 quod
1592 899 1885 965 Dominus
1922 899 2310 987 appariturus
2346 898 2414 962 sit
2448 898 2502 960 in

403 1005 562 1069 nube
590 1001 753 1067 Caeli
780 1003 841 1065 in
869 1002 1164 1075 Persona,
1215 999 1318 1066 sed
1346 1001 1510 1088 quod
1541 1000 1600 1063 in
1630 1001 1867 1077 Verbo,
1920 1001 2089 1088 quod
2131 1010 2223 1064 est
2263 1021 2331 1062 ex
2374 998 2505 1083 ipso,

403 1105 486 1170 ita
534 1102 685 1187 Ipse.

560 1207 708 1266 ΠΒ.
759 1201 1176 1289 Unusquisque
1202 1200 1388 1266 homo
1415 1210 1503 1265 est
1529 1222 1671 1265 suus
1697 1224 1867 1267 arnor
1894 1212 1953 1266 et
1978 1223 2092 1267 sua
2122 1199 2505 1284 intelligentia,

405 1312 466 1370 et
509 1303 790 1390 quicquid
830 1302 1096 1392 procedit
1136 1321 1209 1366 ex
1248 1301 1383 1376 illo,
1445 1301 1630 1366 trahit
1669 1304 1981 1368 essentiam
2024 1324 2102 1367 ex
2152 1301 2381 1365 duobus
2415 1298 2509 1361 illis

404 1403 813 1470 essentialibus
837 1425 940 1467 seu
971 1404 1225 1490 propriis
1250 1403 1409 1468 vitae
1438 1403 1594 1487 ejus;
1651 1416 2016 1492 quapropter
2053 1401 2278 1488 Angeli
2316 1421 2508 1483 cogno·

404 1514 578 1570 scunt
617 1504 949 1578 bominem,
1003 1502 1193 1590 qualis
1230 1503 1623 1567 essentialiter
1661 1515 1781 1578 est,
1836 1525 1909 1566 ex
1953 1506 2126 1569 brevi
2158 1500 2507 1567 Commercio

405 1626 542 1669 cnm
581 1605 713 1681 illo,
765 1626 836 1669 ex
861 1603 1025 1668 Sono
1052 1626 1316 1669 amorem
1343 1606 1502 1690 ejus,
1555 1613 1616 1667 et
1654 1625 1725 1667 ex
1752 1605 2041 1669 Sermone
2078 1602 2505 1686 intelligentiam

405 1706 569 1791 ejus,
620 1727 796 1770 causa
844 1716 963 1779 est,
1016 1707 1157 1791 quia
1206 1705 1323 1768 duo
1372 1704 1731 1769 universalia
1772 1706 1929 1768 vitae
1969 1705 2242 1790 cujusvis
2283 1700 2507 1765 hominis

403 1816 575 1883 sunt,
629 1806 903 1871 voluntas
929 1817 988 1869 et
1015 1806 1379 1880 intellectus,
1433 1826 1504 1870 ac
1534 1804 1823 1870 Voluntas
1865 1815 1949 1869 est
1995 1804 2435 1892 receptaculum
2459 1807 2508 1861 et

404 1903 811 1971 babitaculum
856 1906 1075 1969 amoris
1119 1906 1278 1988 ejus,
1331 1927 1405 1969 ac
1453 1905 1795 1970 Intellectus
1837 1915 1925 1970 est
1970 1906 2413 1992 receptaculum
2459 1908 2509 1961 et

404 2005 811 2073 habitaculum
858 2005 1282 2090 intelligentiae
1321 2007 1479 2090 ejus3
1535 2028 1720 2093 quare
1760 2005 1959 2070 omnia
1999 2029 2161 2093 quae
2205 2002 2506 2092 procedunt

406 2127 480 2171 ex
525 2107 798 2182 bomine,
848 2106 975 2171 sive
1021 2106 1096 2169 sit
1141 2108 1298 2171 actio
1342 2109 1471 2174 sive
1511 2128 1742 2182 sermo,
1809 2107 2034 2172 faciunt
2081 2108 2411 2177 hominem,
2456 2106 2506 2163 et

404 2218 541 2271 sunt
588 2210 711 2295 ipse
752 2206 954 2269 homo.
1036 2207 1224 2270 Simili
1270 2208 1484 2281 modo,
1534 2209 1638 2271 sed
1685 2209 1744 2271 in
1787 2209 2280 2293 supereminente
2324 2201 2506 2289 gradu,

406 2315 493 2371 est
524 2308 813 2372 Dominus
843 2305 1097 2370 Divinus
1122 2306 1309 2372 Amor
1336 2317 1396 2370 et
1427 2307 1644 2372 Divina
1670 2308 1993 2394 Sapientia,
2025 2330 2133 2374 seu
2164 2307 2325 2397 quod
2354 2305 2504 2373 idem,

406 2407 693 2472 Divinum
719 2396 956 2471 Bonum
984 2419 1042 2473 et
1070 2409 1351 2473 Divinum
1383 2409 1640 2486 Verum,
1690 2431 1829 2473 nam
1871 2410 2189 2475 Voluntas
2216 2409 2399 2496 Ipsius
2432 2410 2503 2466 est

406 2505 609 2570 Divini
636 2508 885 2580 amori&
941 2529 1012 2571 ac
1040 2509 1291 2574 Divinus
1316 2509 1507 2574 Amor
1547 2520 1636 2574 est
1667 2510 2007 2575 Voluntatis
2049 2510 2276 2597 Ipsius,
2332 2517 2389 2569 et
2423 2504 2502 2567 ln·

406 2606 679 2673 tellectus
718 2603 944 2696 Ipsius
948 2620 1036 2674 est
1077 2610 1296 2675 Divina
1331 2610 1668 2697 Sapientia,
1722 2633 1792 2681 ac
1831 2611 2048 2675 Divina
2093 2608 2398 2698 Sapientia
2436 2610 2504 2667 esl

407 2705 749 2774 Intellectus
791 2708 1013 2796 Ipsius,
1080 2710 1299 2776 Forma
1345 2710 1607 2773 humana
1647 2720 1736 2775 est
1776 2713 2085 2775 continens
2126 2712 2399 2776 illorumz
2444 2723 2502 2766 ΒΧ

404 2805 498 2872 his
537 2809 787 2896 cogitari
834 2821 1054 2898 potest,
1108 2811 1412 2896 quomodo
1454 2810 1747 2875 Dominus
1796 2821 1884 2875 est
1926 2812 2212 2876 Verbum.
2299 2811 2350 2874 E
2384 2825 2502 2870 con·

405 2911 595 2974 trario
619 2921 819 2976 autem
849 2912 951 2998 qui
982 2920 1069 2975 est
1099 2921 1306 2977 contra
1333 2910 1621 2987 Verbum,
1673 2909 1788 2974 hoc
1826 2920 1932 2988 est,
1983 2916 2195 2977 contra
2218 2910 2501 2976 -Divinum

404 3009 631 3076 Verum
683 3011 796 3087 ibi,
875 3011 1121 3099 proinde
1174 3022 1382 3076 contra
1437 3011 1761 3076 Dominum
1815 3020 1875 3075 et
1930 3011 2119 3096 Ipsius
2174 3008 2496 3076 Ecclesiam.

406 3117 493 3172 est
529 3133 701 3176 suum
745 3114 967 3177 malum
1008 3123 1065 3174 et
1100 3133 1271 3175 suum
1297 3110 1544 3187 falsum,
1596 3121 1718 3176 tam
1761 3111 1957 3197 quoad
1998 3123 2294 3187 mentem,
2347 3124 2498 3196 quam

404 3210 604 3294 quoad
646 3211 819 3297 hujus
857 3211 1101 3277 effectus
1145 3232 1178 3276 e
1218 3232 1499 3301 corpore,
1554 3213 1745 3300 quise
1776 3212 2041 3277 referunt
2069 3213 2151 3276 ad
2173 3213 2431 3278 actiones
2453 3212 2505 3266 el

411 3309 695 3397 loquelas,

412 3534 599 3615 Quod
646 3534 962 3602 Secundus
1014 3538 1109 3603 hic
1159 3539 1485 3604 Adventus
1539 3538 1801 3603 Domini*
1832 3539 1972 3631 fiat
2031 3563 2150 3631 per
2208 3537 2496 3603 hominem,

406 3656 609 3697 coram
661 3658 781 3725 quo
833 3641 896 3700 in
948 3639 1229 3704 Persona
1279 3638 1358 3705 Se
1409 3636 1849 3728 majestatem,
1926 3654 1983 3704 et
2034 3664 2209 3732 quem
2264 3632 2497 3730 1mplevit

405 3757 520 3796 suo
570 3737 817 3847 spi'rztu,
870 3737 959 3801 ad
1007 3740 1341 3803 docendum
1394 3741 1617 3806 Novae
1668 3740 1987 3805 Ecclesiae
2038 3742 2365 3806 Doctrinas
2405 3751 2499 3826 per

1139 3839 1211 3906 V
1207 3840 1411 3905 eibum
1463 3841 1543 3906 ab
1594 3841 1762 3933 Ipso.

560 4016 708 4075 77⁹.
780 4011 1077 4094 Quoniam
1130 4015 1423 4081 Dominus
1461 4037 1582 4081 non
1621 4018 1682 4079 in
1725 4015 1988 4082 Persona
2030 4038 2095 4081 se
2136 4015 2490 4081 manifestare

407 4118 632 4196 potest,
699 4122 765 4178 ut
811 4135 965 4177 nunc
1006 4137 1184 4202 supra
1232 4126 1532 4181 ostensum
1576 4127 1696 4192 est,
1750 4124 1812 4180 et
1857 4127 2057 4181 tamen
2109 4107 2491 4206 praedixit&

404 4207 740 4278 Venturum
764 4233 921 4291 esse,
974 4221 1035 4277 et
1059 4234 1278 4286 novam
1305 4214 1663 4291 Ecclesiam,
1721 4236 1874 4302 quae
1900 4226 1989 4283 est
2026 4218 2207 4290 Nova
2236 4216 2491 4295 Hieroso·
