2750 4775
631 381 789 433 vlu.
871 379 1276 433 LIBERUM
1330 379 1867 435 ARBITRIUM.
2251 391 2319 440 29

209 537 618 605 aromaticum.
690 535 917 599 Notum
965 543 1053 598 est
1098 556 1171 598 ex
1216 534 1421 599 Verbo
1465 535 1737 610 Domini,
1792 536 1948 621 qnod
1999 536 2206 602 Cultus
2251 557 2324 600 ex

211 641 404 704 libero
450 640 523 701 sit
562 657 700 700 vere
747 636 970 711 cultus,
1024 645 1082 698 et
1134 636 1291 722 quod
1334 646 1724 721 spontaneum
1769 638 2025 702 Domino
2072 640 2325 725 placeat,

210 762 400 829 quare
447 738 660 800 dicitur
700 737 851 823 apud
896 735 1222 810 Davidem,
1286 733 1355 803 V
1357 734 1723 801 oluntarium
1763 738 2129 826 sacrificabo
2170 740 2322 813 Dee,

207 842 430 908 Psalm.
460 838 620 902 LIV:
653 843 723 900 8:
774 847 832 901 et
860 836 1019 912 alibi,
1059 834 1396 928 Spontanei
1409 837 1775 930 populorum
1794 843 2141 928 congregati
2164 852 2325 915 sunt,

200 940 479 1035 populus
510 940 630 1003 Dei
658 935 1032 1014 Abrahamae',
1080 938 1297 1003 Psalm.
1330 938 1588 1002 XLVII:
1624 944 1734 1011 10;
1793 940 1926 1002 inde
1957 940 2113 1027 apud
2143 939 2326 1003 Filios

209 1042 451 1108 Israelis
490 1048 660 1104 crant
697 1036 994 1103 Sacrificia
1025 1040 1365 1123 Spontanea
1389 1085 1407 1114 ,
1461 1060 1629 1103 sacer
1654 1040 1889 1105 illorum
1920 1039 2127 1104 Cultus
2169 1040 2330 1126 prin-

211 1145 487 1232 cipaliter
527 1139 886 1204 consistebat
933 1140 989 1200 in
1034 1138 1368 1212 sacrificiis;
1447 1149 1690 1227 propter
1740 1141 2172 1229 beneplacitum
2214 1140 2328 1203 Dei

209 1246 274 1309 in
314 1241 658 1332 spontaneis
701 1241 1045 1305 mandatum
1077 1249 1199 1316 est,
1257 1239 1445 1321 Quod
1480 1243 1673 1304 omnis
1701 1244 1836 1316 vir,
1891 1264 2061 1332 quem
2092 1238 2329 1332 impulit

215 1367 324 1411 cor
361 1348 527 1432 ejus,
595 1355 652 1406 et
690 1344 917 1417 omnis,
972 1345 1150 1429 cujus
1193 1354 1568 1432 spontaneus
1615 1345 1866 1433 spiritus
1914 1345 2092 1407 movit
2135 1340 2329 1417 illum,

215 1444 546 1511 adduceret
617 1441 943 1507 thee-umam
1014 1440 1284 1507 Jehovae
1358 1440 1447 1507 ad
1515 1465 1672 1535 opus
1747 1444 1807 1507 T
1798 1446 2049 1518 entorii,
2139 1442 2323 1506 Exod.

216 1546 483 1612 XXXV:
528 1548 584 1606 5.
620 1547 723 1607 21.
765 1547 879 1616 293
949 1553 1006 1606 et
1048 1543 1337 1606 Dominus
1382 1543 1521 1607 dicit
1573 1540 1680 1618 „Si
1718 1568 1838 1609 vos
1879 1546 2222 1608 manseritis
2267 1546 2331 1607 in

225 1648 442 1716 Verbo
478 1668 635 1721 meo,
689 1667 833 1708 vere
876 1641 1165 1736 discipuli
1207 1646 1323 1707 mei
1363 1648 1540 1715 eslis;
1593 1658 1651 1708 et
1686 1648 2060 1733 cognoscetis
2104 1646 2330 1708 verita·

220 1762 372 1824 tem,
427 1761 481 1810 el
519 1749 752 1814 veritas
791 1743 1011 1810 liberos
1033 1741 1398 1831 facit‘vos,·
1450 1747 1509 1807 si
1544 1767 1686 1834 ergo
1735 1743 1932 1809 Filius
1964 1769 2081 1810 vos
2109 1744 2331 1810 liberos

199 1845 407 1939 facit,
461 1870 605 1911 vere
646 1845 817 1912 liberi
842 1847 1042 1910 eritis.-
1095 1847 1289 1910 omnis
1319 1858 1515 1910 autem
1530 1841 1788 1933 faciens
1809 1860 2153 1939 peccatum,
2208 1868 2333 1909 ser-

220 1974 345 2016 vus
366 1952 603 2043 peccati
626 1957 783 2021 est,“
833 1946 971 2010 Job.
1004 1945 1182 2009 vlu:
1216 1949 1293 2008 31
1330 1947 1404 2009 ad
1438 1950 1538 2008 35.
1584 1940 1742 2038 [36]

382 2054 528 2112 496.
588 2047 764 2127 Quod
792 2048 851 2109 id
883 2053 1152 2119 maneat,
1201 2047 1359 2130 quod
1390 2067 1460 2108 ex
1490 2045 1677 2109 libero
1709 2046 2022 2134 recipitur,
2079 2055 2166 2111 est
2193 2045 2330 2132 quia

223 2150 504 2217 voluntas
544 2147 800 2212 hominis
842 2147 899 2209 id
938 2146 1049 2211 sibi
1094 2145 1361 2208 adsciscit
1393 2156 1449 2207 et
1480 2148 1838 2232 appropriat,
1889 2157 1947 2210 et
1978 2149 2115 2234 quia
2147 2148 2330 2212 intrat

227 2253 291 2314 in
332 2269 593 2313 amorem
637 2248 789 2332 eim,
843 2255 900 2309 et
942 2267 1111 2309 amor
1159 2245 1423 2329 agnoscit
1465 2246 1521 2307 id
1567 2255 1631 2309 ut
1674 2268 1877 2323 suum,
1931 2258 1990 2311 et
2027 2270 2091 2313 se
2132 2268 2235 2336 per
2274 2247 2330 2311 id

229 2350 483 2420 forman
536 2347 638 2412 sed
675 2345 792 2411 hoc
833 2368 935 2434 per
980 2345 1452 2431 comparationes
1478 2344 1897 2424 illustrabitur;
1952 2370 2162 2414 verum
2193 2349 2330 2437 quia

228 2450 349 2514 hae
393 2458 771 2513 assumuntur
813 2470 884 2511 ex
925 2446 1327 2519 naturalibus,
1384 2448 1497 2511 erit
1523 2447 1702 2512 Calor
1742 2450 1875 2514 loco
1904 2447 2170 2523 Amoris;
2227 2473 2334 2515 no-

229 2563 357 2617 tum
389 2560 504 2625 est,
563 2548 721 2636 quod
748 2570 868 2634 ¹per
895 2550 1152 2612 calorem
1183 2558 1240 2611 et
1266 2550 1588 2612 secundum
1616 2551 1742 2635 ejus
1780 2551 2031 2636 gradum
2061 2553 2332 2640 aperian-

226 2663 329 2718 tur
352 2651 513 2716 fores
541 2652 598 2712 in
640 2649 799 2713 omni
837 2648 1189 2734 vegetabili,
1245 2659 1302 2713 et
1332 2650 1490 2735 quod
1531 2651 1682 2714 sicut
1723 2651 1856 2716 illae
1896 2660 2138 2737 apertae
2177 2661 2331 2726 sunt,

225 2754 435 2820 redeat
465 2750 795 2836 vegetabile
822 2750 1171 2816 intrinsecus
1199 2751 1257 2814 in
1284 2771 1428 2814 suae
1456 2759 1706 2815 naturae
1734 2749 2011 2827 formam,
2065 2774 2134 2816 ac
2160 2774 2339 2842 spon-

226 2865 404 2921 tanee
456 2853 703 2940 recipiat
754 2872 858 2914 sua
905 2852 1303 2926 nutrimenta,
1362 2873 1433 2915 ac
1477 2853 1727 2916 retineat
1773 2852 2222 2930 convenientia,
2276 2861 2338 2917 et

227 2962 474 3020 crescat.
543 2952 742 3017 Simile
784 2951 849 3015 fit
887 2973 1021 3016 cum
1066 2952 1282 3027 bestia,
1335 2952 1485 3016 haec
1514 2975 1690 3017 omne
1731 2953 1785 3015 id
1815 2954 1982 3039 quod
2015 2974 2085 3016 ex
2131 2975 2338 3019 amore

226 3054 601 3129 nutritionis,
654 3053 755 3139 qui
799 3063 1050 3118 vocatur
1095 3054 1420 3140 appetitus,
1474 3052 1636 3137 eligit
1665 3061 1726 3115 et
1756 3053 2041 3131 comedit,
2093 3051 2208 3118 hoc
2236 3053 2339 3118 ad-

228 3158 311 3221 dit
351 3177 412 3219 se
457 3155 689 3242 corpori
732 3153 888 3239 ejus,
942 3164 998 3216 et
1038 3154 1123 3217 sic
1163 3164 1395 3225 manet;
1451 3152 1608 3237 quod
1652 3152 1710 3215 id
1754 3153 1913 3238 quod
1959 3154 2237 3218 convenit
2274 3175 2338 3218 se

226 3256 448 3345 jugiter
478 3256 656 3318 addat
692 3255 957 3340 corpori,
1008 3263 1095 3318 est
1135 3255 1271 3342 quia
1313 3263 1527 3319 cuncta
1575 3273 1728 3338 quae
1772 3264 2133 3339 componunt
2170 3253 2334 3329 illud,

228 3365 516 3446 perpetuo
561 3365 956 3426 renovantur;
1026 3356 1183 3441 quod
1239 3356 1319 3418 ita
1367 3354 1470 3428 sit,
1528 3363 1735 3415 notum
1783 3363 1902 3427 est,
1966 3355 2084 3417 sed‘
2122 3353 2335 3437 paucis.

230 3458 413 3524 Calor
440 3456 614 3520 etiam
647 3448 800 3542 apud
832 3457 1076 3530 bestias,
1133 3457 1322 3543 aperit
1349 3454 1528 3517 etiarn
1565 3454 1760 3518 omnia
1795 3453 2057 3541 corporis
2085 3453 2339 3530 illarum,

231 3569 289 3622 et
321 3557 461 3623 facit
508 3568 565 3620 ut
607 3578 778 3620 arnor
815 3557 1048 3620 illarum
1079 3554 1367 3619 naturalis
1408 3555 1590 3618 libere
1620 3564 1788 3639 agan
1843 3555 1977 3617 inde
2007 3566 2126 3631 est,
2179 3556 2339 3642 quod

231 3672 498 3745 tempore
540 3658 695 3722 veris
732 3666 789 3720 et
819 3657 1057 3722 aestatis
1083 3657 1147 3720 in
1174 3657 1511 3719 instinctum
1543 3655 1988 3743 prolificationis
2015 3667 2071 3719 et
2104 3678 2342 3743 quoque
2439 3664 2448 3667 Α

232 3758 597 3826 educationis
651 3758 880 3842 prolum
928 3778 1166 3821 suarum
1216 3757 1456 3820 veniant
1495 3766 1555 3819 et
1610 3758 1886 3831 redeant,
1958 3759 2114 3843 quod
2163 3756 2227 3820 fit
2269 3778 2342 3819 ex

228 3860 572 3933 liberrimo,
639 3859 777 3944 quia
829 3866 914 3921 est
961 3858 1260 3943 regnantis
1305 3856 1524 3922 amoris
1567 3879 1601 3922 a
1650 3857 1948 3921 creatione
1994 3858 2107 3921 illis
2153 3857 2341 3931 inditi,

234 3970 476 4047 propter
519 3959 1031 4023 conservationem
1079 3957 1336 4022 universi
1387 3958 1446 4019 in
1487 3967 1643 4023 statu
1687 3968 1909 4022 creato.
1980 3956 2158 4036 Quod
2196 3957 2345 4020 libe-

231 4082 365 4125 rum
408 4060 627 4127 amoris
667 4058 995 4122 illustretur
1037 4080 1141 4146 per
1178 4059 1466 4134 liberum,
1535 4058 1695 4144 quod
1738 4059 1901 4122 calor
1942 4058 2205 4132 inducit,
2258 4062 2347 4119 est

235 4162 370 4248 quia
420 4181 590 4224 amor
635 4159 906 4247 producit
952 4160 1245 4234 calorem,
1299 4158 1461 4246 quod
1502 4160 1747 4223 evidens
1793 4167 1880 4222 est
1922 4178 1994 4219 ex
2038 4152 2346 4218 effectibus

236 4262 389 4346 ejus,
443 4269 507 4324 ut
551 4259 709 4345 quod
760 4258 943 4326 horno
999 4259 1383 4337 incendatur,
1457 4258 1776 4325 incalescat
1820 4265 1879 4321 et
1923 4252 2345 4322 inflammetur,
