2750 4775
736 370 1014 431 INDEX
1054 374 1798 434 MEMORAfflLlUM.
2075 420 2079 427 ·
2208 386 2315 445 58⁹

216 529 426 597 xuv.
484 528 661 610 Quod
688 529 1034 595 accesserim
1065 530 1140 594 ad
1165 530 1465 619 quandam
1495 530 1753 595 Domum
1769 564 1793 606 ,·
1843 531 1940 595 ubi
1983 533 2331 619 congregati

316 631 472 694 inter
495 651 558 697 se
589 629 995 705 ventilabant,
1044 650 1184 695 num
1221 632 1476 708 bonum,
1530 632 1686 718 quod
1728 630 1911 696 homo
1952 633 2012 696 in
2048 642 2207 697 statu
2233 635 2324 721 ju-

313 730 682 797 stificationis
721 752 827 817 per
871 730 1044 797 fidem
1085 731 1265 809 facit,
1318 728 1392 797 sit
1442 733 1659 796 bonum
1706 733 2002 819 religionis
2048 733 2143 797 vel
2184 756 2320 811 non,

316 854 635 899 consensus
660 832 790 906 fuit,
820 833 978 919 quod
1001 855 1106 919 per
1135 834 1356 897 bonum
1385 834 2064 920 religionisintelligatur
2094 834 2316 900 bonum

315 933 477 1020 quod
504 933 738 999 confert
766 931 840 997 ad
878 935 1158 1006 salutem;
1210 935 1311 999 sed
1359 935 1695 1023 praevaluit·
1727 935 2019 1002 sententia
2060 933 2317 1012 illorum,

316 1034 720 1122 quidixernnt
740 1082 757 1110 ,
809 1035 967 1122 quod
997 1056 1173 1099 omne
1203 1034 1421 1100 bonum
1453 1037 1609 1122 quod
1640 1035 1818 1100 homo
1846 1035 2019 1113 facit,
2066 1057 2184 1100 non
2208 1036 2318 1101 ,ali-

315 1136 457 1221 quid
491 1134 757 1200 cnnferat
785 1136 859 1199 ad
886 1136 1172 1210 salntem,
1224 1137 1502 1223 quoniam
1548 1159 1673 1200 non
1710 1147 1899 1224 potest
1941 1136 2178 1225 aliquod
2210 1137 2316 1201 bo-

314 1257 455 1299 num
491 1236 887 1303 voluntarium
917 1234 1172 1301 hominis
1201 1238 1476 1323 conjungi
1507 1259 1638 1300 cnm
1670 1239 1932 1322 gratuite
1954 1285 1970 1313 ,
2026 1239 2161 1325 quia
2201 1237 2315 1302 sal-

312 1338 478 1402 vatio
524 1337 588 1401 fit
631 1337 851 1423 gratis:
895 1338 1064 1424 quod
1103 1359 1213 1402 nec
1252 1338 1473 1425 aliquid
1516 1340 1734 1403 bonum
1779 1340 1856 1402 ab
1885 1339 2122 1403 homine
2171 1361 2309 1402 con-

312 1439 474 1524 jungi
522 1460 652 1502 cum
699 1440 919 1504 Merito
946 1438 1192 1515 Christi,
1246 1462 1351 1525 per
1394 1440 1553 1525 quod
1599 1442 1768 1502 unice
1815 1441 1993 1504 datur
2032 1439 2313 1505 salvatio:

223 1568 228 1575 ’
311 1540 477 1627 quod
506 1560 616 1603 nec
641 1541 908 1627 operatio
936 1537 1191 1606 hominis
1217 1563 1368 1604 eum
1399 1542 1765 1626 Operatione
1802 1541 2054 1628 Spiritus
2091 1541 2313 1616 Sancti,

223 1684 228 1691 ‹
311 1641 413 1726 qui
442 1641 638 1705 omnia
669 1641 891 1727 absque
934 1664 1045 1729 ope
1078 1640 1332 1707 hominis
1372 1643 1547 1715 facin
1598 1662 1671 1706 ex
1720 1643 1931 1727 quibus
1973 1642 2310 1706 conclusum

312 1751 433 1816 est,
487 1743 646 1829 quod
677 1743 838 1807 bona
860 1763 1044 1828 opera
1075 1744 1253 1806 etiam
1281 1744 1341 1805 in
1367 1753 1527 1808 statu
1554 1742 1980 1830 justificationis
2007 1763 2112 1829 per
2139 1741 2310 1806 fidem

311 1842 562 1907 nihil-ad
587 1844 840 1907 ‘salntem
872 1843 1213 1918 conferant,
1262 1844 1366 1909 sed
1406 1846 1532 1909 sola
1562 1845 1767 1910 Fides:
1820 1844 1910 1909 Ad
1941 1842 2087 1907 haec
2113 1844 2312 1909 audita
2346 1900 2347 1909 ,

310 1943 432 2010 duo
459 1942 754 2018 Gentiles,
809 1946 907 2030 qui
934 1954 1224 2008 steterunt
1255 1948 1314 2008 in
1342 1948 1527 2020 ostio,
1583 1946 1736 2009 inter
1773 1967 1834 2009 se
1876 1945 2181 2020 dixerunt,
2223 1944 2311 2010 his

309 2066 433 2110 non
460 2055 547 2111 est
575 2044 773 2131 aliqua
825 2045 1069 2130 religio,
1121 2047 1250 2132 quis
1293 2060 1411 2110 non
1453 2047 1595 2122 scit,
1649 2047 1806 2132 qnod
1848 2046 2069 2110 honum
2114 2044 2341 2110 facere·

310 2148 580 2231 proximo
623 2155 864 2232 propter
908 2147 1133 2222 Deum,
1188 2147 1268 2211 ita
1313 2170 1344 2210 a
1390 2147 1555 2222 Deo,
1609 2157 1827 2210 etcum
1861 2147 2022 2220 Deo,
2073 2146 2146 2211 sit
2174 2147 2307 2211 reli·

311 2248 441 2332 gin,
494 2270 563 2311 n:
612 2251 759 2311 390.

214 2345 389 2413 XLV.
445 2346 664 2414 Audivi
689 2345 947 2435 Angelos
976 2348 1397 2425 lamentantes,
1451 2347 1608 2437 quod
1643 2348 1777 2416 talis
1812 2348 2083 2414 EnEs'ras
2107 2348 2306 2415 Smi-

312 2471 534 2516 Tuaus
578 2448 755 2522 hodie
794 2449 859 2513 'in
904 2451 1164 2518 Ecclesia
1209 2452 1315 2526 sit,
1384 2460 1448 2514 ut
1493 2449 1637 2516 nihil
1688 2451 1816 2539 plns
1858 2451 2076 2526 sciant,
2132 2469 2308 2540 quam

318 2552 472 2637 quod
502 2562 620 2616 tres
647 2550 950 2618 Personae
978 2552 1230 2617 Divinae
1257 2552 1404 2627 sint,
1458 2562 1516 2615 et
1547 2554 1704 2639 qued
1749 2552 1874 2616 sola
1917 2551 2062 2620 fides
2101 2553 2310 2628 salvet,

323 2660 381 2713 et
423 2649 500 2716 de
537 2652 791 2717 Domino
833 2654 1119 2717 duntaxat
1164 2653 1501 2729 Historica,
1553 2663 1613 2716 et
1653 2653 1810 2740 quod
1852 2653 1977 2732 alte„
2018 2654 2308 2738 ignorent,

323 2772 473 2838 quae
503 2755 584 2816 *de
616 2754 906 2830 Domino,
961 2754 1150 2842 Ipsius
1179 2755 1426 2818 Unitate
1456 2773 1587 2818 cnm
1618 2754 1827 2828 Patre,
1881 2754 2208 2818 Divinitate
2248 2763 2310 2818 et

317 2853 651 2930 potestate,
705 2857 765 2919 in
792 2854 993 2919 Verbo
1041 2864 1475 2928 memorantur;
1527 2865 1585 2919 et
1614 2856 1932 2930 -dixerunt,
1982 2854 2138 2939 quod
2182 2855 2310 2940 qui-

314 2955 447 3018 dam
474 2953 737 3042 Angelus
765 2958 841 3021 ab
871 2957 982 3021 illis
1009 2957 1291 3021 demissus
1316 2957 1421 3031 sit,
1473 2957 1546 3019 ad
1589 2954 2011 3042 explorandum
2048 2976 2188 3017 num
2219 2964 2311 3019 ta*

237 3085 246 3094 κ
311 3056 381 3120 lis
407 3067 639 3141 egestas
666 3057 841 3121 hodie
868 3058 1024 3143 apud
1052 3056 1415 3122 Christianos
1443 3066 1624 3132 esset,
1676 3066 1734 3118 et
1765 3055 1924 3141 quod
1953 3054 2047 3120 ille
2079 3054 2308 3141 quaesi-

310 3158 466 3222 verit
521 3158 850 3242 quendam,
915 3180 1066 3244 quae
1112 3158 1238 3244 ejus
1279 3157 1545 3241 Religio,
1574 3195 1581 3202 ‚
1614 3156 1982 3244 responderit
2026 3154 2184 3241 quod
2231 3154 2307 3219 sit

309 3257 523 3333 Fides,
576 3268 636 3322 et
664 3260 820 3347 quod
849 3260 983 3323 dein
1015 3259 1370 3346 quaesiverit
1400 3258 1561 3322 illum
1593 3259 1663 3321 de
1695 3257 2144 3345 Redemptione,
2187 3257 2306 3330 Re·

305 3359 694 3445 generatione
728 3370 787 3424 et
813 3360 1191 3433 Salvatinne,
1244 3358 1611 3446 responderit
1640 3359 1796 3445 qnod
1831 3359 2027 3423 omnia
2065 3357 2165 3421 illa
2191 3358 2308 3422 sint

307 3458 511 3533 Fidei;
566 3470 626 3523 et
671 3481 908 3548 quoque
958 3463 1031 3524 de
1061 3458 1408 3535 charitate,
1458 3461 1615 3545 quod
1662 3460 1734 3525 sit
1774 3459 1835 3523 in
1879 3457 2023 3535 fide,
2077 3460 2306 3546 et.quis

306 3570 505 3649 potest
546 3561 741 3628 faeere
784 3561 1005 3626 bonnm
1039 3583 1072 3624 a
1104 3570 1201 3625 se:
1256 3562 1336 3625 a‘d
1370 3582 1544 3646 quem
1595 3572 1795 3649 postea
1840 3556 2103 3647 Angelus
2143 3561 2304 3634 dixit,

303 3662 700 3749 responderas
723 3664 874 3727 sicut
903 3662 1002 3747 qni
1034 3663 1192 3726 canit
1220 3684 1337 3726 nno
1365 3671 1509 3727 tono
1551 3663 1764 3737 tibiae,
1822 3683 1939 3725 non
1978 3661 2165 3725 audin.
2197 3661 2304 3726 nisi

300 3761 516 3838 fidem,
567 3773 629 3827 at
654 3765 701 3828 si
732 3785 848 3826 non
880 3764 1038 3827 aliud
1065 3773 1306 3848 praeter
1332 3763 1490 3828 illa-m
1520 3764 1659 3840 scis,
1717 3761 1858 3826 nihil
1887 3763 2029 3827 scis:
2076 3772 2139 3826 et
2167 3773 2306 3826 tunc

298 3863 546 3927 deduxi-t
587 3864 750 3928 illum
795 3864 869 3927 ad
902 3866 1205 3928 consocios
1243 3866 1302 3927 in
1330 3865 1596 3940 deserto,
1651 3865 1748 3929 ubi
1781 3886 1852 3928 ne
1896 3863 2128 3951 quidem
2173 3883 2306 3949 gra—

297 3985 443 4030 men
471 3974 630 4028 erat:
685 3976 919 4053 praeter
945 3965 1144 4054 plura,
1199 3987 1264 4027 n:
1315 3969 1485 4029 391.ι

193 4065 421 4132 XLVI.
477 4064 654 4145 Quod
699 4067 947 4134 viderim
991 4064 1619 4154 quinqueGymnasia
1665 4066 1830 4132 varia
1875 4065 2004 4128 luce
2057 4063 2307 4128 circum·

298 4169 531 4243 cincta,
598 4176 656 4231 et
699 4167 855 4255 quod
902 4188 1033 4231 cum
1078 4165 1274 4230 multis
1309 4166 1654 4229 intraverim
1692 4167 1751 4229 in
1793 4166 2088 4240 Primum,
2143 4163 2301 4249 quod

296 4269 496 4337 visum
524 4279 612 4334 est
638 4268 789 4334 sient
816 4268 876 4335 in
904 4268 1033 4336 lnce
1062 4266 1370 4342 {lanimem
1406 4274 1574 4331 erant
1601 4265 1681 4329 ibi
1708 4267 1903 4353 plnres
1931 4263 2307 4353 congregati;
