2750 4775
822 343 975 399 XIII.
1058 341 1409 397 SANCTA
1466 342 1781 400 COENA.
2248 356 2356 406 265

226 499 601 571 Dominum,
656 499 712 559 et
758 503 889 584 post
932 494 1090 559 hanc
1138 515 1209 558 ex
1260 503 1407 558 nutu
1452 493 1743 584 Principis
1780 519 1843 563 se
1868 518 2058 585 super
2101 498 2245 564 toris
2283 499 2358 563 ad
2466 577 2475 586 ῃ

225 620 510 664 mensam
557 604 983 684 reposuerunt;
1056 606 1114 658 et
1171 595 1314 658 dixit
1367 596 1654 681 Princeps
1707 595 1782 660 ad
1835 597 2036 662 decem
2079 597 2357 678 advenas,

224 698 596 765 discumbite
621 698 798 761 etiam
832 718 935 764 vos
967 716 1231 770 mecum,
1285 716 1423 760 ecce
1449 695 1528 757 ibi
1558 695 1725 761 sedes
1755 707 2015 771 vestrae;
2069 707 2128 761 et
2168 699 2359 764 discu-

225 800 536 870 buerunt;
591 806 649 863 et
676 798 847 862 aulici
879 796 1039 884 prius
1066 817 1099 859 a
1130 795 1406 884 Principe
1447 797 1603 861 missi
1644 798 1718 861 ad
1750 797 2199 862 ministrandum
2229 799 2361 876 illis,

226 900 563 966 adstabant
613 899 725 963 illis
773 920 806 962 a
854 902 1057 981 tergm
1126 907 1184 961 et
1227 906 1369 960 tunc
1416 897 1555 960 dixit
1606 897 1718 964 illis
1762 898 2081 986 Princeps,
2145 901 2358 963 sumite

225 1001 493 1090 quisque
524 999 798 1086 patellam
826 1019 895 1061 ex
929 999 1174 1064 orbibus
1215 998 1371 1073 suis,
1427 1006 1486 1060 et
1525 1006 1725 1085 postea
1766 997 2012 1085 quisque
2050 998 2357 1065 scutellam

227 1124 304 1167 ex
335 1100 699 1189 Pyramide;
756 1109 813 1163 et
844 1099 1290 1173 desumserunt,
1340 1106 1405 1163 et
1444 1115 1581 1161 ecce
1608 1098 1768 1163 illico
1796 1119 1988 1164 novae
2022 1100 2275 1185 patellae
2302 1110 2359 1164 et

226 1200 526 1267 scutellae
572 1200 706 1264 loco
754 1198 985 1262 illarum
1043 1199 1534 1285 superimpositae
1588 1199 1985 1286 apparebant;
2042 1221 2112 1264 ac
2158 1199 2358 1290 cyathi

230 1303 488 1368 illorum
516 1321 590 1364 ex
618 1300 781 1366 fonte
808 1299 1054 1364 saliente
1082 1320 1114 1361 e
1143 1318 1358 1384 magna
1389 1298 1708 1387 Pyramide
1752 1301 1893 1363 vino
1933 1300 2358 1386 implebantur;

230 1412 296 1468 et
330 1401 747 1488 comedebant.
817 1399 964 1465 Post
991 1399 1243 1463 mediam
1274 1393 1606 1464 satietatem
1638 1398 2057 1486 alloquebatur
2083 1401 2363 1490 Princeps

227 1504 448 1567 decem
479 1502 795 1575 Invitatus,
848 1509 906 1563 et
935 1499 1109 1576 dixit,
1159 1500 1362 1565 audivi
1392 1499 1550 1584 quod
1579 1500 1638 1562 in
1669 1509 1859 1577 terra,
1912 1522 2065 1587 quae
2108 1501 2217 1565 sub
2244 1499 2360 1566 hoc

231 1604 427 1669 Caelo
455 1612 564 1678 est,
600 1600 916 1665 convocati
944 1598 1173 1665 fueritis
1201 1601 1275 1664 ad
1304 1600 1687 1686 aperiendum
1719 1601 2107 1685 cogitationes
2134 1611 2361 1666 vestras

231 1706 313 1769 de
340 1702 591 1767 Gaudiis
626 1701 773 1765 caeli
800 1709 861 1765 et
888 1701 1024 1765 inde
1053 1700 1635 1765 Felicitate-aeterna
1654 1747 1670 1775 ,
1725 1711 1784 1765 et
1813 1701 1968 1787 quod
1999 1701 2361 1790 protuleritis

231 1805 376 1870 illas
411 1802 842 1879 diversimode,
891 1803 1140 1889 quisque
1176 1800 1501 1866 secundum
1545 1800 1803 1886 jucunda
1841 1823 2117 1866 sensuum
2149 1823 2360 1888 corpo·

231 1905 322 1970 ris
365 1904 492 1975 sui;
542 1903 646 1968 sed
690 1902 838 1988 quid
869 1903 1126 1989 jucunda
1171 1922 1448 1965 sensuum
1498 1901 1765 1988 corporis
1818 1902 2042 1988 absque
2087 1902 2359 1988 jucundis

236 2006 513 2081 animae,
568 2014 655 2067 est
687 2003 883 2068 anima
924 2025 1077 2090 quae
1117 2002 1403 2088 jucundat
1430 2001 1572 2077 illa,
1620 2001 1878 2087 jucunda
1920 2003 2153 2067 animae
2191 2003 2259 2065 in
2295 2021 2360 2066 se

237 2115 381 2170 sunt
412 2104 810 2171 beatitudines
833 2103 1359 2192 imperceptibiles,
1412 2101 1514 2165 sed
1543 2101 1689 2165 fiunt
1717 2102 1846 2188 plus
1872 2111 1931 2168 et
1960 2103 2088 2192 plus
2117 2123 2361 2193 percep-

239 2205 475 2282 tibiles,
529 2205 680 2270 sicut
718 2204 1081 2269 descendunt
1117 2202 1177 2266 in
1218 2201 1606 2288 cogitationes
1645 2203 1888 2280 mentis,
1944 2213 2001 2267 et
2042 2204 2119 2267 ab
2168 2204 2255 2268 bis
2298 2204 2356 2264 in

235 2307 610 2371 sensationes
661 2304 963 2391 corporis;
1044 2304 1103 2367 in
1160 2300 1617 2392 cogitationibus
1676 2303 1899 2368 'mentis
1953 2304 2355 2394 percipiuntur

240 2408 398 2471 sicut
441 2406 805 2482 faustitates,
856 2406 917 2468 in
962 2406 1400 2471 sensationibus
1445 2404 1709 2491 corporis
1747 2405 1897 2469 sicut
1941 2407 2356 2492 jucunditates,
2428 2392 2439 2403 ’

209 2515 314 2578 ,ει
339 2507 399 2568 in
428 2506 555 2591 ipso
581 2527 827 2594 corpore
854 2506 1004 2571 sicut
1038 2504 1400 2594 voluptatem
1451 2525 1519 2568 ex
1547 2504 1635 2569 his
1664 2515 1720 2568 et
1745 2506 1859 2571 illis
1887 2507 2058 2572 simul
2088 2517 2172 2573 est
2203 2507 2359 2572 Feli·

246 2606 402 2670 citas
441 2615 709 2679 aeterna;
762 2617 823 2671 at
868 2628 938 2671 ex
984 2606 1125 2671 solis
1171 2605 1598 2693 posterioribus
1642 2607 1739 2671 illa
1786 2606 2060 2674 Felicitas
2103 2630 2221 2672 non
2268 2615 2355 2671 est

239 2715 522 2783 aeterna,
566 2707 669 2773 sed
699 2704 1088 2794 temporaria,
1131 2727 1284 2793 qnae
1314 2705 1513 2770 linitur
1542 2714 1600 2770 et
1631 2707 1867 2782 transit,
1912 2717 1970 2771 et
1996 2708 2355 2794 quandoque

238 2805 309 2870 fit
350 2806 684 2875 infelicitas.
764 2807 1004 2873 Vidistis
1047 2828 1204 2871 nunc
1245 2806 1407 2895 quo'd
1447 2807 1644 2871 omnia
1687 2808 1899 2893 gaudia
1938 2819 2136 2872 vestra
2174 2806 2353 2868 etiam

233 2910 360 2972 sint
389 2909 604 2993 gaudia
648 2907 827 2984 caeli,
879 2918 940 2971 et
979 2908 1397 2973 excellentiora
1440 2929 1617 2995 qnam
1663 2928 1906 2993 usquam
1952 2908 2211 2991 cogitare
2252 2926 2356 2993 po·

236 3009 464 3086 tuistis,
515 3009 618 3073 sed
663 3029 847 3095 usque
893 3006 1040 3071 haec
1086 3029 1204 3071 non
1250 3009 1497 3072 interius
1537 3007 1797 3073 afficiunt
1840 3005 2066 3070 animos
2101 3013 2355 3069 nostros.

232 3109 393 3174 Sunt
422 3110 531 3174 tria
552 3158 569 3185 ,
626 3128 778 3195 quae
807 3116 872 3172 ut
903 3130 1084 3172 unum
1112 3107 1364 3172 influunt
1393 3128 1424 3170 a
1455 3108 1715 3171 Domino
1745 3108 1803 3168 in
1833 3104 2059 3170 animas
2087 3114 2353 3176 nostras;

232 3208 392 3273 baec
420 3210 531 3274 tria
562 3218 626 3272 ut
655 3230 869 3284 unum,
921 3229 1025 3273 seu
1053 3208 1172 3272 boc
1206 3209 1457 3281 trinum,
1510 3215 1643 3271 sunt
1674 3226 1879 3283 antor,
1925 3205 2244 3293 sapientia,
2297 3213 2355 3266 et

233 3330 412 3384 usus,
465 3318 525 3374 at
555 3330 722 3373 amor
749 3317 809 3370 et
846 3309 1132 3396 sapientia
1161 3330 1277 3372 non
1310 3308 1562 3371 esistunt
1592 3307 1699 3371 nisi
1728 3306 2027 3382 idealiter,
2080 3304 2218 3392 quia
2260 3326 2355 3369 so-

231 3410 363 3473 lum
392 3410 451 3472 in
477 3407 790 3479 affectione
820 3418 877 3472 et
908 3408 1530 3497 cogitationementis‚
1567 3408 1668 3471 sed
1700 3409 1759 3470 in
1788 3428 1894 3473 usu
1923 3405 2182 3481 realiter,
2214 3405 2353 3492 quia

229 3508 414 3574 simul
453 3510 512 3572 in
557 3519 692 3572 actu
734 3519 794 3573 et
835 3529 1015 3597 opere
1053 3511 1347 3597 corporis;
1405 3517 1461 3571 et
1508 3507 1607 3571 ubi
1648 3508 1887 3572 realiter
1932 3506 2220 3583 existunt,
2272 3506 2382 3571 ibi·

229 3609 419 3674 etiam
452 3609 808 3682 subsistunt;
864 3619 923 3673 et
964 3610 1103 3698 quia
1144 3631 1315 3674 amor
1355 3616 1416 3672 et
1453 3608 1741 3697 sapientia
1782 3608 2037 3674 existunt
2071 3615 2130 3672 et
2168 3606 2357 3673 subsi-

228 3719 402 3775 stunt
429 3710 489 3772 in
521 3732 661 3785 usu,
715 3720 803 3774 est
841 3733 980 3775 usus
1008 3710 1108 3797 qui
1138 3731 1245 3774 nos
1275 3709 1483 3785 afficit,
1522 3730 1593 3773 ac
1622 3731 1761 3774 usus
1788 3718 1877 3775 est
1911 3709 2192 3785 fideliter,
2236 3709 2354 3775 sin-

229 3830 374 3874 cere
403 3819 462 3873 et
486 3809 689 3874 sedule
717 3811 885 3876 obire
911 3831 1051 3874 suae
1078 3809 1397 3874 functionis
1422 3830 1635 3896 opera;
1689 3830 1860 3874 amor
1887 3832 2024 3875 usus
2044 3860 2057 3885 ‚
2115 3819 2173 3875 et
2217 3808 2352 3872 inde

226 3908 494 3976 studium
537 3911 596 3973 in
642 3933 789 3988 usu,
843 3913 1106 3975 continet
1147 3921 1405 3975 mentem
1436 3931 1510 3974 ne
1536 3910 1793 3985 diffluat,
1834 3920 1892 3979 et
1919 3896 1994 3975 ne
2023 3909 2353 3974 circumva-

225 4019 440 4098 genu,
522 4020 582 4073 et
633 4009 871 4077 hauriat
925 4030 1132 4076 omnes
1174 4010 1560 4098 cupiditates,
1632 4030 1786 4096 quae
1831 4030 1864 4074 e
1920 4030 2187 4097 corpore*
2216 4017 2276 4071 et
2320 4027 2352 4070 e

225 4109 461 4176 mundo
489 4128 595 4199 per
621 4133 827 4178 sensus
854 4133 987 4177 cum
1023 4110 1317 4176 illecebris
1341 4108 1632 4187 influunt,
1688 4130 1761 4174 ex
1799 4109 2015 4196 quibus
2045 4129 2185 4174 vera
2230 4107 2353 4171 Re-

228 4210 476 4298 ligionis
502 4220 562 4275 et
592 4232 733 4282 vera
766 4211 1126 4279 Moralitatis
1154 4230 1287 4275 cum
1317 4209 1437 4274 suis
1454 4209 1639 4279 ,bonis
1668 4207 2025 4294 dissipantur
2050 4206 2109 4269 in
2150 4225 2353 4269 omnes
