2750 4775
417 334 528 385 ⁵92
665 320 866 375 11le
903 320 1130 377 ERSA
1173 322 1710 378 'russohoeta
1754 323 1820 375 N.
1862 321 1929 375 C.
1968 321 2077 373 ET
2118 322 2185 375 N.
2228 322 2296 373 E.

521 475 756 541 illorum
805 474 1168 542 recondidit:
1233 484 1291 540 et
1332 474 1494 562 quod
1538 474 1714 539 iidem
1757 473 1839 541 illi
1891 494 2090 541 coram
2137 474 2429 542 caetibus
2470 478 2530 540 in

517 576 780 665 Templis
811 576 1117 665 proferant
1141 576 1363 642 sancta
1403 597 1476 641 ex
1500 576 1734 651 Verbo,
1784 597 2029 662 prorsus
2056 574 2210 641 sicut
2240 578 2378 653 alii,
2428 579 2529 644 sed

515 676 669 743 haec
695 699 768 743 ex
794 678 1000 768 Capite
1041 679 1264 765 majore
1303 686 1629 767 apparente
1666 678 1817 740 sicut
1853 675 2073 754 bomo,
2122 677 2223 743 eui
2262 687 2413 745 tunc
2446 681 2531 742 in·

518 788 744 846 certant
773 801 1058 867 parvum,
1112 789 1214 844 aut
1239 776 1356 843 boc
1384 778 1690 845 intrabunt
1714 780 1776 842 in
1816 799 2046 866 corpus.
2126 777 2311 858 Quod
2358 781 2527 845 iidem
2610 807 2623 813 ’

521 891 724 969 postea
752 881 864 947 visi
887 881 1002 947 sint
1031 880 1088 944 in
1117 886 1256 945 aere
1283 880 1340 942 in
1384 879 1623 967 navigio
1661 901 1795 944 cum
1834 887 2058 965 septem
2095 880 2245 944 velis
2273 882 2532 961 volante,

519 992 581 1045 et
619 982 701 1045 illi
726 982 874 1049 inibi
900 982 959 1045 in
989 981 1238 1057 laureis,
1289 982 1471 1067 inque
1509 981 1770 1045 vestibus
1806 979 2148 1067 purpureis,
2202 981 2534 1048 clamantes

519 1083 680 1172 quod
726 1085 842 1149 sint
887 1082 1096 1172 Capita
1142 1082 1471 1171 sapientum
1505 1104 1577 1146 ex
1620 1081 1785 1145 omni
1825 1080 2034 1155 Claro,
2100 1082 2203 1145 sed
2267 1083 2400 1148 visa
2440 1086 2529 1148 illa

521 1194 694 1251 erant
733 1186 1014 1270 imagines
1059 1183 1273 1258 fastus,
1325 1180 1692 1268 profluentes
1728 1203 1798 1251 ex
1848 1182 1993 1245 ideis
2030 1184 2249 1246 mentis
2290 1206 2533 1256 eorum

520 1294 580 1350 et
618 1306 751 1351 eum
790 1307 970 1374 super
997 1294 1155 1349 terra
1194 1293 1398 1361 erant,
1450 1283 1730 1371 loquutus
1766 1304 1897 1348 sum
1936 1302 2072 1346 cum
2116 1282 2231 1347 illis
2277 1286 2529 1372 primum

523 1408 596 1451 ex
623 1386 918 1462 Ratione,
971 1396 1028 1449 et
1068 1395 1268 1473 postea
1298 1406 1370 1450 ex
1396 1385 1702 1470 Scriptura
1728 1383 1945 1460 Sacra,
1993 1393 2055 1447 et
2094 1405 2199 1472 per
2228 1386 2408 1472 plura
2437 1389 2530 1452 de·

523 1488 881 1565 monstravi,
935 1488 1094 1576 quod
1123 1487 1222 1553 illa
1248 1508 1457 1554 eorum
1483 1486 1767 1551 Doctrina
1804 1494 1957 1551 esset
1999 1486 2238 1561 insana,
2295 1497 2360 1551 et
2403 1490 2529 1577 quia

523 1599 729 1653 eontra
754 1588 1121 1676 scripturam
1150 1609 1381 1653 sacram
1409 1608 1479 1653 ex
1506 1585 1779 1659 Inferum
1831 1586 1934 1651 sed
1961 1587 2339 1672 Argumenta
2360 1639 2380 1667 ,
2434 1613 2533 1678 per

523 1710 678 1777 quae
705 1689 1103 1754 demonstravi
1133 1689 1261 1763 illa,
1316 1699 1559 1778 propter
1588 1686 1981 1778 prolixitatem
2000 1736 2017 1763 ‚
2068 1684 2189 1752 buc
2219 1691 2530 1757 transferri

521 1810 643 1854 non
684 1800 957 1877 possunt,
1027 1812 1212 1878 quare
1252 1791 1568 1856 videantur
1617 1790 1677 1854 in
1716 1790 1843 1876 ipso
1884 1791 2344 1862 Mnuommm
2413 1803 2525 1877 tum

522 1892 683 1979 quod
709 1901 909 1980 postea
940 1892 1047 1957 visi
1075 1892 1191 1956 sint
1231 1892 1291 1955 in
1313 1890 1462 1959 loeo
1504 1913 1759 1957 arenoso
1786 1892 1847 1954 in
1892 1890 2152 1955 vestibus
2194 1912 2274 1954 ex
2318 1891 2531 1969 frustis,

523 2013 595 2057 ac
617 1992 796 2056 eineti
823 1993 1047 2058 retibus
1072 1994 1238 2079 quasi
1267 1992 1594 2082 piscatoriis
1619 1992 1837 2057 circum
1868 1991 2099 2056 lumbos
2115 2041 2131 2066 ,
2185 2002 2356 2057 trans
2382 2016 2530 2081 quae

523 2093 820 2159 nuditates
851 2093 1084 2159 illorum
1142 2095 1506 2181 apparebant
1524 2122 1545 2167 ¹;
1584 2103 1673 2158 fet
1718 2094 1953 2156 demum
2004 2092 2240 2157 demissi
2289 2105 2432 2159 sunt
2474 2098 2528 2159 in

524 2194 888 2269 societatem,
926 2214 1080 2280 quae
1108 2194 1165 2258 in
1193 2193 1453 2261 confinio
1480 2194 1555 2258 ad
1584 2193 2080 2261 Maebiavellistas
2108 2203 2216 2269 est,
2263 2216 2337 2258 n:
2387 2198 2526 2261 452.

425 2290 489 2353 L.
548 2292 724 2374 Quod
759 2305 1154 2360 convocatum
1182 2298 1256 2361 sit
1285 2296 1621 2370 comitium,
1673 2296 1833 2383 quod
1872 2296 2020 2360 sedit
2058 2296 2118 2358 in
2145 2297 2412 2386 Templo
2439 2320 2530 2361 ro·

527 2395 745 2470 tundo,
797 2395 857 2458 in
886 2420 1005 2484 quo
1032 2399 1106 2462 ad
1134 2400 1320 2464 latera
1350 2408 1523 2462 erant
1554 2397 1779 2464 Altaria
1801 2445 1818 2474 ,
1869 2398 2028 2484 juxta
2068 2418 2223 2484 quae
2264 2399 2527 2463 comitia·

523 2494 614 2560 les
630 2496 947 2573 sedebant,
997 2499 1101 2563 sed
1133 2521 1249 2563 non
1277 2508 1408 2570 erat
1450 2499 1531 2563 ibi
1560 2499 1824 2575 Primas,
1877 2519 2064 2583 quare
2088 2499 2449 2585 quisqueex
2471 2522 2528 2563 se

521 2596 715 2687 erupit
755 2598 817 2662 in
855 2599 1112 2664 medium
1152 2610 1210 2663 et
1239 2599 1610 2664 exclamabat
1641 2620 1815 2665 sensa
1842 2599 1934 2662 sui
1964 2599 2176 2672 animi;
2234 2602 2529 2688 etincep·

525 2710 619 2766 tus
662 2710 751 2765 est
797 2722 994 2766 sermo
1038 2701 1109 2765 de
1160 2701 1398 2766 [annno
1443 2698 1756 2766 Anm'rruo
1798 2720 1863 2764 m
1907 2700 2423 2776 Smmvnfflnus2
2474 2712 2527 2763 et

523 2803 773 2872 Primus
801 2824 1114 2891 erumpens
1143 2802 1453 2877 clamavit,
1509 2803 1666 2889 quod
1709 2795 1829 2867 non
1871 2801 1998 2889 plus
2038 2800 2243 2865 Liberi
2282 2802 2526 2867 Arbitrii

523 2903 727 2968 inillis
752 2914 905 2970 esset
930 2903 1154 2968 homini
1188 2923 1363 2990 quam
1404 2903 1577 2967 uxori
1607 2903 1740 2968 Loti
1784 2902 1925 2966 dnm
1968 2923 2141 2964 versa
2180 2912 2273 2968 est
2314 2905 2378 2967 in
2413 2914 2527 2968 sta·

522 3014 685 3070 tuam
735 3006 890 3074 salis.
984 3005 1344 3078 SECUNDUS,
1398 3004 1557 3091 quod
1605 3025 1722 3069 non
1768 3005 2126 3090 plusquam
2190 3004 2421 3069 bestiae
2471 3013 2547 3067 et-

525 3107 674 3172 cani.
754 3108 1063 3182 Terrrms,
1108 3105 1266 3193 quod
1297 3126 1419 3168 non
1446 3105 1576 3193 plus
1601 3127 1780 3191 quam
1809 3106 2037 3189 talpae,
2062 3114 2148 3168 ·et
2192 3126 2379 3191 quam
2423 3128 2525 3170 no·

526 3215 698 3271 ctuae
726 3208 785 3271 in
813 3209 943 3271 luce
972 3208 1103 3274 diei.
1158 3207 1482 3287 QUARTUS,
1524 3206 1698 3289 Quod
1725 3205 2027 3271 sihomini
2058 3204 2217 3270 foret
2245 3206 2525 3271 Liberum

525 3302 853 3372 Arbitrium
900 3309 957 3372 in
998 3306 1418 3396 spiritualibus.
1462 3305 1630 3374 fieret
1668 3307 2006 3382 maniacus,
2058 3315 2116 3369 et
2154 3307 2436 3374 crederet
2469 3328 2526 3372 se

527 3428 652 3474 esse
677 3410 826 3471 sicut
857 3407 1033 3481 Deus,
1061 3410 1157 3494 qui
1186 3408 1563 3494 semetipsum
1596 3409 1774 3494 possit
1803 3428 2159 3493 regenerare
2188 3417 2248 3472 et
2274 3409 2525 3475 salvare.

524 3506 776 3572 Sex‘rus
816 3497 977 3592 legit
1003 3530 1072 3572 ex
1115 3509 1304 3574 Libro.
1341 3509 1838 3594 Evangelicorum
1868 3509 2200 3573 «Formias
2252 3529 2528 3575 cormon-

524 3625 680 3675 ΜΔΕ
723 3618 968 3680 vocato,
1024 3608 1180 3693 quod
1211 3630 1328 3671 non
1363 3609 1492 3697 plus
1517 3610 1717 3674 Liberi
1743 3609 1991 3678 Athin-ii
2029 3610 2088 3671 in
2126 3609 2528 3694 spiritualibus

525 3707 747 3798 homini
776 3707 849 3770 sit
885 3728 1059 3793 quam
1105 3718 1314 3772 trunco
1354 3721 1413 3775 et
1455 3711 1660 3795 lapidi,
1714 3720 1773 3776 et
1801 3711 1958 3799 quod
1988 3732 2104 3773 non
2136 3711 2315 3797 possit
2344 3711 2527 3775 hilum

526 3810 600 3872 de
626 3807 738 3873 illis
766 3807 1140 3894 intelligere,
1181 3812 1480 3896 cogitare,
1535 3812 1715 3888 velle,
1762 3824 1825 3880 ,et
1857 3833 1929 3875 ne
1968 3810 2202 3896 quidem
2249 3813 2325 3875 ad
2367 3813 2528 3900 spiri-

527 3907 685 3976 tuale
731 3909 1130 3996 recipiendum
1176 3932 1239 3975 se
1282 3912 1582 3997 applicare
1632 3924 1692 3977 et
1738 3911 2221 3988 accommodare,
2293 3924 2531 4000 praeter

528 4012 729 4098 plura,
767 4010 855 4076 de
900 4011 1114 4100 quihus
1164 4033 1350 4099 supra
1388 4034 1460 4075 n:
1513 4016 1665 4077 464.
1753 4015 1897 4080 Post
1941 4013 2091 4078 haee
2143 4012 2341 4089 dieta,
2390 4014 2526 4079 date

528 4112 705 4175 etiam
736 4123 823 4177 est
851 4112 991 4177 mibi
1020 4115 1186 4202 copia
1216 4113 1529 4198 loquendi,
1581 4123 1640 4180 et
1666 4114 1948 4202 loquutus
1975 4114 2123 4191 dixi,
2172 4111 2528 4202 quid‘homo

447 4241 470 4259 2
507 4212 752 4299 absque
780 4209 998 4280 Libero
1027 4211 1273 4278 arbitrio
1303 4212 1361 4272 in
1389 4211 1788 4298 spiritualibus
1832 4214 1989 4279 aliud
2031 4233 2208 4301 quam
2256 4215 2526 4288 brutum3
