2750 4775
656 365 812 418 vm.
891 366 1298 422 LtssERUM
1362 365 1897 424 ARBl'rRlUM.
2272 379 2342 434 35

246 540 304 583 se
343 518 529 584 infert·
558 521 617 583 in
662 521 990 586 naturalem
1032 520 1365 597 bominem,
1417 530 1477 585 et
1516 520 1773 586 occludit
1808 522 1958 587 sicut
1986 521 2138 588 ostio
2175 522 2347 612 spiri-

248 621 494 694 tualem,
547 622 813 708 quivere
842 632 927 686 est
957 622 1230 687 internus
1254 621 1468 697 homo,
1521 630 1579 685 et
1622 623 1795 687 orbat
1837 621 1995 687 hunc
2031 625 2194 687 omni
2236 648 2345 713 po·

245 723 424 786 tentia
455 723 692 787 videndi
722 724 960 809 aliquod
986 744 1196 789 verum
1225 723 1285 785 in
1315 723 1480 796 luce,
1529 743 1715 809 quare
1745 729 1944 809 postea
1974 726 2045 788 de
2071 725 2343 813 spiritua·

244 820 403 888 libus
437 823 900 889 ratiocinaretur
933 846 1003 889 ex
1041 825 1168 889 solo
1214 823 1471 887 naturali
1512 823 1781 898 homine,
1848 826 1946 912 qui
1988 846 2161 889 omne
2203 847 2343 893 vere

238 924 541 1011 spirituale
584 925 745 991 videt
784 925 1032 990 inverse.
1101 925 1276 1007 Quod
1316 934 1515 988 autem
1557 932 1696 987 ante
1725 921 2063 989 Adventum
2104 926 2344 992 Domini

239 1022 396 1090 facta
434 1025 551 1090 sint
591 1027 913 1102 Miracula,
967 1026 1075 1091 fuit
1116 1048 1324 1101 causa,
1380 1027 1517 1113 quia
1559 1034 1702 1089 tunc
1743 1025 2014 1094 homines
2046 1025 2344 1092 Ecclesiae

237 1137 412 1192 erant
454 1127 789 1204 naturales,
841 1128 1054 1213 quibus
1086 1127 1444 1213 spiritualia,
1498 1147 1650 1216 quae
1676 1135 1814 1191 suut
1843 1126 2109 1192 internae
2137 1126 2344 1194 Eccle-

235 1228 393 1305 siae,
445 1249 565 1291 non
611 1237 930 1314 potuerunt
971 1230 1215 1316 aperiri,
1272 1221 1410 1291 na'm
1456 1228 1504 1293 si
1546 1228 1955 1314 aperirentur,
2006 1226 2341 1316 prophana·

239 1329 465 1394 vissent
497 1329 625 1404 illa;
682 1352 868 1417 quare
915 1330 1091 1394 etiam
1136 1329 1325 1393 omnis
1356 1329 1562 1394 Cultus
1602 1329 1840 1393 illorum
1884 1329 2242 1395 consistebat
2282 1332 2343 1395 in

239 1429 619 1507 Ritualibus,
715 1453 866 1518 quae
937 1430 1465 1518 repraesentabant
1521 1439 1582 1494 et
1635 1428 2050 1516 significabant
2110 1431 2344 1497 interna

241 1530 572 1607 Ecclesiae,
625 1542 684 1595 et
727 1532 784 1595 hi
833 1554 950 1596 non
1000 1539 1319 1620 potuerunt
1363 1531 1576 1596 adduci
1625 1531 1698 1596 ad
1745 1529 1844 1595 illa
1895 1530 2008 1595 rite
2049 1530 2342 1620 obeunda,

238 1655 418 1717 quam
461 1655 564 1721 per
604 1633 925 1705 Miracula}
980 1641 1037 1697 et
1085 1632 1242 1720 quod
1289 1654 1365 1696 ne
1403 1631 1639 1719 quidem
1681 1654 1788 1720 per
1831 1632 2149 1710 miracula,
2202 1633 2341 1719 quia

236 1735 759 1824 repraesentativis
797 1733 908 1799 illis
954 1734 1145 1798 inerat
1189 1733 1486 1805 internum
1525 1733 1866 1819 spirituale,
1935 1741 2098 1820 patet
2136 1754 2171 1797 a
2212 1731 2346 1800 filiis

237 1832 472 1901 Israelis
497 1836 559 1898 in
577 1835 843 1910 deserto,
882 1837 982 1923 qui
1012 1834 1244 1899 tametsi
1268 1844 1359 1899 tot
1390 1835 1679 1899 Miracula
1714 1835 1989 1899 viderunt
2012 1833 2073 1896 in
2099 1829 2345 1926 Aegyp-

234 1944 332 2011 to,
385 1948 444 2001 et
482 1946 685 2024 postea
734 1938 1047 1999 maximum
1092 1934 1238 1998 illud
1276 1956 1455 2021 super
1482 1936 1689 2000 Monte
1729 1936 1928 2011 Sinai,
1980 1956 2166 2023 usque
2210 1946 2344 2024 post

236 2059 519 2102 mensem·
555 2039 782 2101 dierum
830 2038 1073 2100 absente
1116 2036 1316 2110 Mose,
1348 2043 1353 2048 “
1386 2034 1756 2099 saltaverunt
1799 2038 2020 2100 circum
2075 2036 2339 2101 Vitulum

234 2160 522 2211 aureum,
590 2160 664 2200 ac
724 2137 1029 2203 vociferati
1074 2135 1230 2221 quod
1283 2135 1382 2200 ille
1427 2137 1693 2199 eduxerit
1742 2137 1871 2201 illos
1916 2158 1987 2201 ex
2033 2135 2338 2228 Aegypt03

238 2239 566 2303 consimilia
604 2237 759 2302 facta
786 2249 922 2300 sunt
951 2235 1027 2301 ab
1054 2233 1166 2299 itlis
1192 2236 1252 2297 in
1280 2245 1438 2300 terra
1467 2235 1741 2312 Canaan,
1791 2238 2022 2304 tametsi
2062 2240 2343 2305 viderunt

239 2338 590 2407 excellentia
647 2336 926 2401 miracula
981 2333 1314 2423 perlEliam
1356 2347 1416 2400 et
1445 2336 1738 2403 Elisaeum
1775 2339 1961 2416 facta,
2014 2349 2073 2405 et
2101 2341 2339 2408 demum

241 2441 373 2527 ipsa
417 2441 630 2505 Divina
679 2462 712 2503 a
758 2436 1029 2503 Domino.
1103 2439 1391 2507 Miracula
1439 2458 1556 2503 non
1602 2439 1748 2505 fiunt
1793 2439 2000 2518 hodie,
2056 2443 2340 2530 imprimis

240 2546 487 2627 propter
508 2541 676 2605 banc
714 2561 984 2616 causam,
1040 2540 1174 2626 quia
1203 2539 1464 2604 Ecclesia
1505 2563 1679 2603 omne
1708 2542 1986 2606 Liberum
2029 2544 2338 2609 arbitrium

235 2643 465 2707 homini
508 2643 830 2730 adempsit,
883 2652 941 2705 et
985 2641 1096 2707 boc
1137 2641 1424 2727 adempsit
1463 2663 1566 2728 per
1601 2643 1748 2718 boc,
1802 2644 1961 2732 quod
2001 2645 2341 2723 sanciverit,

236 2746 402 2831 quod
432 2743 613 2808 horno
644 2734 882 2830 prorsus
910 2742 1053 2805 nihil
1082 2742 1355 2806 conferre
1383 2744 1557 2833 possit
1586 2748 1659 2808 ad
1699 2746 2104 2832 accipiendum
2144 2743 2341 2824 fidem,

230 2864 349 2909 ¹nec
390 2847 705 2933 quicquam
741 2845 816 2909 ad
860 2842 1344 2919 conversionem,
1395 2855 1452 2907 et
1486 2846 1544 2905 in
1576 2864 1794 2933 genere
1821 2847 1895 2910 ad
1921 2847 2201 2924 salutem,
2254 2847 2343 2915 vi·

232 2942 452 3011 deatur
492 2967 699 3033 supra,
755 2968 822 3008 n:
857 2950 1020 3018 464;
1076 2942 1255 3011 homo
1284 2944 1385 3030 qui
1425 2944 1573 3010 haec
1599 2947 1821 3020 credit,
1873 2945 1937 3010 fit
1965 2949 2094 3036 plus
2118 2957 2179 3011 et
2207 2948 2338 3038 plus

228 3047 554 3124 naturalis,
605 3056 664 3110 et
701 3046 988 3111 naturalis
1023 3045 1235 3122 homo,
1291 3056 1553 3131 utsupra
1592 3048 1810 3112 dictum
1842 3059 1958 3126 est,
2010 3070 2186 3113 omne
2222 3049 2339 3136 spi-

224 3149 448 3214 rituale
492 3157 716 3236 spectat
760 3148 1031 3221 inverse,
1095 3158 1155 3211 et·
1197 3146 1331 3209 inde
1389 3147 1612 3231 cogitat
1665 3158 1869 3212 contra
1913 3150 2086 3220 illud;
2142 3146 2335 3236 Regio

222 3250 509 3339 superior
551 3250 760 3312 mentis
799 3247 1080 3323 hominis,
1134 3248 1234 3311 ubi
1263 3246 1543 3310 Liberum
1576 3248 1884 3311 arbitrium
1926 3251 1988 3314 in
2022 3249 2339 3338 spirituali-

226 3352 341 3416 bus
395 3350 676 3437 primario
715 3349 960 3426 residet,
1010 3347 1456 3424 occluderetur,
1521 3361 1580 3410 et
1618 3348 1983 3435 spiritualia,
2041 3371 2192 3437 quae
2233 3372 2338 3438 per

224 3451 523 3517 miracula
553 3450 718 3537 quasi
745 3449 1093 3515 confirmata
1126 3458 1294 3524 sunt,
1347 3450 1677 3537 Regionem
1718 3449 2055 3515 inferiorem
2104 3453 2335 3532 mentis,

225 3575 391 3641 quae
433 3572 592 3617 mere
638 3552 922 3617 naturalis
958 3561 1077 3627 est,
1129 3562 1507 3637 occuparent,
1561 3552 2004 3619 remanentibus
2034 3555 2118 3619 sic
2153 3575 2331 3643 supra

220 3654 388 3719 hanc
429 3653 592 3718 falsis
630 3652 701 3716 de
741 3651 885 3729 lide,
951 3650 1337 3717 conversione
1378 3661 1436 3715 et
1474 3651 1695 3728 salute,
1747 3654 1883 3718 inde
1922 3653 2120 3733 fieret,
2172 3657 2332 3742 quod

220 3755 497 3820 Satanae·
520 3754 855 3821 habitarent
886 3744 1101 3839 supra,
1153 3773 1223 3816 ac
1250 3752 1464 3836 Angeli
1500 3753 1691 3831 infra,
1743 3756 1892 3819 sicut
1932 3757 2197 3822 vultures
2234 3780 2333 3823 su-

226 3878 337 3943 per
371 3854 633 3942 gallinis,
685 3855 819 3917 inde
860 3864 989 3940 post
1031 3848 1540 3940 aliquod‘t'empus
1573 3865 1815 3945 satanae
1855 3867 2199 3945 rumperent
2237 3880 2333 3927 re-

226 3957 548 4044 pagulum,
601 3960 659 4018 et
699 3977 831 4019 cum
861 3953 1062 4019 surore
1089 3964 1472 4041 erumperent
1500 3956 1560 4019 in
1586 3957 1944 4045 spiritualia,
1998 3979 2150 4046 quae
2176 3957 2333 4022 infra

224 4057 425 4122 locum
471 4057 679 4130 sortita
723 4064 893 4131 sunt,
967 4064 1026 4119 et
1072 4055 1171 4119 illa
1228 4077 1348 4118 uon
1395 4055 1573 4121 modo
1619 4051 1940 4144 negarent,
2008 4059 2110 4122 sed
2155 4056 2331 4122 etiam

223 4158 714 4247 blasphemarent
754 4165 829 4221 et.
855 4155 1325 4245 prophanarent;
1392 4157 1527 4220 inde
1578 4179 1706 4223 sors
1747 4157 2001 4221 bominis
2042 4157 2335 4242 posterior

229 4261 415 4326 multo
455 4260 624 4346 pejor
663 4257 843 4344 priori
884 4256 1068 4322 fieret.
1702 4326 1710 4336 ,
1798 4351 1849 4415 c
1873 4349 1914 4389 ¹*
