2750 4775
482 377 592 424 2⁰⁰
724 361 1183 416 UNIVERSA
1229 360 1764 414 THEOLOGIA
1810 362 1877 414 N.
1918 360 1984 415 C.
2028 360 2132 412 ET
2173 360 2237 412 N.
2277 360 2340 415 E.

480 527 758 582 externus
784 515 966 581 homo
990 517 1215 601 absque
1240 511 1356 579 fide
1386 515 1445 579 in
1473 511 1803 592 Christum,
1853 537 1974 580 non
2005 523 2193 602 potest
2230 512 2353 577 fieri
2386 514 2538 577 inter·

480 639 622 692 πως
674 616 832 705 quod
861 616 943 681 illi
970 617 1070 704 qui
1099 614 1376 705 baptizati
1405 625 1544 683 sunt
1572 616 1925 703 baptismate
1951 614 2246 680 Johannis
2283 613 2413 679 facti
2446 614 2541 679 sint

478 719 695 784 interni
721 717 1020 794 homines,
1070 716 1212 781 dum
1243 726 1594 806 receperunt
1633 715 1808 781 fidem
1851 718 1916 781 in
1952 717 2248 782 Christum
2268 767 2285 793 ‚
2335 726 2391 781 et
2425 726 2542 779 tunc

477 820 758 911 huptizati
785 819 845 884 in
875 818 1133 886 Nomine
1160 818 1339 894 Jesu.
1396 818 1667 885 videatur
1693 819 1751 883 in
1777 815 1943 885 Actis
1967 816 2185 907 Apost:
2227 817 2365 907 Cap.
2392 815 2542 882 XIXz

485 925 522 985 8
566 922 641 988 ad
688 927 744 986 6.

635 1025 778 1087 0⁹1.
858 1021 1016 1087 Dixit
1059 1021 1258 1085 Moses
1301 1020 1375 1085 ad
1421 1019 1758 1097 Jehovam,
1813 1020 2078 1089 Ostende
2130 1019 2281 1086 mihi
2320 1018 2543 1111 gioriam

483 1141 649 1192 tuam
664 1172 681 1200 ,
732 1127 833 1189 cui
852 1123 1014 1190 dixit
1039 1119 1317 1188 Jehovah
1331 1172 1346 1197 ‚
1401 1145 1524 1186 non
1542 1136 1721 1216 potes
1744 1122 1958 1189 videre
1958 1119 2177 1211 facies
2202 1145 2383 1196 meas,
2429 1122 2546 1211 quia

483 1250 608 1291 non
633 1223 861 1292 videbit
887 1225 999 1291 Me
1023 1222 1203 1289 homo
1225 1236 1283 1287 et
1311 1226 1506 1295 υἰνεις
1556 1235 1614 1288 et
1641 1222 1823 1300 dixit,
1859 1247 1992 1289 ecce
2019 1223 2219 1289 locum
2257 1224 2360 1291 uhi
2385 1220 2547 1286 stabis

483 1332 547 1393 in
565 1340 774 1422 petra,
825 1340 882 1392 et
900 1349 1127 1420 ponam
1156 1337 1212 1389 te
1236 1320 1625 1412 infir-amine
1642 1340 1883 1419 petrae,
1930 1339 1988 1391 et
2027 1326 2305 1416 obtegam
2341 1345 2545 1389 manum

484 1451 675 1495 meam
724 1451 908 1523 super
948 1442 1036 1504 te,
1096 1443 1290 1519 ‘usque
1338 1424 1482 1491 dum
1516 1431 1945 1518 praeterivem,
1996 1440 2054 1491 et
2094 1426 2244 1493 dum
2287 1445 2549 1490 removero

483 1553 727 1596 manum
766 1553 956 1595 meam
973 1575 992 1603 ,
1043 1526 1286 1594 videbis·
1317 1531 1661 1620 posteriora
1697 1551 1859 1603 mea,
1908 1541 1973 1592 at
1987 1524 2208 1616 facies
2255 1548 2414 1593 meae
2448 1547 2548 1590 noa

482 1630 883 1707 videhmetur,
932 1629 1118 1695 Exod.
1161 1628 1461 1694 XXXIII:
1507 1633 1589 1693 18
1633 1629 1706 1693 ad
1741 1634 1845 1694 23.
1923 1628 2146 1704 Causa,
2201 1628 2360 1716 quod
2400 1626 2546 1689 homo

481 1754 605 1798 non
648 1733 827 1821 possit
873 1731 1074 1795 videre
1120 1731 1308 1796 Deum
1352 1740 1413 1794 et
1457 1729 1693 1806 vivere,
1746 1739 1866 1806 est,
1932 1730 2070 1818 quia
2110 1731 2283 1797 Deus
2320 1736 2403 1793 est
2440 1726 2549 1813 lpse

485 1827 700 1910 Amor,
750 1843 812 1896 et
846 1834 968 1920 ipse
1013 1829 1197 1897 Amor
1240 1852 1343 1897 seu
1390 1830 1644 1897 Divinus
1684 1833 1872 1897 Amor
1915 1832 1977 1894 in
2022 1831 2257 1899 Mundo
2302 1827 2551 1917 spirituali

487 1955 690 2000 coram
715 1932 958 2020 Angelis
980 1941 1229 2019 apparet
1261 1943 1327 1996 nt
1348 1931 1485 2009 sol,
1537 1932 1760 1997 distans
1795 1932 1873 1996 ab
1914 1932 2026 1996 illis
2062 1931 2218 1998 sicut
2258 1933 2361 1997 Sol
2397 1927 2549 1994 nostri

481 2033 686 2100 mundi
712 2034 885 2099 distat
915 2032 991 2097 ab
1017 2030 1384 2108 hominibus,
1427 2054 1611 2119 quare
1637 2034 1684 2098 si
1711 2034 1905 2110 Deus,
1957 2032 2057 2122 qui
2096 2034 2158 2097 in
2200 2034 2391 2098 medio
2426 2031 2551 2095 illius

483 2137 640 2202 Solis
663 2144 784 2212 est,
837 2154 1020 2221 prope
1053 2134 1554 2223 appropinquaret
1585 2134 1659 2199 ad
1701 2133 1993 2221 Angelos3
2041 2134 2106 2199 hi
2149 2136 2409 2223 perirent
2430 2132 2552 2197 sicut

484 2236 758 2302 homines
781 2234 829 2300 si
856 2234 961 2299 Sol
987 2234 1185 2298 mundi
1213 2235 1715 2323 appropinquaret
1752 2236 1826 2301 ad
1865 2236 2029 2311 illos,
2079 2245 2169 2301 est
2214 2238 2367 2302 enim
2396 2250 2552 2317 aeque

491 2337 739 2411 ardens;
764 2385 769 2393 ‚
793 2344 1152 2426 quapropter
1179 2346 1499 2425 perpetuae
1524 2346 1957 2428 temperaturae
1994 2347 2161 2414 sunt,
2216 2360 2369 2428 quae
2398 2332 2550 2400 modi-

488 2439 671 2504 ficant
696 2446 755 2501 et
782 2438 1165 2502 moderantur
1191 2438 1464 2505 ardorem
1496 2439 1715 2504 amoris
1741 2440 1937 2516 istius,
1989 2459 2063 2503 ne
2101 2438 2319 2505 influat
2343 2438 2477 2503 sicut
2506 2434 2553 2497 in

489 2562 554 2605 se
611 2548 699 2602 est
742 2537 803 2602 in
847 2539 1123 2614 Caelum,
1192 2540 1327 2604 inde
1375 2539 1532 2604 enim
1581 2549 2067 2606 consumerentur
2123 2539 2372 2627 Angeli3
2439 2556 2553 2624 qna·
2643 2564 2646 2567 ·

489 2648 730 2729 propter
770 2661 902 2703 cum
929 2640 1220 2705 Dominus
1256 2663 1319 2706 se
1356 2640 1506 2706 sistit
1547 2642 2008 2730 praesentiorem
2050 2643 2111 2705 in
2154 2642 2373 2716 Caelo,
2421 2635 2553 2723 impii

494 2741 594 2827 qui
621 2741 731 2806 sub
759 2742 922 2806 caelo
949 2751 1118 2817 sunt,
1168 2741 1452 2829 incipiunt
1480 2744 1819 2818 lamentari,
1870 2744 2122 2808 cruciari
2150 2752 2210 2807 et
2248 2736 2556 2810 exanimari,

488 2864 671 2930 quare
702 2841 1008 2930 aufugiunt
1036 2845 1095 2906 in
1130 2844 1441 2930 speluncas
1467 2854 1526 2908 et
1552 2844 1611 2907 in
1641 2842 1873 2908 fissuras
1901 2847 2221 2920 montium,
2255 2845 2554 2908 'clamantes

488 2942 681 3009 cadite
707 2968 883 3034 super
914 2966 1057 3018 nos,
1108 2955 1167 3008 et
1206 2943 1551 3010 abscondite
1589 2966 1699 3010 nos
1729 2966 1762 3009 a
1802 2943 2066 3011 faciebus
2101 2944 2376 3010 Sedentis
2409 2958 2554 3028 supet

487 3045 766 3125 Throno,
812 3044 995 3135 Apoc.
1037 3043 1153 3111 vl:
1205 3049 1302 3109 16.
1378 3044 1656 3131 Esaj.11=
1703 3048 1801 3109 19.
1834 3050 1950 3109 21:
1992 3046 2120 3135 lpse
2145 3047 2434 3112 Dominus
2456 3058 2553 3105 non

490 3146 820 3224 descendit,
871 3148 973 3213 sed
1000 3144 1263 3230 Angelus
1305 3168 1436 3211 cum
1472 3145 1723 3234 sphaera
1761 3147 1981 3214 amoris
2006 3171 2041 3212 a
2069 3148 2328 3214 Domino
2365 3146 2554 3209 circum

485 3270 581 3312 se:
629 3249 940 3339 aliquoties
967 3247 1086 3313 vidi
1110 3248 1318 3335 impios
1346 3267 1418 3311 ex
1444 3247 1725 3312 descensu
1751 3247 1854 3311 illo
1883 3247 2186 3324 terrelieri,
2225 3250 2377 3314 sicut
2401 3246 2554 3334 ipsam

489 3361 740 3416 mortem
771 3350 1040 3417 viderent
1066 3356 1203 3412 ante
1230 3348 1433 3412 oculos
1458 3368 1624 3424 suos,
1669 3348 1953 3432 quosdam
1994 3350 2093 3436 qui
2129 3372 2191 3415 se
2238 3345 2556 3438 praecipita·

493 3460 626 3517 rent
669 3451 728 3515 in
774 3450 1066 3515 infernum
1096 3448 1443 3535 profundius
1470 3460 1528 3512 et
1572 3448 1953 3537 profundius,
2004 3460 2061 3516 et
2091 3452 2377 3537 quosdam
2421 3455 2556 3512 actos

484 3548 549 3615 in
574 3550 776 3617 furias.
844 3549 990 3614 Inde
1017 3557 1176 3622 erat,
1213 3550 1370 3635 quod
1402 3550 1500 3615 filii
1527 3550 1761 3616 Israelis
1788 3572 1893 3636 per
1917 3549 2067 3617 Tres
2099 3552 2222 3631 dies
2250 3574 2316 3617 se
2342 3565 2558 3639 praepa·

488 3660 691 3715 tarent
734 3659 873 3715 ante
917 3649 1256 3715 descensum
1294 3651 1567 3716 Jehovae
1598 3652 1836 3717 Domini
1878 3673 2055 3738 super
2099 3664 2357 3717 montem
2399 3645 2555 3719 sinai,

494 3761 555 3814 et
574 3750 739 3839 quod
768 3751 942 3814 Mons
969 3750 1508 3840 circumsepiretur‚
1562 3775 1636 3815 ne
1664 3754 1793 3839 quis
1821 3753 2126 3819 accederet
2154 3764 2214 3817 et
2238 3757 2557 3819 moreretur,

489 3849 678 3917 Exod.
720 3850 881 3916 XIX.
960 3850 1162 3915 Simile
1206 3863 1336 3917 erat
1380 3876 1512 3918 rum
1556 3854 1883 3919 Sanctitate
1925 3852 2196 3919 Jehovae
2241 3850 2471 3919 Domini
2505 3845 2552 3907 in

490 3950 798 4040 Decalogo
849 3961 990 4017 tnnc
1039 3953 1446 4040 promulgato,
1513 3965 1573 4018 et
1616 3954 1764 4020 binis
1807 3955 2055 4020 Tabulis
2099 3956 2281 4042 digito
2334 3953 2442 4019 Dei
2487 3948 2555 4010 in·

486 4054 740 4141 scripto,
792 4061 849 4119 et
879 4054 1087 4120 deinde
1113 4053 1172 4119 in
1201 4052 1357 4123 Arca
1386 4055 1677 4144 reposito;
1729 4077 1904 4144 super
1939 4077 2055 4143 qua
2083 4056 2144 4119 in
2168 4044 2553 4123 Tabernaculo

490 4150 974 4244 propitiatorium
1004 4158 1258 4222 locatum
1290 4165 1406 4231 est,
1458 4166 1515 4220 et
1542 4176 1720 4243 super
1743 4156 1857 4221 hoc
1877 4157 2174 4233 Cherubi,
2222 4179 2296 4222 ne
2323 4155 2446 4244 quis
2466 4152 2551 4214 im·

491 4254 739 4322 mediate
765 4255 1348 4324 Sanctitatem‘illam
1383 4276 1560 4319 manu
1592 4265 1692 4321 aut
1732 4257 1902 4322 oculo
1942 4267 2237 4347 tangeret;
2296 4259 2365 4324 ad
2404 4267 2549 4344 qnam
