2750 4775
702 323 860 382 vni.
938 321 1349 378 munuum
1406 321 1938 378 mmmmm
2305 279 2376 385 ω’

438 479 588 541 505.
641 476 946 544 Teanum
971 473 1434 542 Memoriana:
1488 476 1804 558 Quondam
1840 476 2040 542 audivi
2066 477 2377 544 stridorem

279 577 433 643 sicut
476 578 728 642 duorum
771 577 1027 664 lapidum
1071 578 1382 642 molarium
1412 576 1812 643 collidentium
1838 577 1993 642 inter
2015 599 2109 651 se;
2162 567 2381 646 accessi

281 678 361 745 ad
400 701 644 754 sonum,
697 690 758 744 et
806 679 1230 754 evanescebat,
1282 687 1345 741 et
1372 678 1491 743 vidi
1533 689 1843 766 angustam
1878 687 2105 767 portam
2132 681 2379 745 tenden-

279 790 402 845 tem
444 779 684 868 oblique
723 780 995 844 deorsum
1039 781 1115 846 ad
1142 780 1440 866 quandam
1468 779 1708 846 domum
1745 780 2112 855 lacunatam,
2176 780 2234 842 in
2262 801 2377 868 qua

277 889 454 945 erant
494 880 693 968 plures
719 881 1007 946 Gamerae
1026 928 1043 955 ,
1085 881 1146 944 in
1174 882 1394 966 quibus
1421 880 1699 958 cellulae,
1745 880 1804 950 in
1840 901 2086 967 quarum
2111 901 2379 967 unaqua-

278 982 373 1048 vis
404 982 695 1047 sedebant
734 983 886 1058 duo,
941 981 1042 1069 qui
1080 1004 1152 1046 ex
1178 982 1382 1046 Verbo
1428 981 1786 1068 colligebant
1825 978 2231 1045 confirmantia
2272 1003 2380 1069 pro

274 1082 695 1166 justificatione
726 1105 829 1171 per
855 1082 1041 1148 solam
1068 1082 1243 1148 fidem
1261 1132 1282 1158 ,
1333 1103 1484 1147 unus
1510 1082 1859 1168 colligebat,
1903 1091 1962 1145 et
1989 1081 2140 1146 alter
2161 1082 2384 1148 scribe-

280 1186 419 1258 bat,
472 1193 532 1248 et
564 1183 684 1250 ‘hoc
725 1184 985 1250 alteruis.
1052 1182 1285 1250 Accessi
1327 1183 1402 1248 ad
1442 1205 1618 1248 unam
1649 1181 1968 1258 Cellnlam,
2018 1203 2170 1269 quae
2199 1204 2383 1270 prope

277 1286 495 1352 ostium
523 1296 684 1361 erat,
736 1295 796 1350 et
823 1283 1120 1373 quaesivi,
1172 1285 1313 1372 quid
1354 1308 1463 1350 vos
1508 1285 1777 1370 colligitis
1810 1295 1871 1351 et
1894 1283 2181 1355 sc1·ibitis;
2225 1284 2383 1348 dice·-

277 1387 455 1464 bant,
508 1386 582 1454 de
609 1385 783 1453 Acro
820 1388 1362 1456 Jusnrtcs‘noms
1397 1408 1500 1453 seu
1539 1386 1613 1450 de
1658 1387 1819 1452 an
1855 1403 2049 1460 Acro,
2103 1406 2252 1472 quae
2293 1393 2380 1451 est

272 1487 404 1577 ipsa
432 1488 607 1553 Fides
634 1487 986 1575 justificans,
1039 1485 1347 1552 vivificans
1372 1496 1432 1551 et
1455 1488 1726 1556 salvans;
1779 1497 1839 1550 et
1866 1486 2059 1572 Caput
2086 1485 2385 1550 doctrina-

274 1609 413 1653 rum
453 1589 751 1653 Ecclesiae
795 1591 854 1652 in
898 1598 1100 1656 nostro
1144 1587 1623 1659 Christianismum
1677 1598 1736 1651 et
1783 1598 1925 1652 tunc
1966 1587 2082 1650 dixi
2122 1586 2238 1663 illi,
2289 1588 2385 1650 dic

277 1690 421 1758 mihi
459 1690 699 1776 aliquod
736 1691 967 1777 signum
1008 1690 1163 1755 illius
1185 1689 1404 1765 Actus,
1453 1689 1695 1777 quando
1723 1689 1900 1754 Fides
1937 1686 2036 1751 illa
2077 1689 2136 1751 in
2168 1711 2271 1753 cor
2309 1710 2382 1752 ac

184 1849 201 1855 -
268 1791 337 1858 in
379 1793 634 1856 animam
687 1791 937 1857 hominis
982 1790 1265 1864 infertum
1333 1791 1667 1880 respondit,
1728 1790 1964 1877 signum
2004 1788 2190 1855 Actus
2227 1790 2384 1855 illius

270 1902 367 1957 est
392 1893 449 1956 in
472 1903 779 1960 momento
797 1941 812 1967 ,
866 1914 998 1962 cum
1025 1892 1204 1956 homo
1232 1892 1491 1978 percitus
1516 1890 1720 1956 dolore
1749 1890 1910 1979 quod
1938 1890 2251 1956 damnatus
2285 1891 2381 1967 sit,

273 2003 336 2058 et
365 2016 495 2058 cum
526 1994 583 2056 in
613 1994 968 2057 contritione
995 1993 1092 2056 illa
1124 2001 1247 2067 est,
1297 1993 1517 2077 cogitat
1544 1992 1613 2056 de
1640 1990 1908 2068 Christo,
1950 1991 2108 2078 quod
2138 1992 2381 2056 damna-

273 2093 498 2166 tionem
528 2094 701 2180 Legis
726 2093 1067 2174 abstulerit,
1117 2100 1176 2155 et
1201 2090 1318 2157 hoc
1345 2092 1622 2155 meritum
1647 2092 1835 2178 Ipsius
1872 2114 2003 2157 cum
2030 2091 2248 2162 fiducia
2275 2114 2382 2181 ap-

278 2191 625 2281 prehendit,
693 2204 750 2257 et
789 2214 922 2257 cum
973 2192 1088 2256 hoc
1129 2193 1191 2255 in
1242 2192 1600 2279 cogitatione
1645 2194 1768 2257 adit
1805 2194 2000 2258 Deum
2039 2193 2278 2259 Patrem
2320 2204 2380 2260 et

281 2303 447 2357 orat:
500 2304 642 2358 tunc
675 2293 823 2368 dixi,
874 2295 939 2357 fit
968 2294 1047 2358 ita
1076 2301 1276 2371 actus,
1327 2302 1386 2356 et
1413 2303 1501 2358 est
1526 2292 1639 2358 hoc
1665 2300 2060 2364 momentum:
2113 2304 2171 2359 et
2197 2317 2376 2382 quae·

279 2383 432 2471 siri,
503 2396 803 2482 quomodo
865 2394 1396 2481 comprehendam,
1462 2396 1619 2483 quod
1679 2396 1890 2461 dicitur
1934 2396 2006 2460 de
2052 2395 2164 2461 hoc
2202 2393 2377 2475 Actu,

276 2497 437 2584 quod
478 2484 575 2561 ad*
596 2495 759 2560 illum
800 2518 920 2560 non
953 2507 1267 2562 concurrat
1294 2496 1516 2584 aliquid
1542 2496 1823 2574 hominis,
1876 2497 2005 2586 plus
2031 2517 2207 2585 quam
2237 2520 2377 2565 con-

273 2607 506 2675 curret,
556 2598 606 2663 si
648 2596 804 2662 foret
841 2598 1019 2685 stipes
1060 2607 1162 2663 aut
1200 2597 1378 2687 lapis,
1441 2608 1503 2662 et
1545 2598 1706 2687 quod
1742 2599 1924 2664 homo
1964 2599 2163 2686 quoad
2209 2600 2374 2665 illum

270 2695 485 2764 Actum
515 2698 658 2762 nihil
687 2701 871 2787 possit
893 2697 1208 2776 inchoare,
1250 2699 1437 2775 velle,
1480 2700 1843 2787 intelligere,
1896 2701 2193 2786 cogitare,
2234 2721 2375 2788 ope-

268 2800 413 2876 rari,
466 2803 796 2887 cooperari,
842 2824 907 2865 se
934 2802 1232 2888 applicare
1259 2809 1320 2864 et
1346 2804 1830 2872 accommodare;
1886 2802 1978 2869 dic
2004 2800 2178 2876 mihi,
2229 2822 2377 2888 quw

256 2901 452 2967 modo
492 2898 609 2965 hoc
648 2901 932 2967 cohaeret
972 2923 1106 2966 cum
1145 2902 1315 2966 dictis
1357 2903 1508 2979 tuis,
1557 2902 1716 2988 quod
1747 2899 1930 2967 Actus
1970 2912 2112 2973 tunc
2136 2904 2377 2980 incidat,

270 3022 406 3067 cum
450 3003 629 3067 homo
671 3005 888 3089 cogitat
929 3004 1001 3066 de
1027 3005 1156 3091 jure
1186 3004 1362 3089 legis,
1413 3003 1486 3067 de
1515 3003 1896 3073 damnatione
1923 3005 2050 3090 ejus
2076 3025 2110 3069 a
2140 3004 2375 3069 Christo

269 3103 540 3178 sublata,
594 3104 667 3166 de
708 3102 920 3171 fiducia
964 3106 1024 3168 in
1064 3125 1195 3191 qua,
1219 3103 1608 3193 apprehendit
1642 3104 1700 3167 id
1729 3103 1919 3191 Ipsius
1956 3106 2262 3178 meritum,
2316 3113 2376 3167 et

269 3204 333 3267 in
375 3205 734 3289 cogitatione
774 3206 846 3268 de
886 3203 1001 3269 hoc
1026 3205 1165 3270 adit
1193 3205 1383 3269 Deum
1411 3205 1653 3270 Patrem
1683 3214 1742 3267 et
1770 3214 1942 3280 orat,
1990 3204 2218 3271 fiuntne
2247 3226 2375 3268 om·

271 3303 371 3373 nia
413 3305 510 3370 illa
550 3306 629 3379 ab
658 3305 929 3378 hominm
983 3306 1085 3379 sed
1116 3306 1286 3381 dixit,
1342 3327 1463 3369 non
1491 3303 1640 3368 fiunt
1666 3305 1862 3370 active
1888 3304 2229 3371 abhomine
2271 3305 2373 3371 sed

268 3406 535 3492 passive„;
589 3416 652 3473 et
674 3408 984 3493 respondi,
1040 3408 1336 3495 quomodo
1380 3413 1570 3494 potest
1601 3406 1729 3491 quis
1756 3405 2050 3492 cogitare,
2103 3403 2374 3475 fiduciam

267 3504 527 3586 habere,
583 3517 641 3571 et
668 3530 850 3574 orare
884 3509 1152 3597 ,passive;
1206 3507 1378 3572 aufer
1415 3505 1637 3573 homini
1672 3505 1929 3572 activum
1959 3515 2020 3570 et
2048 3510 2375 3597 cooperati-

267 3629 409 3693 vum
438 3618 583 3677 tune
601 3657 618 3685 ,
670 3630 870 3684 annon
899 3610 1074 3674 etiam
1105 3609 1306 3674 aufer-s
1333 3609 1695 3694 receptivum
1714 3659 1729 3684 ‚
1784 3609 1863 3672 ita
1892 3631 2101 3686 omne,
2153 3620 2211 3673 et
2240 3632 2373 3681 cum

192 3705 200 3712 ’
266 3710 431 3774 ‘omni
458 3710 645 3798 ipsum
673 3707 921 3789 Actum,
975 3710 1113 3797 quid
1142 3721 1284 3775 tunc
1313 3707 1376 3773 fit
1406 3718 1539 3774 tuus
1565 3706 1783 3786 Actus,
1837 3709 1947 3774 nisi
1988 3732 2134 3798 pure
2164 3711 2373 3787 ideale‚

266 3810 426 3897 quod
456 3821 707 3877 vocatur
734 3833 841 3876 ens
866 3811 1140 3887 rationis:
1191 3830 1430 3898 spero,-
1455 3808 1611 3897 quod
1655 3834 1775 3878 uon
1817 3812 2024 3877 credas
2065 3835 2195 3876 cum
2243 3813 2372 3897 qui,-

264 3911 516 3979 busdam
559 3914 735 3985 talem
762 3909 978 3978 Actum
1024 3912 1156 3977 dari
1183 3912 1372 3979 solum
1403 3912 1561 4000 apud
1589 3912 2067 3979 Praedestinatos
2086 3961 2103 3988 ,
2125 3938 2130 3943 ¹
2151 3912 2254 3998 qui
2285 3912 2374 3974 ni-

262 4010 707 4101 hil,quicquam
761 4012 1170 4079 de1infusione
1213 4011 1349 4078 fidei
1399 4012 1557 4102 apud
1605 4034 1692 4078 se*
1723 4012 1946 4086 sciunt;
2017 4008 2096 4081 hi,
2131 4020 2372 4100 possunt

264 4111 483 4180 ludere.
513 4115 678 4196 talis,
733 4123 792 4189 et
833 4136 955 4205 per
978 4115 1409 4204 idinquirere,
1464 4136 1607 4178 num
1649 4116 1732 4180 eis
1778 4111 1921 4177 fides
1960 4113 2150 4191 infusa
2177 4110 2249 4179 sit
2273 4108 2373 4171 vel

266 4233 416 4281 nou:
467 4237 689 4306 quare,
742 4216 822 4283 mi
868 4213 1107 4294 Amice,
1174 4215 1350 4287 crede
1397 4214 1554 4304 quod
1608 4212 1790 4281 homo
1848 4211 2054 4299 quoad>
2092 4203 2262 4273 fidem
2312 4214 2371 4269 et
