2750 4775
470 347 574 396 ¹26
708 332 1174 389 UNlVERsA
1217 331 1753 387 THEOLOGIA
1796 333 1863 385 Ν.
1907 332 1970 385 C.
2014 331 2120 385 ET
2160 331 2226 383 N.
2267 332 2334 383 E.

463 489 720 563 bestiae,
771 508 926 575 quae
977 487 1181 576 Capite
1229 496 1499 576 spectant
1553 487 1862 564 deorsum,
1914 497 1976 551 et
2018 485 2193 551 modo
2236 507 2452 574 pascua
2490 486 2544 549 in

460 590 646 681 sylvis
671 598 995 677 quaerunt,
1044 590 1176 653 etsi
1205 590 1266 652 in
1294 588 1502 655 hortos
1529 589 1804 664 veniunt,
1854 597 1992 654 suut
2016 588 2169 652 sicut
2199 607 2432 653 vermes
2458 589 2547 674 qui

462 692 603 757 solia
633 691 912 755 arborum
940 698 1327 766 consumunt,
1381 699 1439 755 et
1477 690 1526 754 si
1566 689 1789 754 fructus
1825 690 2009 754 oculis
2045 690 2283 764 vident,
2336 699 2395 751 et
2436 689 2550 778 plus

461 795 510 858 si
540 792 811 856 manibus
839 791 1110 880 palpant,
1161 790 1406 881 implent
1444 792 1577 856 illos
1614 792 1989 857 verminosis:
2043 801 2101 853 et
2145 790 2385 855 tandem
2416 789 2551 855 fiunt

461 896 611 960 sicut
636 903 937 980 serpentes
975 893 1308 980 squamosi,
1358 914 1613 978 quorum
1650 890 1920 957 fallaciae
1961 901 2176 959 sonant
2213 902 2274 956 et
2318 889 2550 978 fulgent,

459 998 609 1062 sicut
649 994 884 1059 illorum
912 1013 1228 1082 squamae,
1280 1002 1340 1058 et
1368 995 1452 1058 sic
1486 1014 1685 1079 porro.

464 1219 650 1306 Quod
699 1219 1096 1311 Regeneratio
1130 1245 1271 1285 -non
1322 1217 1550 1286 dabilis
1602 1223 1680 1284 sit
1730 1219 1960 1313 absque
2006 1223 2174 1285 veris
2192 1268 2209 1296 ,
2253 1244 2373 1314 per
2410 1241 2553 1313 quae

540 1319 865 1409 firmatur
900 1322 1120 1396 Fides,
1169 1335 1227 1386 et
1277 1344 1410 1385 cum
1440 1321 1657 1411 quibus
1694 1343 1762 1385 se
1798 1324 2112 1412 conjungit
2158 1321 2460 1387 Charitas.

613 1504 757 1564 618.
835 1500 984 1564 Sunt
1030 1501 1143 1565 tria
1192 1520 1296 1587 per
1342 1518 1495 1586 quae
1542 1496 1724 1562 homo
1768 1507 2198 1584 regeneratur,
2252 1499 2552 1573 Dominus,

462 1601 638 1667 Fides
667 1612 724 1665 et
751 1601 1055 1677 Charitas,
1104 1600 1252 1668 haec
1282 1601 1393 1664 tria
1426 1600 1677 1664 laterent
1714 1599 1863 1664 sicut
1903 1598 2253 1665 celsissimae
2297 1601 2552 1690 pretiosi·

461 1713 612 1768 tates
639 1701 891 1768 infossae
933 1713 1161 1776 terrae,
1210 1701 1257 1767 si
1299 1721 1419 1765 non
1466 1700 1681 1767 Divina
1726 1721 1868 1766 vera
1907 1722 1979 1764 ex
2021 1700 2222 1769 Verbo
2263 1702 2553 1790 aperirent
2651 1728 2652 1731 ¹

461 1804 593 1880 illa,
646 1804 763 1868 imo
811 1802 1062 1868 laterent
1106 1822 1306 1866 coram
1344 1801 1487 1877 illis,
1543 1802 1641 1887 qui
1684 1810 1904 1888 negant
1943 1803 2461 1889 cooperationem,
2509 1802 2549 1866 si

461 1906 554 1970 vel
594 1905 812 1970 centies
854 1904 946 1966 vel
990 1902 1195 1966 millies
1228 1902 1496 1989 legerent
1539 1902 1836 1979 Verbum,
1890 1904 2118 1968 tametsi
2164 1904 2243 1968 ibi
2295 1906 2355 1967 in
2401 1903 2546 1968 clara

459 2007 591 2072 luce
616 2014 861 2071 exstant.
938 2003 1113 2084 Quod
1144 2003 1463 2068 Dominum
1493 2005 1733 2081 attinet,
1785 2005 1915 2089 quis
1948 2002 2335 2071 confirmatus
2367 2007 2425 2068 in
2453 2005 2548 2068 ho·

458 2108 662 2172 dierna
692 2105 838 2181 fide,
890 2116 1096 2193 aperto
1137 2103 1311 2169 oculo
1356 2104 1515 2171 videt
1556 2103 1705 2169 haec
1743 2105 1857 2179 ibi,
1910 2106 2068 2191 quod
2115 2106 2236 2194 ipse
2277 2116 2339 2171 et
2381 2106 2548 2170 Pater

465 2230 642 2273 unum
671 2206 819 2279 sint,
870 2215 928 2270 et
953 2207 1110 2292 quod
1142 2203 1272 2293 Ipse
1301 2207 1373 2271 sit
1401 2207 1561 2271 Deus
1589 2206 1750 2271 Caeli
1777 2214 1835 2270 et
1860 2207 2087 2271 Terrae
2106 2258 2120 2283 ,
2162 2218 2218 2271 et
2245 2209 2413 2294 quod
2439 2208 2549 2274 Vo-

456 2310 650 2381 luntas
678 2308 872 2372 Patris
897 2308 1004 2385 sit,
1056 2317 1120 2372 ut
1146 2306 1393 2371 credant
1420 2309 1477 2373 in
1510 2307 1757 2382 Filium,
1801 2316 2038 2396 praeter
2062 2309 2374 2374 innumera
2401 2308 2546 2373 simi·
2651 2338 2652 2351 κ

461 2410 536 2474 lia
566 2410 637 2476 de
668 2409 926 2473 Domino
953 2411 1012 2472 in
1044 2419 1291 2495 utroque
1318 2410 1611 2482 Faedere;
1666 2430 1842 2474 causa
1868 2419 1986 2484 est,
2038 2410 2175 2497 quia
2207 2432 2332 2475 non
2366 2412 2425 2474 in
2456 2430 2545 2474 ve-

458 2512 536 2574 ris
563 2519 730 2583 sun-t,
782 2520 844 2572 et
873 2510 1007 2574 inde
1036 2533 1155 2576 non
1182 2511 1239 2572 in
1271 2510 1430 2586 luce,
1483 2532 1551 2574 ex
1590 2532 1707 2596 qna
1747 2511 2146 2596 hujuscemodi
2187 2522 2436 2599 possunt
2472 2510 2546 2576 vi-

456 2611 618 2683 deri;
670 2619 729 2673 et
769 2612 815 2675 si
856 2612 1100 2677 daretur
1148 2611 1275 2685 lux,
1344 2633 1526 2698 usque
1574 2610 1717 2680 salsa
1763 2614 2204 2698 exstingueret!
2245 2613 2443 2689 illam,
2493 2621 2544 2674 et

459 2721 601 2778 tunc
643 2715 1107 2799 praeterirentur
1134 2713 1292 2782 ,sicut
1337 2712 1513 2789 talia,
1569 2734 1721 2799 quae
1765 2712 1952 2777 lituris
1999 2712 2188 2777 deleta
2233 2726 2408 2791 sunt,
2451 2721 2545 2779 aut

455 2813 606 2878 sicut
631 2813 1054 2878 subterraneae
1079 2813 1302 2888 fossae,
1352 2835 1510 2899 quae
1538 2814 1842 2878 calcantur
1866 2823 1923 2878 et
1952 2823 2362 2881 transeuntur:
2407 2816 2545 2880 haec

457 2903 612 2978 dicta
638 2924 806 2988 sunt,
862 2924 922 2986 ut
948 2916 1199 2989 sciatur,
1249 2915 1405 3000 quod
1435 2916 1663 3001 absque
1692 2913 1845 2979 veris
1872 2915 1983 2978 boc
2012 2916 2357 2999 primarium
2386 2936 2543 3001 rege·

456 3014 778 3079 nerationis
807 3038 923 3080 non
955 3016 1239 3082 videatur.
1320 3016 1495 3097 Quod
1528 3016 1734 3080 Fidem
1762 3016 2002 3090 attinet,
2054 3038 2165 3081 nec
2202 3017 2298 3082 illa
2326 3019 2540 3103 absque

458 3116 615 3180 veris
640 3126 830 3203 potest
855 3117 1015 3193 dari,
1071 3115 1213 3182 fides
1237 3117 1394 3181 enim
1425 3127 1485 3180 et
1513 3138 1740 3181 verum-
1763 3114 1985 3181 faciunt
2024 3139 2201 3204 uuam
2245 3141 2407 3194 rem;
2460 3125 2538 3182 est

456 3216 612 3281 enim
657 3218 874 3282 bonum
923 3216 1057 3280 fidei
1099 3218 1249 3282 sicut
1291 3218 1524 3293 anima,
1575 3227 1631 3281 et
1663 3239 1812 3292 ‚evera
1859 3216 2083 3282 faciunt
2128 3221 2252 3307 ejus
2300 3239 2537 3309 corpus;

455 3340 638 3407 quare
666 3315 863 3388 dicere
890 3318 1047 3406 quod
1078 3318 1278 3386 credat
1303 3340 1410 3384 seu
1430 3318 1609 3383 «fidem
1637 3318 1885 3396 habeat,
1936 3329 1995 3383 et
2041 3322 2199 3386 nulla
2241 3342 2384 3385 vera
2425 3322 2540 3407 ejus

451 3420 631 3495 scire,
684 3430 772 3485 est
796 3422 945 3487 sicut
974 3419 1228 3484 animam
1273 3440 1343 3484 ex
1371 3440 1620 3507 corpore
1650 3418 1989 3497 extrahere,
2041 3430 2102 3483 et
2144 3442 2277 3487 cum
2319 3421 2418 3487 illa
2457 3421 2538 3483 in-

452 3519 767 3608 conspicua
794 3522 988 3607 loquiz
1043 3530 1346 3610 praeterea
1375 3523 1573 3585 omnia
1614 3541 1791 3595 vera,
1842 3542 1994 3609 quae
2037 3520 2169 3586 fidei
2212 3545 2424 3609 corpus
2458 3521 2537 3590 fa·

454 3620 645 3694 ciunt,
692 3619 882 3686 lucem
911 3643 943 3687 a
973 3643 1034 3688 se
1062 3622 1382 3695 emittunt,
1407 3630 1467 3684 et
1492 3621 1815 3696 illustrant,
1860 3632 1918 3687 et
1944 3623 2155 3688 sistunt
2182 3621 2390 3689 faciem
2418 3622 2552 3709 ejus.

456 3720 786 3785 videndam.
840 3721 1040 3787 Simile
1070 3732 1157 3788 est
1184 3743 1320 3787 cum
1349 3719 1662 3797 charitate,
1702 3720 1849 3787 haec
1878 3744 1911 3787 a
1938 3743 2002 3788 se
2027 3726 2241 3789 emittit
2267 3727 2535 3797 calorem,

355 3880 375 3907 ⁸
453 3843 585 3886 cum
613 3843 737 3910 quo,
760 3822 858 3887 lux
886 3823 1010 3892 veri
1034 3846 1095 3889 se
1124 3823 1457 3909 conjungit,
1506 3824 1657 3892 sicut
1684 3822 1828 3888 facit
1858 3826 2021 3889 calor
2051 3845 2184 3891 cum
2219 3826 2360 3906 ¹luce
2399 3835 2535 3889 tem-

451 3943 594 4010 pore
621 3922 861 4014 veris‘in
889 3924 1146 4000 Mundo;
1201 3945 1273 3991 ex
1301 3945 1555 4011 quorum
1595 3925 2012 4011 conjunctione
2050 3927 2325 3993 animalia
2356 3935 2414 3993 et
2439 3944 2531 3992 ve-

447 4022 723 4110 getabilia
748 4033 945 4089 terrae
972 4025 1032 4090 in
1056 4048 1163 4091 sua
1193 4023 1454 4115 prolifica
1482 4028 1762 4093 redeunt:
1789 4026 2002 4092 simile
2030 4034 2119 4096 est
2155 4050 2288 4092 cum
2328 4028 2530 4095 Calore

446 4133 507 4188 et
530 4125 692 4190 =Luce
718 4125 1035 4216 spirituali,
1076 4127 1227 4192 haec
1247 4147 1308 4192 se
1333 4127 1598 4194 similiter
1622 4128 1989 4215 conjungunt
2014 4128 2074 4192 in
2099 4127 2358 4209 homine,
2400 4129 2527 4193 dum

446 4225 543 4291 hic
567 4228 624 4290 in
660 4227 812 4294 veris
838 4228 973 4294 fidei
998 4237 1058 4296 et
1083 4228 1254 4296 simul
1281 4228 1338 4291 iu
1369 4229 1539 4295 bonis
1568 4228 1869 4293 charitatis
1895 4215 2023 4301 xest;
2076 4251 2216 4312 nam
2259 4238 2323 4295 ut
2361 4246 2527 4318 supra
