2750 4775
501 373 656 426 xlv.
735 372 1420 436 CONSUMMAT-lo
1463 374 1849 433 saecum
1912 378 2076 433 E'rc.
2236 374 2344 446 30'7

222 537 422 617 potest
449 550 521 593 ex
551 525 806 615 Angelis
821 527 962 592 visis
990 525 1365 603 Abrahamo,
1413 527 1674 613 Hagari,
1720 527 2045 610 Gnideoni,
2087 531 2343 611 Danieli,

220 641 281 695 et
311 630 670 718 quibusdam
695 627 1047 714 Prophetis,
1102 649 1174 690 ex
1203 626 1446 714 Angelis
1476 628 1608 692 visis
1634 630 1695 692 in
1721 629 2051 717 Sepulchro
2074 633 2341 712 Domini,

219 741 281 798 et
309 740 522 818 postea
549 729 844 794 multoties
870 728 1174 803 Johanni‚
1227 729 1299 791 de
1340 728 1611 813 quibus
1594 750 1653 791 ιιι
1694 727 2343 806 APOCALYPs13cum-

219 832 434 919 primis
474 853 544 895 ex
587 830 721 918 Ipso
764 831 1054 905 Domino,
1106 830 1207 915 qui
1253 829 1411 914 qnod
1450 838 1605 893 esset
1651 829 1885 907 Homo,
1940 833 2194 896 ostendit
2238 856 2343 922 per

216 941 451 996 tactum
483 940 538 995 et
575 953 677 1016 per
706 952 900 1005 esum,
955 940 1011 992 et
1054 938 1252 994 tamen
1297 950 1498 993 coram
1543 930 1727 994 oculis
1766 931 1998 994 iliorum
2046 932 2342 1020 inconspi-

217 1054 374 1097 cuus
399 1030 590 1112 factus
616 1042 703 1095 est
723 1021 754 1103 ς’
784 1032 914 1118 quis
947 1040 1137 1118 potest
1167 1030 1245 1093 ita
1275 1029 1561 1106 delirare,
1606 1041 1670 1094 ut
1699 1052 1817 1094 non
1846 1043 2149 1117 agnoscat,
2178 1035 2340 1121 quin,

216 1132 463 1205 tametsi
490 1132 918 1218 inconspicnus,
944 1151 1133 1217 aeque
1163 1130 1339 1194 homo
1366 1129 1576 1193 fuerit:
1631 1131 1806 1212 Quod
1842 1133 2092 1197 viderint
2121 1134 2341 1223 ipsum,

187 1242 361 1297 ,erat
390 1253 598 1307 causa,
640 1234 775 1320 quia
810 1241 949 1295 tunc
975 1232 1162 1318 aperti
1188 1239 1324 1295 sunt
1352 1231 1508 1293 oculi
1537 1230 1785 1316 Spiritus
1814 1233 2078 1311 illorum,
2118 1245 2178 1299 et
2207 1257 2340 1301 cnm

219 1331 289 1396 bi
335 1334 716 1415 aperiuntur,
772 1342 1057 1419 apparent
1101 1331 1237 1407 illa,
1294 1352 1446 1418 qnae
1486 1331 1543 1393 in
1587 1332 1816 1396 Mundo
1854 1333 2139 1421 spirituali
2185 1348 2380 1413 sunt,·

221 1455 421 1518 aeque
470 1432 662 1510 clare,
716 1432 1214 1517 quemadmodum
1270 1432 1423 1504 illa„
1468 1454 1621 1517 quae
1664 1433 1737 1495 in*
1771 1434 1996 1498 Mundo
2043 1435 2338 1501 Naturali.

221 1530 579 1600 Differ-entia
617 1535 773 1597 inter
816 1533 1133 1596 hominem·
1158 1535 1216 1595 in
1245 1532 1474 1596 Mundo
1503 1534 1787 1609 naturali,
1841 1544 1899 1616 et
1938 1534 2238 1600 hominem
2279 1538 2342 1601 in

221 1635 459 1700 Mundo
485 1633 774 1720 spirituali
803 1644 920 1709 est,
976 1633 1134 1721 qnod
1175 1633 1272 1696 hic
1309 1632 1490 1697 bomo
1535 1630 1802 1719 Corpore
1842 1637 2210 1701 substantiali
2250 1638 2342 1701 in‘-
2422 1627 2427 1634 ⁸

220 1736 406 1799 dutus
435 1735 540 1810 sit,
578 1735 676 1799 ille
703 1743 901 1799 antem
933 1734 1197 1822 Corpore
1228 1734 1548 1807 materiali,
1593 1735 1653 1796 in
1681 1756 1796 1820 qno
1828 1735 1984 1800 intus
2010 1746 2101 1824 est
2126 1741 2341 1824 corpus

220 1836 364 1919 ejus,
395 1835 816 1910 substantiale,
884 1845 943 1897 et
989 1834 1170 1899 bomo
1212 1833 1612 1918 substantialis
1657 1835 1817 1899 videt
1856 1835 2154 1901 hominem
2201 1838 2339 1903 sub-

205 1937 559 2011 stantialem
593 1957 780 2022 aeque
809 1936 999 2011 clare,
1054 1944 1117 1997 ut
1145 1933 1325 1998 homo
1356 1925 1674 1998 materialis
1702 1935 1858 1998 videt
1885 1936 2185 2008 hominem
2215 1959 2341 2003 ma-

219 2036 527 2100 terialemt
580 2037 681 2102 sed
728 2058 847 2098 non
897 2046 1087 2124 potest
1127 2034 1307 2098 homo
1353 2035 1754 2099 substantialis
1795 2037 1996 2100 videre
2034 2036 2336 2103 hominem

215 2137 626 2213 materialem,
673 2158 783 2200 nec
808 2136 990 2200 homo
1019 2134 1339 2202 materialis
1363 2134 1662 2199 bominem
1691 2136 2158 2215 substantialem,
2201 2159 2339 2227 pro-

218 2247 356 2326 pter
401 2236 788 2302 differentiam
831 2240 991 2301 ‘inter
1037 2235 1341 2300 materiale
1387 2245 1447 2298 et
1490 2236 1900 2312 substantiale,
1956 2258 2109 2333 quae
2150 2240 2338 2328 qualis

216 2348 346 2414 est,
399 2338 649 2403 describi
680 2348 902 2431 potest,
953 2338 1057 2401 sed
1089 2358 1205 2402 non
1237 2333 1454 2427 paucis.
2292 2363 2296 2372 ·

385 2442 556 2502 794..
599 2440 685 2503 Ex
729 2440 866 2503 visis
911 2461 1016 2527 per
1059 2449 1145 2502 tot
1191 2459 1411 2512 annos,
1464 2459 1699 2523 possum
1745 2440 2049 2525 sequentia
2092 2440 2335 2517 referre,

221 2538 389 2623 quod
417 2539 478 2599 in
505 2540 733 2603 Mundo
758 2539 1041 2629 spirituali
1070 2540 1186 2603 sint
1213 2558 1404 2625 aeque
1431 2539 1658 2603 Terrae
1684 2540 1836 2604 sicut
1875 2541 1934 2603 in
1960 2541 2188 2606 Mundo
2229 2565 2337 2608 na·

225 2638 407 2703 turali
426 2688 441 2712 ,
493 2640 766 2724 quodque
790 2641 903 2704 sint
930 2640 1213 2705 Planities
1240 2648 1298 2702 et
1326 2639 1560 2713 Valles,
1615 2648 1737 2703 tum
1769 2641 2005 2713 Montes
2033 2651 2091 2706 et
2121 2630 2333 2720 Colles,

220 2748 284 2807 et
315 2761 554 2826 quoque
584 2740 802 2805 Fontes
828 2749 888 2803 et
929 2740 1155 2814 Fluvin
1208 2740 1365 2826 qnod
1406 2741 1521 2807 sint
1563 2740 1867 2818 l’aradisi,
1923 2741 2133 2819 Horti,
2186 2742 2337 2807 Luci

217 2849 281 2903 et
314 2839 566 2930 Sylvae‚·
627 2841 785 2928 quod
816 2842 928 2906 sint
951 2840 1187 2915 Urbes,
1239 2851 1298 2903 et
1339 2841 1484 2904 inibi
1524 2841 1754 2905 Palatia
1799 2849 1857 2903 et
1896 2841 2152 2927 Domum
2209 2850 2336 2906 tum

215 2943 382 3027 quod
409 2942 525 3004 sint
551 2941 892 3029 Scripturae
919 2950 980 3004 et
1012 2941 1204 3014 Libri;
1259 2941 1538 3027 quodque
1575 2941 1688 3004 sint
1729 2939 2088 3004 Functiones
2125 2939 2335 3018 etNe-

214 3043 606 3126 gotiatione's;
664 3052 722 3106 et
762 3043 918 3128 quod
966 3042 1079 3105 sint
1124 3040 1384 3117 Aurum,
1436 3038 1768 3125 Argentum
1814 3048 1872 3102 et
1908 3038 2162 3125 Lapides
2202 3060 2334 3128 pre·

214 3143 385 3216 tiosi;
428 3144 637 3217 verbo,
664 3143 822 3228 quod
851 3143 966 3206 sint
994 3143 1191 3206 omnia
1211 3153 1280 3205 et
1306 3140 1559 3227 singula,
1599 3140 2073 3227 quaecunque-in
2103 3137 2332 3205 Mundo

215 3243 518 3318 naturali,
565 3243 794 3308 sedilia
835 3242 896 3307 in
935 3243 1115 3308 Caelo
1161 3242 1510 3305 immensum
1559 3240 1929 3326 perfectiora.
2006 3239 2126 3305 Sed
2169 3237 2335 3305 diffe-

214 3344 408 3407 rentia
454 3352 575 3418 est,
627 3344 787 3429 qnod
833 3345 1030 3409 omnia
1074 3343 1324 3430 quaein
1373 3341 1599 3404 Mundo
1645 3340 1943 3426 spirituali
1969 3349 2335 3427 spectantur,

211 3443 332 3506 sint
361 3454 665 3508 momento
696 3452 894 3508 creata
924 3464 957 3507 a
992 3425 1279 3517 Domino,
1328 3443 1481 3505 sicut
1518 3442 1777 3515 Domus,
1829 3440 2129 3518 I’aradisi,
2182 3440 2330 3520 Cibi,

213 3553 273 3606 et
303 3544 563 3630 reliqua,
619 3556 677 3608 et
701 3534 865 3632 'quod
891 3554 1171 3608 creentur
1197 3542 1271 3606 ad
1300 3542 1879 3629 correspondentiam
1914 3565 2046 3607 cum
2086 3542 2339 3607 interio-

210 3645 381 3708 ribus
425 3645 787 3729 Angelorum
830 3654 890 3708 et
932 3645 1294 3731 spirituum,
1349 3665 1501 3729 quae
1540 3653 1676 3706 snut
1717 3640 2058 3709 affectiones
2097 3654 2156 3709 et
2194 3643 2333 3709 inde

211 3745 607 3828 cogitationes
647 3745 915 3827 illorum;
959 3756 1019 3810 at
1060 3744 1217 3831 quod
1261 3745 1460 3827 omnia
1506 3764 1659 3830 quae
1703 3744 1760 3806 in
1802 3745 2029 3809 Mundo
2075 3743 2332 3810 naturali

208 3852 584 3931 spectantur,
637 3867 712 3909 ex
737 3848 960 3911 semine
987 3846 1237 3908 existant
1264 3842 1640 3926 et‘crescant.

371 3950 519 4008 795.
590 3945 890 4025 Quoniam
939 3949 1026 4010 ita
1065 3955 1179 4019 est,
1239 3955 1295 4008 et
1340 3944 1524 4009 indies
1572 3945 1652 4007 ibi
1697 3944 1975 4030 loquutus
2021 3948 2331 4008 sum'cnm

208 4045 508 4110 Gentibus
534 4056 592 4108 et
619 4047 865 4135 Populis
891 4047 1066 4132 hujus
1091 4044 1333 4120 Mundi,
1387 4044 1466 4108 ita
1511 4067 1630 4109 non
1673 4043 1862 4108 solnm
1907 4067 2036 4117 cum
2080 4044 2192 4106 illis
2233 4043 2333 4130 qui

207 4147 268 4209 in
300 4147 543 4233 Europa
585 4157 749 4223 sunt,
793 4148 895 4212 sed
938 4148 1113 4211 etiam
1158 4166 1292 4209 cum
1336 4142 1449 4207 illis
1487 4144 1586 4230 qui
1628 4144 1687 4206 in
1729 4145 1868 4209 Asia
1913 4152 1971 4206 et
2012 4143 2072 4205 in
2110 4140 2332 4218 Africa,

204 4248 290 4311 ita
321 4268 457 4312 cum
502 4244 643 4324 illis,-
700 4248 801 4336 qui
847 4268 918 4313 ex
958 4247 1123 4314 varia
1154 4244 1470 4331 Religione
1507 4248 1674 4323 sunt,
1729 4241 2040 4308 Coronidis
2081 4241 2214 4303 loco
2256 4238 2334 4303 ad

1782 4343 1837 4408 V
1872 4339 1917 4399 *ἵ
