2750 4775
464 352 532 408 Χ.
611 349 1218 404 REFORMATIO
1270 350 1388 404 ET
1422 348 2101 409 REGENERA'HO.
2264 362 2368 414 1³9

266 503 465 592 prius;
519 514 575 568 et
609 516 746 569 eece
786 514 928 567 tnnc
953 502 1253 580 circulus,
1303 503 1405 588 qui
1445 502 1607 589 prius
1642 506 1915 593 apparuit
1950 505 2097 571 sicut
2133 526 2372 582 aurora,

263 626 331 672 se
372 604 634 681 demisit,
685 613 743 670 et
769 604 1006 693 dispulit
1034 602 1356 678 Ninnium,
1387 603 1508 690 ·qui
1555 605 1831 679 tenebras
1868 604 2093 671 induxit
2118 609 2367 684 Terrae,

256 716 327 772 et
353 705 578 772 factum
605 716 692 773 est
718 705 999 793 apricum.

425 812 570 872 625.
624 807 942 888 Qum-rum
968 807 1416 872 MenonAmmz.
1488 804 1802 886 Quondam
1832 818 1968 871 eum
1994 805 2067 872 de
2092 807 2365 876 Secundo

255 906 546 976 Adventu
575 909 814 974 Domini
843 906 1194 981 meditabar,
1239 906 1439 970 subito
1466 906 1741 995 apparuit
1767 907 1942 993 jubar
1965 907 2113 972 lucis
2137 908 2370 974 fortiter

253 1011 558 1097 stringens
590 1010 794 1077 oculos
835 1029 1029 1083 meos,
1078 1027 1267 1093 quare
1300 1007 1565 1094 suspexi,
1614 1017 1674 1072 et
1713 1028 1851 1072 eece
1892 1017 2082 1075 totum
2126 1009 2367 1074 Caelum

257 1131 448 1198 super
487 1132 582 1175 me
622 1110 903 1201 apparuit·
939 1109 1330 1183 luminosum,
1382 1116 1442 1171 et
1478 1108 1556 1173 ab
1595 1108 1841 1173 Oriente
1882 1110 1943 1172 in
1984 1110 2366 1175 Occidentem

255 1214 348 1279 ibi
370 1212 439 1278 ›in
468 1212 644 1299 longa
673 1212 822 1278 serie
853 1211 1049 1274 audita
1078 1219 1166 1274 est
1191 1207 1679 1283 Gmnmcssm,
1734 1219 1794 1274 et
1830 1210 2050 1275 adstitit
2083 1209 2364 1297 Angelus,

255 1324 321 1380 et
353 1314 524 1392 dixit,
542 1310 930 1379 ‘Glorificatio
956 1311 1055 1376 illa
1087 1319 1174 1375 est
1200 1308 1570 1374 Glorificatio
1597 1310 1837 1374 Domini
1864 1320 2104 1400 propter
2129 1312 2368 1379 Adven-

253 1426 390 1482 tum
432 1415 652 1501 Ipsius,
703 1434 856 1500 qnae
898 1412 963 1476 fit
994 1412 1069 1477 ab
1110 1409 1351 1497 Angelis
1383 1411 1543 1475 Caeli
1572 1412 1894 1477 Orientalis
1921 1422 1980 1477 et
2013 1412 2368 1478 Occidenta-

249 1516 362 1582 lis:
413 1538 446 1580 e
484 1516 663 1582 Caelo
707 1512 1084 1583 Meridionali
1124 1522 1183 1575 et
1209 1512 1668 1599 septentrionali
1712 1535 1829 1581 non
1866 1512 2220 1579 audiebatur
2255 1515 2364 1579 nisi

250 1617 519 1683 facetum
561 1638 857 1687 mur-mum
911 1625 970 1679 et
1012 1615 1148 1701 quia
1189 1612 1452 1700 Angelus
1490 1614 1718 1677 audivit
1750 1614 1980 1689 omnia,
2032 1613 2177 1679 dixit
2221 1615 2361 1679 mihi

255 1719 549 1807 primum,
616 1720 774 1806 quod
820 1715 1295 1782 Glorilicationes
1334 1724 1396 1778 et
1438 1713 1885 1781 celebrationes
1936 1714 2071 1780 illae
2124 1716 2364 1780 Domini

252 1820 407 1886 fiant
434 1840 504 1884 ex
529 1820 763 1892 verbm
819 1828 876 1882 et
905 1838 1039 1881 mox
1067 1816 1243 1894 dixit,
1294 1815 1539 1879 nuncin
1571 1816 1765 1902 specie
1801 1814 2135 1903 glorificant
2171 1827 2231 1880 et
2270 1839 2368 1882 ce-

252 1918 496 1987 lebrant
536 1921 853 1987 Dominum
898 1939 1001 2006 per
1027 1917 1207 1994 haec,
1261 1937 1416 2003 quae
1458 1917 1610 2002 apud
1652 1916 1961 1982 Danielem
2005 1917 2363 2005 Prophetam

253 2022 415 2087 dicta
441 2032 608 2098 sunt,
667 2021 740 2088 V
739 2019 907 2086 idisti
907 2014 1157 2107 firi-um
1186 2021 1441 2082 mixtum
1466 2039 1596 2080 cum
1623 2016 1849 2109 argilla
1891 2017 2032 2094 luti,
2086 2017 2201 2084 sed
2237 2044 2362 2084 non

253 2121 661 2190 cohaerebunt
677 2150 696 2185 .·
747 2144 960 2186 verum
989 2122 1054 2183 in
1081 2117 1292 2185 diebus
1321 2114 1451 2181 illis
1474 2140 1718 2208 surgere
1720 2114 1924 2207 flzciet
1949 2119 2120 2185 Deus
2151 2118 2366 2186 Caelo-

253 2249 391 2291 rum
422 2223 732 2314 Regnum,
783 2218 950 2314 quod
986 2223 1047 2282 in
1086 2216 1337 2285 saecula
1378 2242 1501 2283 non
1519 2219 1769 2311 peribi13
1818 2234 2081 2287 conteret
2125 2236 2182 2287 et
2219 2245 2363 2288 con-

256 2337 453 2389 sumet
479 2326 682 2389 omnia
709 2320 821 2386 illa
849 2304 1092 2413 Regna,
1145 2324 1341 2416 ipsum
1368 2332 1566 2384 autem
1591 2320 1776 2387 stabit
1798 2325 1863 2386 in
1889 2320 2159 2399 saecula,
2198 2323 2356 2387 Dan.

259 2424 363 2488 11:
411 2426 517 2490 43.
567 2426 668 2487 44.
749 2424 892 2488 Post
918 2422 1065 2486 haec
1092 2421 1291 2487 audivi
1314 2421 1467 2486 sicut
1494 2443 1701 2487 vocem
1730 2434 1967 2501 cantus,
2021 2434 2077 2489 et
2110 2425 2361 2511 penitius

258 2525 323 2588 in
351 2524 598 2590 Oriente
624 2524 744 2590 vidi
774 2543 1079 2589 coruscum
1108 2523 1257 2588 lueis
1293 2523 1474 2612 priori
1512 2524 1942 2611 splendentius;
1989 2535 2053 2590 et
2095 2527 2360 2614 quaesivi

256 2619 590 2713 Angelum,
642 2611 889 2712 q'uidibi
917 2623 1282 2712 glorificant,
1332 2623 1476 2688 dixit
1505 2625 1665 2712 quod
1706 2647 1811 2713 per
1845 2619 1995 2691 haec
2027 2629 2192 2716 apud
2239 2629 2362 2693 Da-

251 2727 468 2792 nielem
485 2776 501 2801 ,
550 2727 623 2794 V
619 2726 794 2793 idetis
799 2719 922 2815 sui
941 2730 1003 2791 in
1033 2725 1380 2791 visionibus
1408 2729 1597 2791 noctis
1614 2776 1630 2802 ,
1671 2741 1729 2792 et
1755 2749 1888 2792 ecce
1912 2751 2043 2793 cum
2072 2728 2360 2795 Nubibus

256 2826 434 2893 Caeli
467 2829 681 2894 Funus
708 2847 977 2894 nominis
1003 2831 1258 2893 veniens
1271 2822 1445 2916 suin
1477 2827 1553 2892 ‘et
1577 2829 1743 2894 Huic
1786 2828 1993 2893 datum
2038 2843 2129 2894 est
2154 2829 2362 2895 Domi-

251 2930 419 2994 nium
461 2944 523 2994 et
556 2929 832 3020 Regnum
849 2975 865 3003 ‚
932 2944 989 2994 et
1022 2952 1233 2993 omnes
1262 2926 1485 3020 populi
1522 2942 1580 2993 et
1613 2944 1823 3020 gentes
1873 2929 2085 3021 Ipsum
2131 2929 2357 3001 colen&

251 3029 601 3095 Dominium
628 3031 837 3123 Ipsius
864 3031 1215 3096 Dominium
1253 3027 1516 3103 saeculi,
1568 3029 1737 3121 quod
1770 3054 1893 3096 non
1932 3031 2245 3103 transibit:
2298 3044 2357 3096 et

251 3129 529 3222 Regnum
561 3133 769 3224 Ipsius
796 3129 964 3225 quod
1010 3154 1128 3194 non
1164 3131 1415 3224 peribit,
1467 3131 1618 3195 Dan.
1662 3132 1809 3196 vll:
1857 3135 2095 3196 13.14.
2179 3131 2360 3195 Prae-

248 3241 347 3296 ter
373 3232 474 3297 illa
503 3232 806 3297 celebrant
834 3232 1152 3298 Dominum
1182 3253 1254 3295 ex
1277 3230 1370 3296 his
1397 3232 1455 3294 in
1483 3229 1871 3322 Apocalypsi,
1924 3233 2078 3297 Jesu
2121 3231 2359 3296 Christo

246 3335 330 3397 sit
351 3331 557 3424 gloria
599 3329 656 3399 et
695 3334 880 3399 robur
885 3361 909 3409 3
955 3354 1088 3398 ecce
1112 3333 1282 3398 venit
1316 3355 1447 3397 cum
1483 3332 1800 3408 Nubibns;
1851 3334 1998 3424 Ipse
2023 3345 2113 3398 est
2137 3330 2356 3426 Alpha

244 3447 307 3499 et
354 3434 613 3524 Omega,
679 3435 1051 3528 Principium
1096 3448 1152 3498 et
1190 3434 1401 3511 Finis,
1468 3434 1715 3499 Primus
1757 3449 1814 3500 et
1862 3431 2128 3500 Ultimus
2149 3482 2165 3510 ,
2223 3432 2358 3518 Qui

245 3534 403 3607 Est,
458 3535 582 3619 Qui
630 3537 803 3612 Fuit,
842 3549 924 3600 -et
973 3535 1099 3617 Qui
1147 3535 1220 3602 V
1216 3549 1462 3601 enturus
1515 3549 1636 3610 est,
1703 3535 2140 3630 Omnipotens„-
2214 3536 2355 3628 Ego

246 3633 571 3704 Johannes
596 3637 808 3703 audivi
828 3634 942 3701 hoc
965 3658 1047 3700 ex
1066 3635 1258 3700 Fmo
1292 3656 1561 3700 nominis
1587 3660 1620 3700 e
1645 3634 1841 3702 medio
1866 3652 2088 3732 septem
2121 3636 2355 3706 Cande-

248 3734 581 3815 labrorum,
610 3737 792 3824 Apoc.
829 3736 893 3800 12
920 3741 975 3800 5.
1012 3741 1066 3800 6.
1095 3740 1149 3798 ¹1.
1182 3730 1507 3828 [8.9.]1o.
1546 3740 1644 3801 11.
1681 3741 1778 3801 12.
1818 3742 1915 3801 13.
1972 3739 2111 3827 Cap.
2143 3740 2353 3808 XXII:

247 3831 510 3931 [8.]18:
537 3848 661 3904 tum
688 3860 761 3903 ex
781 3837 993 3904 Matth.
1018 3835 1249 3904 XXIV:
1286 3840 1389 3901 30.
1416 3839 1516 3901 32.
1570 3837 1848 3925 Spectavi
1874 3840 2085 3908 iterum
2117 3843 2176 3904 in
2205 3841 2355 3906 Cae·

243 3939 372 4006 lum
401 3926 708 4004 Orientale
727 3988 744 4017 ,
797 3947 859 4004 et
890 3937 1076 4003 illuxit
1107 3960 1138 4001 3
1167 3938 1353 4003 latere
1380 3937 1618 4015 dextro,
1670 3949 1729 4004 et
1753 3940 2136 4006 Luminosum
2169 3942 2354 4006 intra-

245 4039 334 4103 vit
374 4040 433 4104 in
483 4040 816 4130 Expansum
863 4039 1288 4115 Meridionale,
1350 4048 1410 4103 et
1465 4040 1664 4104 audivi
1709 4061 1918 4107 sonum
1962 4063 2237 4114 suavem;
2292 4049 2351 4104 et

242 4139 514 4228 quaesivi
540 4139 863 4229 Angelum,
917 4140 1057 4229 quid
1084 4139 1325 4206 Domini
1355 4138 1438 4202 ibi
1471 4139 1836 4226 glorificant,
1889 4141 2035 4205 dixit
2063 4142 2220 4228 quod
2250 4155 2356 4225 per

242 4239 394 4307 haec
426 4242 484 4307 in
511 4238 901 4334 Apocalypsi,
963 4239 1127 4311 Vidi
1153 4238 1397 4308 Caelum
1425 4240 1670 4306 Novum
1709 4255 1764 4306 et
1812 4242 2057 4306 Terram
2086 4241 2348 4307 Novam,
