2750 4775
887 350 984 407 lx.
1062 349 1704 409 PAENITENTIA.
2267 363 2338 413 60

234 502 535 568 ‘terribiles
568 501 758 581 ‘fex-ae,
792 502 1121 579 dracones,
1176 503 1462 581 bubones,
1510 504 1722 580 ululae,
1773 503 2057 571 echidnae
2095 513 2157 572 et
2196 503 2340 571 hae-

243 603 630 681 morrhoides,
686 605 829 671 etin
859 606 1111 668 dumetis
1139 601 1218 668 ibi
1249 603 1440 668 othim
1472 611 1530 666 e't
1558 604 1755 686 tzijim‚
1798 615 1857 668 et
1881 606 2097 671 saltant
2119 608 2334 698 satyri3

236 715 303 770 at
328 703 819 794 postquam‘haec
845 705 1131 771 industria
1161 716 1219 774 et
1250 725 1431 791 opera
1474 704 1773 769 hominum
1804 706 1988 791 ejecta
2017 715 2186 785 sunt,
2235 709 2335 772 de-

231 816 460 871 sertum
501 806 642 869 illud
687 818 876 893 potest
917 807 1234 872 exarari-et
1271 806 1458 871 excoli
1487 808 1544 868 in
1575 826 1760 880 arva,
1807 814 1868 869 et
1894 806 1976 871 eis
2000 808 2338 875 inseminati

233 909 495 997 primum
537 925 795 984 avenae,
847 907 1023 973 fabae
1062 917 1121 971 et
1158 908 1381 983 linum,
1430 916 1490 971 et
1530 916 1729 994 postea
1769 904 1989 971 hordea
2029 917 2088 971 et
2123 909 2333 973 tritica,

231 1008 323 1098 *Et
350 1031 586 1097 quoque
614 1010 945 1095 comparari
977 1017 1167 1096 potest
1193 1027 1326 1074 cum
1354 1008 1577 1074 malitia
1596 1060 1609 1082 ,
1665 1029 1817 1094 quae
1841 1008 1909 1070 in
1937 1008 2102 1098 copia
2129 1019 2341 1096 regnat

231 1110 396 1199 apud
426 1109 728 1186 homines,
780 1111 895 1175 nisi
919 1109 1191 1175 malitiosi
1233 1110 1553 1176 secundum
1596 1109 2231 1199 leges‘castigarentur
2271 1131 2343 1174 ac

232 1211 595 1299 punirentur
635 1211 820 1298 plagis
867 1221 968 1275 aut
1005 1221 1225 1287 morte,
1294 1211 1454 1274 nulla
1496 1211 1637 1275 urbs
1685 1211 2064 1286 consisteret,
2120 1212 2341 1297 pariter

233 1311 465 1378 nullum
496 1325 776 1397 regnum:
828 1313 1029 1378 Homo
1056 1322 1142 1376 est
1168 1313 1319 1377 sicut
1344 1314 1594 1377 societas
1620 1312 1678 1375 in
1710 1312 1947 1375 minima
1976 1309 2187 1388 forma,
2232 1313 2342 1377 nisi

233 1412 510 1478 similiter
546 1425 741 1476 secum
783 1425 986 1501 ageret
1026 1414 1310 1500 spirituali
1341 1416 1520 1478 modo
1542 1464 1555 1485 ‚
1614 1416 1763 1478 sicut
1790 1414 1988 1498 agitur
2012 1433 2145 1478 cum
2173 1412 2341 1477 mali-

237 1513 405 1579 tiosis
433 1516 491 1577 in
521 1535 730 1600 magna
756 1516 1053 1581 Societate
1082 1515 1338 1578 naturali
1378 1515 1586 1590 modo,
1642 1515 1739 1579 ille
1780 1524 1909 1599 post
1949 1522 2199 1578 mortem
2243 1536 2344 1578 ca-

232 1616 558 1701 stigaretur
592 1627 650 1678 et
680 1619 1019 1702 puniretur,
1071 1626 1129 1682 et
1159 1614 1271 1680 hoc
1300 1633 1482 1703 usque
1509 1638 1577 1677 eo
1606 1616 1747 1679 dum
1775 1636 1846 1678 ex
1877 1617 2089 1679 timore
2118 1631 2346 1701 paenae

238 1718 462 1781 malum
480 1738 610 1781 non
636 1716 810 1793 facit,
862 1718 1092 1784 tametsi
1133 1738 1424 1805 nusquam
1464 1717 1649 1804 redigi
1679 1726 1871 1803 potest
1899 1716 1974 1780 ad
2001 1714 2224 1780 bonum
2253 1714 2342 1780 sa—

237 1818 511 1895 ciendum
541 1839 611 1882 ex
639 1840 839 1886 amore
869 1820 1024 1884 boni.
2165 1839 2176 1846 ⁴

247 2043 439 2140 Quod
488 2068 639 2110 vera
689 2044 1076 2110 Paenitentia
1127 2045 1208 2107 sit'
1257 2040 1581 2134 explorare
1618 2066 1737 2107 non
1784 2041 1962 2109 modo
2001 2056 2139 2108 acta
2175 2046 2343 2109 vaae

498 2168 681 2220 suae,
733 2144 846 2210 sed
893 2148 1071 2210 etiam
1123 2148 1479 2208 intentiones
1532 2140 1867 2208 voluntatis
1917 2168 2086 2209 suae.

558 2261 563 2266 ,
1204 2251 1225 2272 ³.

407 2323 554 2393 582
602 2321 806 2402 Quod·
833 2341 973 2384 vera
1000 2318 1369 2385 Paenitentia
1408 2321 1481 2384 sit
1520 2319 1825 2409 explorare
1852 2342 1971 2385 non
2000 2320 2176 2385 modo
2207 2330 2341 2387 acta

249 2441 394 2488 suae
425 2421 582 2485 vitae
602 2468 620 2495 ‚
662 2423 771 2484 ‘sed
801 2424 975 2487 etiam
1006 2422 1367 2486 intentiones*
1382 2443 1524 2487 suae
1551 2423 1897 2497 voluntatis,
1948 2433 2036 2488 est
2067 2424 2202 2512 quia
2241 2423 2343 2488 In·

247 2523 514 2587 tellectus
541 2533 599 2586 et
626 2522 917 2587 Voluntas
943 2522 1168 2586 faciunt
1194 2532 1354 2594 acta;
1404 2523 1665 2610 loquitur
1692 2527 1846 2586 enim
1875 2523 2055 2588 homo
2080 2547 2151 2589 ex
2180 2525 2341 2611 cogi·

246 2625 505 2698 tatione,
556 2635 617 2688 et
643 2625 764 2709 agit
797 2647 869 2688 ex
910 2625 1249 2700 voluntate,
1302 2645 1486 2711 quare
1525 2623 1757 2712 loquela
1800 2635 1887 2689 est
1931 2626 2213 2711 cogitatio
2254 2626 2341 2689 lo-

246 2746 432 2811 quens
453 2774 470 2803 ‚
525 2734 581 2789 et
609 2727 765 2790 actio
793 2736 879 2789 est
909 2726 1179 2790 voluntas
1206 2747 1413 2813 agens,
1468 2736 1526 2789 et
1554 2727 1688 2811 quia
1723 2725 1856 2791 inde
1897 2736 2032 2789 sunt
2073 2726 2342 2814 loquelae

241 2835 303 2890 et
346 2829 640 2902 actiones,
693 2826 932 2891 indubie·
961 2827 1262 2915 sequitur,
1317 2824 1475 2913 quod
1517 2827 1614 2890 illa
1657 2828 1776 2890 duo
1815 2828 1961 2904 sint,
2014 2847 2166 2914 quae
2210 2830 2356 2914 pec·'

243 2930 667 3015 cant-quando
713 2950 965 3014 corpus;
1045 2939 1103 2992 et
1156 2950 1396 3015 quoque
1452 2937 1641 3015 potest
1695 2927 1874 2992 ho'mo
1924 2929 2342 3013 paenitentiam

243 3048 422 3113 agere.
453 3051 486 3090 a
516 3031 683 3094 malis
710 3052 861 3114 quae
891 3050 1139 3116 corpore
1160 3040 1403 3116 egerat,
1457 3039 1515 3092 et
1558 3049 1748 3114 usque
1787 3027 2051 3114 cogitare
2091 3038 2149 3091 et
2190 3029 2344 3093 velle

244 3129 501 3202 malum;
555 3131 656 3195 sed
686 3132 799 3195 hoc
827 3141 912 3195 est
941 3133 1089 3195 sicut
1120 3140 1428 3218 amputare
1457 3141 1728 3193 truncum
1759 3131 1993 3194 arboris
2020 3131 2241 3207 malae,
2286 3140 2347 3193 et

244 3231 582 3317 relinquere
613 3233 867 3295 radicem
897 3234 1022 3318 ejus
1050 3233 1108 3294 in
1137 3241 1318 3308 terra,
1370 3253 1443 3294 ex
1472 3248 1593 3318 qua‘
1614 3233 1895 3295 excrescit
1929 3232 2131 3295 eadem
2164 3231 2347 3294 arbor

247 3332 440 3406 mala,
491 3343 548 3395 et
577 3354 639 3396 se
671 3333 892 3396 circum
922 3333 1176 3420 spargit=
1232 3331 1402 3395 aliter
1428 3352 1571 3395 vero
1604 3354 1732 3394 cum
1761 3334 1938 3395 etiam
1983 3331 2145 3396 radix
2183 3331 2344 3395 evel-

243 3431 419 3507 litur,
475 3442 531 3495 et
559 3432 673 3499 hoc
703 3432 765 3497 fit
794 3435 851 3496 in
882 3433 1151 3509 homine,
1206 3434 1447 3520 quando
1490 3433 1660 3496 simul
1690 3435 2044 3498 intentiones
2070 3430 2347 3499 volunta-

244 3535 321 3599 tis
345 3535 881 3622 suae²exploravit‚
934 3543 992 3598 et
1033 3534 1197 3599 mala·
1220 3555 1323 3622 per
1357 3535 1773 3622 paenitentiam
1805 3543 2060 3601 amovet.
2140 3533 2343 3601 Homo

243 3636 513 3722 explorat
540 3636 893 3699 intentiones
921 3636 1240 3699 voluntatis
1268 3646 1411 3700 suae
1430 3683 1448 3710 ‚
1501 3635 1639 3697 dum
1668 3636 1931 3724 explorat
1959 3636 2347 3723 cogitationes

242 3757 414 3810 suas»,
469 3757 605 3800 nam
646 3737 999 3800 intentiones
1038 3760 1100 3799 se
1137 3737 1192 3799 in
1226 3735 1338 3800 illis
1381 3735 1786 3809 manifestant;
1847 3737 2344 3824 quemadmodum

245 3836 386 3899 dum
424 3840 680 3922 cogitat,
736 3839 863 3901 vult
898 3847 954 3900 et
995 3838 1244 3900 intendit
1289 3837 1610 3910 vindictas,
1667 3837 1996 3913 adulteria,
2043 3839 2238 3911 furta,
2287 3847 2347 3900 et

243 3937 686 4004 testificationes
711 3938 919 4016 falsas,
969 3949 1028 4002 et
1058 3938 1408 4025 cupiditates
1434 3939 1508 4001 ad
1537 3936 1666 4015 illa,
1720 3949 1779 4002 et
1806 3960 2042 4026 quoque
2072 3937 2347 4025 blaephe-

243 4040 393 4105 mias
422 4050 629 4104 contra
660 4041 874 4116 Deum,
926 4049 1195 4105 sanctum
1222 4039 1488 4106 Verbum
1518 4049 1577 4102 et
1605 4039 1926 4105 Ecclesiam
1945 4085 1964 4115 ,
2014 4048 2072 4101 et
2097 4039 2182 4102 sic
2208 4059 2347 4128 por-

242 4161 343 4214 ro;
397 4141 494 4205 hic
522 4141 568 4207 si
598 4141 737 4206 illuc
763 4163 949 4228 usque
973 4142 1222 4207 intendit
1251 4140 1510 4203 animum
1529 4190 1546 4219 ‚
1582 4150 1639 4204 et
1665 4150 1962 4204 scrutatur
1987 4159 2126 4201 num
2158 4137 2345 4201 sactu·

242 4258 344 4308 rus
369 4243 445 4307 sit
461 4243 570 4310 ‘illa
602 4242 799 4311 sinon
827 4243 1005 4309 timor
1034 4242 1177 4332 legis
1210 4249 1267 4307 et
1290 4239 1503 4306 -l'amae
1546 4242 1839 4320 obstaret,
1896 4240 1995 4324 qui
2035 4246 2177 4298 tunc
2215 4240 2346 4320 post
