2750 4775
438 312 503 363 X.
585 311 1186 375 REFORMATIO
1241 311 1348 371 ET
1406 312 2075 367 REGENERA'HO.
2266 326 2336 375 97

234 474 449 549 amota,
500 488 711 541 currus
736 466 820 532 ‚ab
848 487 1038 554 equo,
1091 474 1285 533 motus
1311 488 1346 530 a
1375 475 1610 543 conatu,
1663 463 1904 535 effectus
1933 489 1967 531 a
1995 488 2191 546 cansa,
2244 469 2335 535 vis

234 575 463 633 mortua
510 589 559 633 a.
597 568 763 644 viva,
828 566 890 631 in
936 588 1184 655 genere,
1237 567 1389 632 sicut
1433 567 1878 633 instrumentale
1923 589 1957 633 a
2003 569 2330 658 principali,
2392 594 2398 601 ·

234 671 391 755 quod
429 663 582 732 haec
620 668 738 732 duo
774 670 948 732 simul
985 666 1208 732 faciant
1250 689 1428 731 unam
1471 668 1796 742 actionem,
1848 669 2092 758 quisque
2128 674 2330 739 novit:

232 770 423 854 quoad
453 769 822 857 charitatem
864 780 918 832 et
960 770 1196 843 Fidem,
1251 769 1538 833 Dominus
1577 769 1735 854 agit,
1788 779 1846 831 et
1887 768 2065 834 homo
2099 772 2222 858 agit
2257 793 2330 839 ex

231 870 525 947 Domino,
580 879 667 937 est
709 871 883 939 enim
899 872 1158 935 activum
1190 869 1431 933 Domini
1458 870 1516 932 in
1548 870 1779 957 passivo
1810 869 2092 944 hominis;
2145 894 2330 958 quare

232 973 492 1059 potentia
541 973 695 1037 bene
735 971 950 1058 agendi
994 982 1082 1035 est
1121 992 1151 1033 3
1182 970 1477 1046 Domino,
1530 992 1601 1035 ac
1640 970 1773 1034 inde
1820 970 2090 1037 voluntas
2118 973 2331 1060 agendi

232 1082 316 1137 est
351 1074 503 1137 sicut
548 1072 837 1148 hominis,
892 1073 1029 1157 quia
1068 1081 1156 1137 est
1198 1073 1255 1134 in
1296 1070 1487 1137 libero
1532 1072 1814 1146 arbitrio,
1868 1093 1938 1137 ex
1973 1094 2097 1159 ¹quo
2137 1082 2333 1163 potest

231 1195 345 1238 una
374 1192 557 1261 agere
592 1196 729 1238 cum
759 1173 1032 1248 Domino,
1076 1183 1143 1237 ,et
1169 1174 1252 1238 sic
1279 1195 1342 1255 se
1371 1172 1761 1260 conjungere,
1814 1182 1873 1237 et
1901 1184 2093 1258 potest
2127 1195 2200 1238 ex
2227 1197 2333 1261 po-

232 1276 410 1350 tentia
439 1274 691 1350 inferni,
734 1295 886 1360 quae
912 1284 1011 1338 est.
1029 1284 1221 1350 extra,
1268 1293 1469 1360 agere.
1523 1284 1582 1337 et
1609 1274 1694 1339 sic
1717 1294 1779 1338 se
1806 1294 2100 1360 separare.
2155 1273 2331 1341 Actio

233 1372 485 1441 hominis
512 1397 763 1441 concors
797 1396 929 1440 cum
971 1377 1204 1440 actione
1232 1375 1472 1439 Domini
1519 1385 1607 1440 est
1647 1395 1798 1460 quae
1842 1372 1940 1439 hic
1985 1375 2333 1463 intelligitur

234 1497 336 1563 per
363 1476 898 1564 Cooperationem;
945 1485 1008 1559 ut
1035 1476 1150 1553 hoc
1173 1477 1504 1541 evidentius
1530 1476 1906 1565 percipiatur,
1941 1476 2333 1543 illustrabitur

229 1575 423 1665 adbuc
463 1601 570 1664 per
607 1578 1081 1663 comparationes
1126 1576 1294 1643 infra.
1855 1632 1858 1639 .

272 1750 283 1757 ,
386 1683 535 1742 577.
589 1679 679 1744 Ex
705 1678 796 1742 bis
822 1680 1090 1765 sequitur
1122 1680 1296 1747 etiam
1335 1677 1481 1754 hoc,
1534 1677 1693 1765 quod
1725 1677 2011 1742 Dominus
2048 1678 2329 1746 continue

229 1780 302 1844 sit
345 1781 405 1842 in
448 1789 582 1843 actu
612 1782 1007 1867 regenerandi
1055 1768 1388 1865 hominem,
1453 1781 1589 1866 quia
1634 1780 1916 1843 continue
1960 1787 2049 1847 est
2088 1779 2149 1843 in
2188 1790 2328 1845 actu

228 1879 732 1956 salvandiillum,
783 1890 840 1943 et
873 1882 1068 1945 nullus
1105 1880 1322 1953 salvari
1362 1889 1586 1967 potest,
1627 1880 2186 1966 nisiregeneretnr,
2237 1902 2331 1947 se-

229 1981 491 2044 cundum
530 1978 655 2069 ipsa
700 1982 936 2047 Domini
986 1982 1171 2047 verba
1216 1964 1371 2066 apud
1416 1978 1784 2056 Johannem,
1840 1980 2025 2066 Quod
2063 1986 2171 2073 qui
2204 2006 2329 2048 non

229 2092 557 2169 generatur
580 2080 809 2156 denuo,
859 2106 982 2147 non
1004 2084 1205 2172 possit
1225 2078 1437 2153 videre
1464 2103 1703 2171 regnum
1734 2081 1881 2157 Dei,
1936 2081 2235 2170 Cap.1.11
2264 2086 2325 2148 3.

236 2186 297 2241 5.
320 2185 429 2242 6·
461 2191 547 2242 est
571 2183 772 2267 itaque
802 2182 1203 2268 Regeneratio
1240 2182 1495 2244 medium
1539 2183 1908 2258 salvationis,
1961 2204 2032 2248 ac
2056 2183 2329 2250 Charitas

232 2288 297 2342 et
324 2276 503 2343 Fides
527 2293 661 2345 sunt
691 2283 878 2346 media
916 2282 1396 2377 regenerationis
1461 2282 1637 2362 Quod
1677 2283 2075 2370 Regeneratio
2114 2305 2327 2372 sequa-

238 2389 338 2444 tur
377 2379 548 2460 fidem
588 2378 907 2450 hodiernae
948 2370 1280 2458 Ecclesiae,
1332 2406 1483 2470 quae
1522 2395 1608 2450 est
1642 2386 1863 2471 absque
1899 2389 2323 2476 cooperatione

236 2481 519 2570 bominis,
558 2495 657 2552 est
687 2486 912 2550 vanitas
943 2485 1295 2568 vanitatum
1339 2486 1512 2551 Actio
1551 2497 1607 2549 et
1637 2490 1974 2573 cooperatio
2007 2488 2196 2575 qualis
2223 2490 2325 2553 de-

234 2563 455 2671 scripta
482 2596 594 2660 est,
650 2586 839 2652 videri
864 2595 1054 2676 potest
1093 2587 1151 2649 in
1182 2586 1343 2651 omni
1369 2609 1466 2661 re,
1520 2609 1671 2674 quae
1699 2589 1759 2650 in
1785 2589 1980 2677 aliqua
2020 2590 2324 2656 activitate

233 2694 291 2748 et
320 2684 643 2764 mobilitate
671 2697 789 2752 est:
843 2689 974 2754 talis
1001 2688 1154 2753 actio
1192 2697 1253 2751 et
1292 2689 1630 2777 cooperatio
1675 2698 1760 2753 est
1802 2689 1995 2755 cordis
2033 2698 2093 2754 et
2131 2692 2325 2756 omnis

229 2787 359 2873 ejus
389 2790 665 2870 arteriae,
717 2788 835 2854 Cor
869 2791 1006 2876 agit,
1045 2800 1103 2853 et
1130 2788 1365 2854 Arteria
1393 2810 1464 2852 ex
1490 2792 1612 2858 suis
1637 2789 1957 2855 involucris
1983 2798 2084 2854 aut
2114 2792 2325 2857 tunicis

232 2899 612 2976 cooperatur,
663 2890 799 2954 inde
840 2890 1174 2956 circulatio:
1225 2890 1412 2980 simile
1453 2900 1541 2955 est
1577 2912 1709 2980 cum
1738 2891 2058 2967 Pulmone,
2110 2898 2213 2957 aiir
2250 2911 2323 2959 ex

227 2990 625 3054 incumbentia
669 2993 992 3068 secundum
1048 2991 1424 3055 altitudinem
1483 3013 1621 3056 suae
1677 2992 2128 3078 atmosphaerae
2177 2994 2324 3081 agit,

231 3099 289 3154 et
324 3101 549 3157 costae
566 3112 696 3156 cum
742 3094 1017 3180 pulmone
1057 3094 1307 3179 primum
1352 3102 1779 3180 cooperantur,
1830 3101 1887 3154 et
1934 3116 2069 3157 mox
2114 3103 2321 3181 postea

230 3192 426 3277 pulmo
457 3215 592 3272 cum
620 3194 827 3266 costis;
878 3194 1014 3258 inde
1040 3193 1353 3280 respiratio
1382 3194 1570 3258 omnis
1604 3196 1983 3262 membranae
2022 3194 2083 3257 in
2095 3212 2328 3284 corpo-

229 3313 320 3367 re;
372 3294 453 3359 ita
483 3296 788 3380 meninges
823 3293 1086 3370 cerebri,
1139 3294 1376 3382 pleura,
1430 3295 1863 3382 peritonaeum,
1918 3293 2323 3382 diaphragma,

225 3402 282 3456 et
316 3396 620 3486 reliquae,
673 3416 822 3483 quae
872 3395 1095 3460 viscera
1148 3403 1389 3480 tegunt,
1444 3403 1502 3457 et
1541 3417 1693 3481 quae
1736 3398 1892 3461 intus
1938 3406 2321 3481 componunt,

223 3507 401 3581 agunt
427 3508 493 3562 et
523 3505 799 3583 aguntur,
851 3505 909 3560 et
934 3496 1017 3560 sic
1046 3503 1460 3583 cooperantur,
1504 3506 1641 3564 sunt
1668 3498 1823 3560 enim
1852 3496 2144 3575 elasticae,
2182 3496 2324 3563 inde

223 3596 532 3662 existentia
562 3606 620 3660 et
647 3596 1048 3670 subsistentia;
1096 3596 1281 3661 simile
1309 3607 1395 3661 est
1424 3597 1483 3659 in
1510 3598 1668 3661 omni
1695 3597 1845 3677 fibra
1876 3605 1934 3661 et
1962 3618 2179 3677 nervo,
2233 3599 2322 3665 in-

222 3718 329 3782 que
358 3699 528 3764 omni
557 3698 853 3774 musculo,
904 3701 1024 3760 imo
1050 3698 1112 3762 in
1142 3698 1513 3782 cartilagine,
1568 3699 1726 3784 quod
1756 3701 1815 3762 in
1841 3699 2085 3787 singulis
2110 3700 2221 3767 illis
2245 3702 2322 3767 sit

221 3800 369 3865 actio
395 3811 452 3865 et
484 3800 863 3889 cooperatio,
918 3807 1121 3863 notum
1150 3809 1253 3863 est.
1311 3799 1479 3870 Talis
1503 3802 1844 3889 cooperatio
1881 3811 1968 3867 est
1994 3823 2232 3891 quoque
2258 3802 2319 3865 in

223 3903 374 3967 amni
417 3922 642 3976 sensu,
691 3921 828 3966 nam
873 3899 1132 3966 sensoria
1178 3901 1326 3965 sicut
1365 3901 1618 3966 motoria
1660 3901 1956 3989 corporis,
2023 3923 2095 3966 ex
2134 3902 2316 3978 fibris,

222 4004 481 4070 membra
495 4001 583 4065 nis
625 4010 684 4067 et
711 4002 984 4067 musculis
1011 4001 1372 4077 consistunt,
1428 4001 1529 4065 sed
1558 4002 1815 4089 cujusvis
1839 4003 2321 4092 cooperationem

224 4101 589 4178 describere,
639 4122 1142 4189 supervacaneum
1171 4111 1287 4175 est;
1339 4101 1523 4168 scitur
1562 4103 1716 4167 enim
1747 4104 1904 4192 quod
1946 4103 2044 4168 lux
2083 4110 2220 4190 agat
2258 4102 2319 4161 in

229 4206 483 4282 oculum,
539 4226 720 4272 sonus
744 4205 1056 4280 inaurem,
1107 4202 1605 4288 odorinnarem,
1660 4214 1719 4268 et
1745 4225 1923 4288 sapor
1948 4204 2009 4266 in
2033 4201 2319 4285 linguam,

1842 4299 1898 4360 G
