2750 4775
493 386 595 434 ¹32
725 370 1185 427 UMVERSA
1228 369 1768 427 THEOLOGIA
1809 370 1876 424 R.
1918 368 1985 426 C.
2028 369 2135 423 ΕΤ
2172 369 2239 421 Ν.
2282 369 2346 425 Ε.

484 536 613 602 cat,
665 546 740 590 ne
765 526 944 589 intret
969 525 1026 588 in
1054 546 1163 590 vos
1187 524 1337 589 sieut
1364 524 1428 587 in
1453 522 1679 591 judam
1696 572 1714 600 ,
1765 523 2007 612 impleat
2035 545 2141 589 vos
2165 523 2327 589 omni
2365 522 2551 611 iniqui-

487 636 640 702 tate,
668 640 765 692 &ac
791 626 1055 693 destruat
1081 634 1141 690 et
1167 626 1425 691 animam
1455 634 1514 688 et
1539 643 1783 715 corpus;
1831 625 1934 690 sed
1967 625 2157 688 omnis
2184 645 2324 690 reus
2356 622 2431 698 fit,
2470 624 2554 709 qui

487 729 674 794 credit
709 728 869 815 quod
910 727 1089 792 saciat
1136 749 1170 791 a
1210 748 1309 804 se,
1360 728 1485 793 sive
1528 728 1602 791 sit
1641 727 1862 792 bonum
1893 727 2020 791 sive
2058 727 2131 791 sit
2175 725 2426 800 malum,
2471 725 2556 788 sed

486 851 609 896 non
648 850 785 895 reus
822 827 885 893 fit
925 830 1025 914 qui
1072 827 1258 919 credit
1293 827 1452 914 quod
1491 825 1671 892 faciat
1709 828 1856 891 sicut
1898 848 1931 890 a
1968 849 2062 900 se;
2131 848 2270 892 narn
2313 827 2359 891 si
2400 826 2561 890 credit

486 931 643 1019 quod
673 932 895 997 bonum
925 930 996 992 sit
1025 951 1059 993 a
1085 951 1180 1003 se,
1233 929 1491 994 vindicat
1514 929 1624 994 sibi
1651 929 1709 992 id
1739 928 1894 1015 quod
1928 930 2039 992 Dei
2066 938 2183 998 esu
2237 940 2299 992 et
2326 927 2373 992 si
2401 924 2564 995 credit

486 1033 646 1120 quod
690 1031 908 1097 malum
950 1032 1021 1095 sit
1061 1052 1094 1093 a
1133 1040 1231 1105 se,
1281 1031 1549 1095 attribuit
1587 1028 1698 1095 sibi
1738 1031 1795 1091 id
1840 1029 1999 1114 quod
2037 1030 2255 1094 diaboii
2304 1039 2407 1095 est,
2487 1028 2563 1091 De

483 1133 814 1203 Bamsno
852 1132 1164 1206 dixerunt,
1232 1131 1403 1217 ‘quod
1457 1133 1533 1195 sit
1579 1130 1830 1195 Lavatio
1875 1130 2224 1218 spititualis,
2306 1152 2457 1216 quae
2493 1136 2564 1191 est

487 1233 860 1301 Reformatio
887 1244 946 1298 et
973 1233 1371 1319 Regeneratio
1389 1280 1407 1308 ,
1445 1242 1503 1296 et
1528 1233 1686 1317 quod
1721 1231 1920 1296 Infans
1947 1230 2394 1295 reformeturet
2417 1249 2564 1314 rege·

488 1346 761 1410 neretur,
807 1334 946 1400 dum
993 1335 1229 1400 adultus
1265 1333 1639 1398 sactus-facit
1680 1332 1813 1408 illa,
1866 1353 2018 1418 quae
2061 1332 2291 1396 Patrini
2337 1354 2445 1418 pro
2482 1328 2565 1392 illo

485 1434 964 1523 spoponderunt,
1016 1457 1169 1522 quae
1205 1445 1342 1500 sunt
1380 1436 1530 1511 duo,
1581 1434 1953 1501 Paenitentia
1981 1434 2245 1507 etFides
2273 1435 2337 1496 in
2367 1433 2564 1503 Deum

493 1558 631 1603 nam
678 1537 955 1602 Prummu
996 1537 1321 1625 spondent,
1384 1544 1450 1599 ut
1494 1536 1729 1599 abdicet
1771 1535 2072 1603 diabolum
2119 1544 2178 1597 et
2223 1526 2427 1597 omnia
2468 1533 2571 1619 ejus

492 1660 706 1726 opera;
758 1637 1145 1713 SECUNDUM,
1198 1646 1258 1702 ut
1310 1637 1515 1702 credat
1565 1636 1624 1700 in
1678 1638 1900 1707 Deum
1964 1655 2172 1703 omnes
2210 1634 2477 1699 Infantes
2520 1634 2570 1693 in

488 1739 669 1805 Caelo
694 1740 752 1801 in
782 1739 876 1802 illa
908 1740 1024 1801 duo
1053 1740 1389 1813 initiantur,
1436 1738 1539 1802 sed
1580 1736 1670 1801 his
1709 1737 1981 1801 diabolus
2011 1745 2098 1800 est
2126 1733 2464 1811 infernum,
2511 1753 2568 1797 ac

491 1842 654 1905 Deus
681 1848 768 1904 est
797 1840 1116 1903 Dominus:
1168 1849 1473 1925 praeterea
1503 1838 1835 1925 Baptismus
1864 1847 1951 1902 est
1975 1839 2206 1924 signum
2237 1858 2441 1902 coram
2468 1834 2570 1900 An·

493 1943 662 2028 gelis,
718 1938 1085 2027 quod-homo
1110 1941 1184 2003 sit
1209 1941 1287 2003 ab
1312 1940 1606 2004 Ecclesiat
1661 1939 1749 2003 his
1779 1939 1991 2003 auditis
2021 1939 2294 2001 dixerunt
2324 1959 2357 2001 e
2387 1938 2568 2010 Caetu,

489 2036 639 2123 baec
666 2040 1057 2126 intelligimus.
1134 2041 1251 2105 Sed
1294 2051 1438 2105 tuuc
1463 2041 1662 2105 audita
1701 2048 1789 2104 est
1829 2061 1947 2105 vox
1973 2060 2007 2103 a
2037 2040 2252 2114 latere,
2310 2041 2568 2110 ciamans,

489 2167 609 2209 non
637 2142 1046 2227 intelligimus,
1098 2153 1156 2205 et
1183 2144 1296 2206 alia
1324 2162 1472 2216 vox,
1526 2163 1645 2204 non
1681 2143 1948 2205 volumus
1973 2124 2344 2226 intelligere;
2399 2148 2456 2203 et
2497 2139 2569 2200 in-

488 2245 764 2334 quisitum
793 2263 825 2306 a
854 2242 1065 2327 quibus
1088 2243 1224 2307 illae
1252 2265 1456 2317 voces,
1508 2253 1569 2305 et
1607 2251 1972 2328 compertum
2002 2238 2160 2328 quod
2189 2242 2269 2303 ab
2297 2240 2441 2314 iilis,
2486 2237 2568 2325 qui

484 2343 647 2432 ‚apud
674 2366 736 2409 se
767 2341 1270 2409 confirmaverunt
1309 2344 1454 2409 falsa
1495 2343 1661 2430 fidei,
1716 2351 1776 2408 et
1815 2345 1912 2430 qui
1956 2343 2274 2406 voluerunt
2323 2341 2481 2406 credi
2519 2346 2570 2403 ut

492 2445 765 2521 oracula,
819 2446 986 2509 etsie
1022 2446 1292 2517 adorari3
1345 2447 1617 2510 dixerunt
1658 2443 1899 2532 Angeli‚
1954 2465 2029 2508 ne
2068 2445 2397 2519 miremini,
2448 2442 2570 2506 tales

493 2556 630 2613 sunt
671 2545 843 2609 hodie
887 2547 1187 2633 p'etmuiti,
1228 2554 1531 2634 ¹apparent
1576 2546 1746 2612 nobis
1800 2566 1832 2607 e
1879 2546 2060 2611 Caelo
2098 2547 2247 2609 sicut
2291 2542 2571 2630 Sculptilia

497 2648 600 2712 tali
626 2659 753 2712 arte
787 2645 943 2711 facta
964 2695 982 2721 ,
1037 2658 1098 2714 ut
1129 2647 1346 2733 possint
1379 2668 1617 2713 movere
1645 2647 1833 2722 labia,
1887 2668 1960 2712 ac
1986 2661 2197 2711 sonare
2222 2647 2379 2710 sicut
2423 2663 2572 2730 orga-

497 2770 604 2825 na,
659 2758 717 2811 et
758 2767 874 2811 non
915 2750 1139 2825 sciunt,
1190 2770 1330 2812 num
1371 2748 1618 2824 halitus,
1671 2769 1742 2811 ex
1779 2770 1898 2835 quo
1938 2756 2181 2820 sonant,
2234 2769 2307 2810 ex
2355 2746 2573 2811 Inferna

496 2851 606 2924 sit,
660 2848 755 2913 vel
793 2870 930 2913 num
975 2869 1006 2910 e
1046 2849 1256 2923 Caelo,
1310 2851 1447 2933 quia
1495 2871 1613 2914 non
1659 2850 1852 2936 sciunt
1894 2870 2038 2913 num
2084 2848 2290 2926 falsum
2341 2850 2447 2922 sit,
2499 2842 2574 2908 vel

497 2971 638 3016 num
682 2971 925 3023 verum,
978 2951 1407 3016 ratiocinantur
1447 2960 1503 3015 et
1545 2941 2006 3025 ratiocinantur,
2071 2959 2194 3012 tum
2240 2949 2575 3014 confirmant

497 3060 557 3114 et
603 3049 982 3122 confirmant,
1039 3072 1153 3115 neo
1191 3051 1394 3118 vident
1436 3050 1747 3138 quicquam
1791 3072 1931 3122 num
1972 3051 2053 3114 ita
2095 3050 2202 3114 sit:
2254 3052 2360 3114 sed
2401 3047 2577 3132 sciatis

500 3152 657 3239 quod
690 3150 997 3238 Ingenium
1024 3151 1346 3218 humanum
1372 3152 1555 3239 possit
1586 3150 1936 3216 confirmare
1965 3151 2244 3238 quicquid
2273 3152 2443 3225 ‚vult,
2498 3168 2577 3212 us·

499 3276 612 3341 que
641 3263 1013 3342 ut‘appareat
1040 3253 1188 3330 sicut
1217 3255 1296 3316 ita
1325 3254 1431 3329 sit,
1483 3273 1668 3339 quare
1705 3252 1818 3315 hoc
1849 3262 2087 3336 possunt
2116 3250 2431 3326 haeretici,
2482 3249 2577 3313 hoc

498 3356 693 3444 impii,
748 3355 868 3418 imo
897 3354 1053 3417 athei
1082 3355 1253 3439 Aquod
1281 3354 1441 3418 Deus
1469 3376 1585 3416 non
1616 3355 1690 3417 sit
1715 3354 1814 3417 sed
1844 3354 2076 3418 Natura
2113 3353 2255 3417 sola.
2333 3351 2575 3440 Posthac

501 3456 717 3521 Caetus
741 3449 838 3520 ine.
869 3476 938 3516 ex
966 3456 1170 3541 Angiis
1195 3476 1477 3522 accensus
1517 3454 1801 3518 desiderio
1842 3455 2135 3540 sapiendi,
2186 3455 2327 3517 dixit
2370 3451 2577 3530 adAn·

500 3557 694 3641 gelos,
762 3556 1086 3641 loquuntur
1128 3566 1248 3619 tam
1299 3555 1462 3622 varia
1509 3557 1580 3619 de
1622 3555 1832 3619 SACRA
1875 3554 2136 3629 Canna„
2195 3555 2372 3619 dicite
2407 3551 2576 3617 nobis

501 3657 641 3742 quid
671 3656 931 3724 veritam
986 3658 1415 3741 responderunt
1456 3654 1696 3740 Angeli,
1750 3657 1982 3734 Veritas
2017 3666 2136 3727 est,
2192 3657 2354 3742 quod
2395 3656 2575 3724 homo,

500 3756 604 3850 qui
627 3763 852 3844 spectat
881 3756 953 3818 ad
984 3758 1334 3830 Dominum,
1366 3758 1448 3817 'et
1491 3756 1907 3840 paenitentiam
1949 3758 2100 3842 agit,
2157 3779 2259 3843 per
2301 3752 2575 3824 sanctissi-

504 3877 664 3930 mum
698 3856 838 3921 illud
885 3849 1274 3943 conj-ungatur
1301 3858 1594 3933 Domino,
1649 3878 1721 3921 ac
1761 3858 2169 3921 introducatur
2212 3858 2578 3933 iti-Caelum:

499 3958 601 4023 sed
631 3958 901 4020 dixerunt
932 3980 962 4021 e
990 3958 1206 4034 Caetu,
1253 3957 1366 4021 hoc
1397 3947 1740 4047 mysterium
1768 3968 1886 4034 est,
1930 3968 1987 4021 et
2017 3955 2576 4044 responderuntAn·

484 4059 647 4143 geli,
686 4068 785 4122 est
816 4060 1154 4148 mysterium
1179 4110 1194 4136 ,
1245 4060 1345 4123 sed
1378 4082 1559 4147 usque
1586 4061 1734 4132 tale,
1790 4070 1853 4122 ut
1882 4062 2059 4147 possit
2085 4060 2364 4146 intelligiz
2417 4054 2575 4122 Panis

504 4169 561 4227 et
587 4160 801 4226 Vinum
831 4159 941 4223 hoc
969 4182 1083 4223 non
1113 4160 1363 4236 faciunt,
1409 4183 1528 4225 non
1557 4160 1775 4246 aliquid
1800 4170 2184 4226 sanctumest
2212 4157 2287 4224 ab
2317 4160 2444 4235 inis,
2486 4152 2572 4222 sed

503 4261 962 4352 correspondent
994 4263 1102 4327 sibi
1133 4267 1336 4328 mutuo
1369 4261 1548 4326 Panis
1587 4261 1905 4357 materialis
1925 4270 2003 4325 *et
2043 4261 2223 4326 Panis
2255 4256 2573 4348 spiritualis,
