2750 4775
457 337 525 393 X,
605 332 1206 391 REFORMATIO
1259 338 1368 390 ΕΤ
1420 338 2095 392 ΒΕΘΕΝΕΒΔΤΙΟ.
2256 351 2361 401 ¹05

264 491 602 581 progressio
642 490 715 555 ad
744 490 958 568 finem,
1008 490 1119 556 nisi
1144 491 1217 555 sit
1245 490 1474 559 initium
1503 512 1536 556 a
1565 514 1701 579 quo.
1757 492 2071 574 Qui-aliter
2106 493 2365 581 concipi-

260 603 379 657 unt
396 593 956 678 Regenerationem,
985 613 1105 656 non
1133 594 1322 656 sciunt
1350 588 1570 679 aliquid
1598 594 1670 658 de
1700 592 2001 659 charitate
2025 603 2083 658 et
2110 595 2274 672 Fide,
2300 605 2361 660 et

259 694 338 758 de
381 695 711 758 crescentia
746 695 1051 778 utriusque
1082 694 1403 759 secundum
1434 696 1908 783 cooperationem
1934 692 2185 761 bominis
2226 716 2358 760 cum

254 793 546 860 Domino.
618 794 703 859 Ex
730 793 820 860 his
858 804 1047 882 patet,
1102 795 1260 880 quod
1288 795 1688 881 Regeneratio
1720 792 1840 872 fiat,
1892 795 1965 858 ad
2001 795 2190 860 instar
2213 796 2364 863 sicut

255 894 448 961 homo
475 896 833 983 concipitur,
887 904 1149 984 gestatur
1174 895 1233 958 in
1262 905 1467 972 utero,
1514 896 1776 961 nascitur
1812 904 1871 959 et
1907 895 2212 960 educatur.

260 1122 456 1209 Quod
474 1120 735 1216 primus*
768 1138 943 1190 actus
994 1120 1184 1188 no'vae
1237 1125 1649 1214 generationis
1692 1120 1932 1187 dicatur
1969 1114 2365 1211 Refbnnatio,

257 1228 376 1319 qui
414 1240 504 1290 est
549 1223 918 1302 intellectus,
969 1241 1027 1292 et
1064 1223 1231 1317 quod
1270 1223 1577 1289 secundus
1620 1238 1790 1289 actus
1835 1222 2073 1288 dicatur
2101 1222 2366 1314 Regene—

522 1331 709 1404 ratio,
762 1331 875 1421 qui
915 1340 1005 1391 est
1055 1324 1395 1391 voluntatis
1448 1339 1504 1390 et
1559 1323 1701 1390 inde
1755 1323 2109 1390 intellectus.

422 1508 568 1568 587.
626 1504 923 1584 Quoniam
951 1503 1048 1567 bic
1074 1513 1132 1566 et
1171 1504 1232 1566 in
1277 1502 1658 1590 sequentibus
1701 1500 1898 1589 agitur
1935 1503 2012 1567 de
2054 1500 2368 1568 Reforma-

260 1606 428 1672 tione
469 1615 527 1668 et
567 1606 639 1670 de
670 1606 1179 1692 Regeneratione,
1232 1603 1707 1693 ac·Reformatio
1748 1603 2103 1668 adscribitur
2131 1600 2365 1666 Intelle-

261 1709 425 1784 ctui,
505 1716 563 1770 et
615 1706 1015 1793 Regeneratio
1073 1705 1407 1783 Voluntati,
1492 1725 1796 1769 necessum
1852 1714 1939 1768 est
1992 1714 2058 1769 ut
2107 1705 2369 1769 sciantur

262 1807 603 1874 discrimina
647 1830 797 1894 quae
835 1817 970 1873 sunt
1012 1807 1167 1869 inter
1193 1806 1565 1871 Intellectum
1605 1816 1665 1868 et
1696 1804 2113 1881 Voluntatem,
2168 1814 2228 1868 et
2267 1803 2366 1868 illa

208 1910 219 1922 '
260 1909 556 1996 descripta
597 1919 729 1973 sunt
766 1931 942 1996 supra
971 1930 1041 1970 nt
1072 1910 1221 1981 397,
1276 1927 1459 1992 quare
1492 1907 1821 1970 consultum
1851 1917 1976 1982 est,
2029 1917 2092 1971 ut
2120 1905 2219 1970 illa
2250 1906 2367 1995 pri·

261 2030 429 2074 mum
468 2011 774 2095 legantur,
824 2020 887 2073 et
926 2016 1124 2096 postea
1172 2028 1324 2094 quae
1369 2006 1429 2069 in
1469 2004 1588 2071 hoc
1622 2004 1917 2072 Articulo:
1971 2007 2147 2090 Quod
2188 2006 2362 2084 mala,
2467 2057 2477 2065 .

257 2112 510 2197 'inquae
539 2111 799 2174 nascitur
825 2108 1038 2184 homo,
1092 2105 1403 2173 Voluntati
1431 2108 1716 2172 naturalis
1740 2105 1998 2173 hominis*
2020 2109 2366 2195 ingenerata

264 2210 420 2286 sint,
468 2218 531 2271 et
558 2210 714 2295 quod
744 2209 1033 2277 Voluntas
1059 2207 1209 2272 serat
1237 2208 1597 2271 intellectum
1626 2208 1698 2271 ad
1727 2209 2042 2274 favendum
2071 2209 2215 2284 sibi,
2265 2231 2364 2274 co-

271 2309 516 2398 gitando
547 2328 836 2397 congrue,
887 2308 969 2372 ibi
998 2308 1171 2371 etiam
1212 2317 1507 2373 ostensum
1540 2317 1657 2384 est,
1710 2320 2068 2401 quapropter
2092 2322 2156 2375 ut
2183 2311 2361 2375 bomo

266 2421 687 2497 regeneretur,
742 2411 1136 2475 necessarium
1174 2421 1295 2488 est,
1345 2410 1552 2475 uthoc
1582 2410 1682 2473 fiat
1711 2434 1818 2500 per
1844 2413 2245 2489 Intellectum,
2301 2422 2365 2477 ut

268 2529 382 2599 per
426 2533 660 2577 causam
698 2512 983 2587 mediam,
1034 2521 1093 2574 et
1120 2510 1232 2575 boc
1257 2511 1324 2577 fit
1351 2534 1458 2600 per
1479 2511 1962 2591 informationes,
2015 2536 2161 2601 quas
2187 2514 2366 2581 Intel-

267 2614 459 2679 lectus
499 2614 742 2701 recipit,
816 2635 966 2699 quae
1015 2612 1161 2678 fiunt
1207 2613 1457 2700 primum
1498 2635 1532 2678 a
1574 2616 1918 2701 parentibus
1956 2626 2014 2680 et
2055 2616 2368 2700 magistris,

263 2725 474 2802 postea
502 2738 573 2780 ex
599 2714 849 2779 lectione
878 2714 1076 2791 Verbi,
1131 2713 1699 2800 praedicationibus,
1750 2714 1912 2780 libris
1939 2726 1999 2780 et
2025 2717 2361 2802 colloquiis:

258 2815 397 2892 illa,
450 2837 604 2903 quae
623 2815 971 2881 intellectus,
999 2816 1137 2880 inde
1161 2818 1397 2904 recipit,
1451 2825 1744 2882 vocantur
1769 2838 1941 2888 verm
1997 2839 2179 2904 quare
2206 2818 2360 2881 idem

259 2927 385 2994 est,
435 2918 560 2982 sive
603 2918 861 2992 dicatur,
915 2917 1073 3003 quod
1101 2918 1477 2983 Reform-atio
1504 2917 1609 2982 fiat
1637 2938 1742 3004 per
1783 2918 2186 2995 Intellectum,
2236 2919 2362 2982 sive

257 3016 496 3083 dicatur
521 3019 682 3105 quod
709 3017 810 3082 fiat
841 3041 944 3108 per
971 3019 1147 3095 Vera,
1201 3041 1354 3106 quae
1389 3018 1718 3083 intellectus
1744 3018 1978 3107 recipit;
2034 3040 2174 3083 vera
2203 3021 2364 3083 enim

259 3117 478 3183 docent
506 3118 834 3196 hominem,
887 3121 947 3182 in
975 3118 1186 3200 Quem,
1240 3121 1301 3183 in
1336 3119 1477 3207 quid
1506 3120 1897 3195 credendum,
1951 3130 2074 3185 tum
2105 3120 2243 3206 quid
2272 3119 2361 3183 fa-

260 3217 581 3297 ciendum„
633 3222 714 3284 ita
761 3222 900 3308 quid
945 3217 1298 3297 volendum,
1351 3242 1487 3284 nam
1529 3220 1689 3306 quod
1734 3222 1863 3308 quis
1909 3220 2084 3296 facit,
2133 3220 2248 3284 boc
2288 3240 2360 3282 ex

260 3322 570 3386 voluntate
597 3321 918 3387 secundum
946 3321 1304 3387 intellectum
1333 3319 1492 3386 facit.
1559 3321 1705 3387 Cum
1747 3323 1947 3407 itaque
1983 3322 2107 3407 ipsa
2133 3319 2360 3385 Volun-

257 3430 355 3486 tas
377 3419 631 3487 bominis
657 3445 690 3488 a
719 3422 1028 3486 nativitate
1059 3424 1211 3487 mala
1239 3434 1344 3499 est,
1400 3431 1459 3486 et
1487 3423 1623 3509 quia
1653 3422 1993 3487 Intellectus
2020 3421 2191 3485 docet
2219 3420 2359 3508 quid

257 3523 483 3587 malum
522 3532 585 3588 et
622 3524 878 3600 bonurn,
930 3544 1002 3587 ac
1042 3546 1222 3588 unum
1266 3532 1457 3610 potest
1485 3523 1635 3590 velle
1663 3533 1722 3587 et
1750 3524 1999 3588 alterum
2028 3522 2357 3599 nouvelle,

257 3623 530 3709 sequitur
583 3625 741 3711 quod
793 3623 971 3689 homo
1028 3647 1132 3712 per
1179 3625 1547 3690 Intellectum
1609 3622 2026 3689 reformandus
2068 3625 2172 3696 sit;
2253 3625 2357 3689 sed

259 3725 544 3812 quamdiu
575 3726 705 3811 quis
734 3725 891 3791 videt
918 3734 976 3789 et
1004 3728 1271 3813 agnoscit
1306 3736 1504 3790 mente
1545 3726 1701 3813 quod
1744 3726 1960 3791 malum
2007 3725 2078 3789 sit
2120 3724 2361 3802 malum,

257 3834 319 3889 et
348 3826 569 3891 bonum
601 3826 818 3890 bonum
838 3875 855 3902 ,
908 3835 967 3890 et
996 3830 1217 3915 cogitat
1249 3827 1411 3916 quod
1439 3826 1659 3892 bonum
1690 3826 2023 3913 eligendum
2051 3826 2152 3903 sit,
2207 3835 2359 3890 tam-

255 3927 360 3992 diu
392 3936 586 3992 status
622 3927 719 3990 ille
747 3937 999 3993 vocatur
1022 3927 1430 4002 Reformatio;
1485 3936 1545 3991 at
1575 3928 1811 4015 quando
1841 3917 1967 3994 vuit
2000 3925 2205 4013 fugere
2233 3946 2357 3990 ma-

253 4028 380 4093 lum
406 4039 467 4093 et
492 4027 691 4094 facere
720 4029 938 4093 bonum
955 4077 974 4107 ,
1024 4029 1264 4095 inchoat
1291 4038 1479 4094 status
1504 4025 2014 4114 Regenerationis.

413 4135 562 4197 588.
607 4130 865 4217 Propter
889 4129 1048 4196 bunc
1074 4129 1251 4195 finem
1282 4129 1421 4196 data
1448 4138 1537 4196 est
1563 4127 1785 4193 homini
1811 4128 2061 4193 facultas
2087 4121 2357 4190 elevandi

253 4232 620 4299 intellectum
648 4252 835 4320 paene
863 4232 925 4297 in
951 4234 1163 4310 lucem,
1218 4231 1277 4295 in
1312 4251 1432 4318 qua
1457 4236 1594 4298 sunt
1619 4226 1829 4319 Augeli
1858 4227 2029 4301 caeli,
2068 4234 2133 4287 ut
2159 4220 2374 4291 videat·
