<?xml version="1.0" encoding="UTF-8"?>
<!DOCTYPE html PUBLIC "-//W3C//DTD XHTML 1.0 Transitional//EN"
    "http://www.w3.org/TR/xhtml1/DTD/xhtml1-transitional.dtd">
<html xmlns="http://www.w3.org/1999/xhtml" xml:lang="en" lang="en">
 <head>
  <title>
</title>
<meta http-equiv="Content-Type" content="text/html;charset=utf-8" />
  <meta name='ocr-system' content='tesseract 3.04.00' />
  <meta name='ocr-capabilities' content='ocr_page ocr_carea ocr_par ocr_line ocrx_word'/>
</head>
<body>
  <div class='ocr_page' id='page_1' title='image "./verachristianar00unkngoog_0271.png"; bbox 0 0 2750 4775; ppageno 0'>
   <div class='ocr_carea' id='block_1_1' title="bbox 821 357 2342 420">
    <p class='ocr_par' dir='ltr' id='par_1_1' title="bbox 821 357 2342 420">
     <span class='ocr_line' id='line_1_1' title="bbox 821 357 2342 420; baseline 0.007 -9"><span class='ocrx_word' id='word_1_1' title='bbox 821 358 972 412; x_wconf 82' lang='lat' dir='ltr'>xtll.</span> <span class='ocrx_word' id='word_1_2' title='bbox 1053 357 1404 414; x_wconf 74' lang='lat' dir='ltr'>SANCTA</span> <span class='ocrx_word' id='word_1_3' title='bbox 1462 358 1774 414; x_wconf 75' lang='lat' dir='ltr'>COENA.</span> <span class='ocrx_word' id='word_1_4' title='bbox 2236 372 2342 420; x_wconf 62' lang='lat'>2215</span> 
     </span>
    </p>
   </div>
   <div class='ocr_carea' id='block_1_2' title="bbox 236 507 2352 1894">
    <p class='ocr_par' dir='ltr' id='par_1_2' title="bbox 236 507 2352 1894">
     <span class='ocr_line' id='line_1_2' title="bbox 246 507 2350 606; baseline 0.002 -29"><span class='ocrx_word' id='word_1_5' title='bbox 246 513 392 579; x_wconf 85' lang='lat' dir='ltr'>dum</span> <span class='ocrx_word' id='word_1_6' title='bbox 423 512 690 578; x_wconf 79' lang='lat' dir='ltr'>ordinem</span> <span class='ocrx_word' id='word_1_7' title='bbox 719 513 778 576; x_wconf 89' lang='lat' dir='ltr'>in</span> <span class='ocrx_word' id='word_1_8' title='bbox 803 507 1064 580; x_wconf 86' lang='lat' dir='ltr'>Mundo:</span> <span class='ocrx_word' id='word_1_9' title='bbox 1118 513 1258 602; x_wconf 77' lang='lat' dir='ltr'>quid</span> <span class='ocrx_word' id='word_1_10' title='bbox 1288 511 1538 599; x_wconf 85' lang='lat' dir='ltr'>Legatio</span> <span class='ocrx_word' id='word_1_11' title='bbox 1571 522 1628 576; x_wconf 85' lang='lat' dir='ltr'>et</span> <span class='ocrx_word' id='word_1_12' title='bbox 1654 513 2099 580; x_wconf 67' lang='lat' dir='ltr'><strong>Testamentum</strong></span> <span class='ocrx_word' id='word_1_13' title='bbox 2126 514 2350 606; x_wconf 82' lang='lat' dir='ltr'>absque</span> 
     </span>
     <span class='ocr_line' id='line_1_3' title="bbox 245 613 2352 702; baseline 0.001 -22"><span class='ocrx_word' id='word_1_14' title='bbox 245 613 700 702; x_wconf 74' lang='lat' dir='ltr'>obsignatione:</span> <span class='ocrx_word' id='word_1_15' title='bbox 756 614 897 701; x_wconf 86' lang='lat' dir='ltr'>quid</span> <span class='ocrx_word' id='word_1_16' title='bbox 937 614 1240 679; x_wconf 87' lang='lat' dir='ltr'>Judicatio</span> <span class='ocrx_word' id='word_1_17' title='bbox 1281 614 1506 700; x_wconf 83' lang='lat' dir='ltr'><strong>absque</strong></span> <span class='ocrx_word' id='word_1_18' title='bbox 1536 614 1836 679; x_wconf 85' lang='lat' dir='ltr'>Sententia</span> <span class='ocrx_word' id='word_1_19' title='bbox 1875 615 2232 702; x_wconf 86' lang='lat' dir='ltr'>subscripta,</span> <span class='ocrx_word' id='word_1_20' title='bbox 2285 626 2352 682; x_wconf 83' lang='lat' dir='ltr'>ut</span> 
     </span>
     <span class='ocr_line' id='line_1_4' title="bbox 241 715 2350 803; baseline 0 -22"><span class='ocrx_word' id='word_1_21' title='bbox 241 717 531 803; x_wconf 84' lang='lat' dir='ltr'>judicium</span> <span class='ocrx_word' id='word_1_22' title='bbox 562 725 754 779; x_wconf 88' lang='lat' dir='ltr'>ratum</span> <span class='ocrx_word' id='word_1_23' title='bbox 784 715 894 780; x_wconf 88' lang='lat' dir='ltr'>sit:</span> <span class='ocrx_word' id='word_1_24' title='bbox 949 715 1088 802; x_wconf 84' lang='lat' dir='ltr'>quid</span> <span class='ocrx_word' id='word_1_25' title='bbox 1118 717 1381 781; x_wconf 85' lang='lat' dir='ltr'>eminens</span> <span class='ocrx_word' id='word_1_26' title='bbox 1406 715 1836 780; x_wconf 67' lang='lat' dir='ltr'>administratio</span> <span class='ocrx_word' id='word_1_27' title='bbox 1873 716 1932 778; x_wconf 89' lang='lat' dir='ltr'>in</span> <span class='ocrx_word' id='word_1_28' title='bbox 1963 715 2177 802; x_wconf 88' lang='lat' dir='ltr'>Regno</span> <span class='ocrx_word' id='word_1_29' title='bbox 2218 716 2350 782; x_wconf 87' lang='lat' dir='ltr'>abs·</span> 
     </span>
     <span class='ocr_line' id='line_1_5' title="bbox 242 815 2350 904; baseline -0 -22"><span class='ocrx_word' id='word_1_30' title='bbox 242 841 365 904; x_wconf 88' lang='lat' dir='ltr'>que</span> <span class='ocrx_word' id='word_1_31' title='bbox 391 817 746 904; x_wconf 83' lang='lat' dir='ltr'>diplomate=</span> <span class='ocrx_word' id='word_1_32' title='bbox 804 816 942 902; x_wconf 90' lang='lat' dir='ltr'>quid</span> <span class='ocrx_word' id='word_1_33' title='bbox 974 817 1268 904; x_wconf 72' lang='lat' dir='ltr'>promotio</span> <span class='ocrx_word' id='word_1_34' title='bbox 1297 817 1371 881; x_wconf 90' lang='lat' dir='ltr'>ad</span> <span class='ocrx_word' id='word_1_35' title='bbox 1401 815 1638 903; x_wconf 83' lang='lat' dir='ltr'>aliquod</span> <span class='ocrx_word' id='word_1_36' title='bbox 1669 815 1918 880; x_wconf 87' lang='lat' dir='ltr'>officium</span> <span class='ocrx_word' id='word_1_37' title='bbox 1960 816 2182 903; x_wconf 77' lang='lat' dir='ltr'>absque</span> <span class='ocrx_word' id='word_1_38' title='bbox 2210 838 2350 882; x_wconf 89' lang='lat' dir='ltr'>con-</span> 
     </span>
     <span class='ocr_line' id='line_1_6' title="bbox 236 917 2350 1005; baseline -0 -24"><span class='ocrx_word' id='word_1_39' title='bbox 236 918 622 986; x_wconf 78' lang='lat' dir='ltr'>firmatione:</span> <span class='ocrx_word' id='word_1_40' title='bbox 672 917 810 1003; x_wconf 88' lang='lat' dir='ltr'>quid</span> <span class='ocrx_word' id='word_1_41' title='bbox 857 919 1142 1005; x_wconf 82' lang='lat' dir='ltr'>possessio</span> <span class='ocrx_word' id='word_1_42' title='bbox 1189 918 1414 983; x_wconf 89' lang='lat' dir='ltr'>Domus</span> <span class='ocrx_word' id='word_1_43' title='bbox 1456 918 1680 1002; x_wconf 80' lang='lat' dir='ltr'>absque</span> <span class='ocrx_word' id='word_1_44' title='bbox 1722 918 2011 992; x_wconf 83' lang='lat' dir='ltr'>emtione,</span> <span class='ocrx_word' id='word_1_45' title='bbox 2061 927 2166 983; x_wconf 84' lang='lat' dir='ltr'>au&#39;t-</span> <span class='ocrx_word' id='word_1_46' title='bbox 2209 940 2350 982; x_wconf 91' lang='lat' dir='ltr'>con-</span> 
     </span>
     <span class='ocr_line' id='line_1_7' title="bbox 241 1017 2346 1108; baseline -0 -25"><span class='ocrx_word' id='word_1_47' title='bbox 241 1020 530 1084; x_wconf 72' lang='lat' dir='ltr'>ventione</span> <span class='ocrx_word' id='word_1_48' title='bbox 577 1040 708 1083; x_wconf 89' lang='lat' dir='ltr'>cum</span> <span class='ocrx_word' id='word_1_49' title='bbox 752 1040 1111 1107; x_wconf 83' lang='lat' dir='ltr'>possessore.</span> <span class='ocrx_word' id='word_1_50' title='bbox 1166 1020 1304 1105; x_wconf 85' lang='lat' dir='ltr'>quid</span> <span class='ocrx_word' id='word_1_51' title='bbox 1351 1019 1683 1108; x_wconf 77' lang='lat' dir='ltr'>progressio</span> <span class='ocrx_word' id='word_1_52' title='bbox 1729 1018 1801 1081; x_wconf 90' lang='lat' dir='ltr'>ad</span> <span class='ocrx_word' id='word_1_53' title='bbox 1848 1019 2102 1105; x_wconf 76' lang='lat' dir='ltr'>aliquem</span> <span class='ocrx_word' id='word_1_54' title='bbox 2151 1017 2346 1094; x_wconf 87' lang='lat' dir='ltr'>finem,</span> 
     </span>
     <span class='ocr_line' id='line_1_8' title="bbox 242 1118 2348 1207; baseline -0.001 -22"><span class='ocrx_word' id='word_1_55' title='bbox 242 1132 348 1185; x_wconf 91' lang='lat' dir='ltr'>aut</span> <span class='ocrx_word' id='word_1_56' title='bbox 399 1119 706 1184; x_wconf 87' lang='lat' dir='ltr'>cursitatio</span> <span class='ocrx_word' id='word_1_57' title='bbox 747 1120 819 1183; x_wconf 88' lang='lat' dir='ltr'>ad</span> <span class='ocrx_word' id='word_1_58' title='bbox 848 1120 1109 1204; x_wconf 82' lang='lat' dir='ltr'>aliquam</span> <span class='ocrx_word' id='word_1_59' title='bbox 1131 1130 1388 1196; x_wconf 87' lang='lat' dir='ltr'>metam,</span> <span class='ocrx_word' id='word_1_60' title='bbox 1440 1130 1496 1183; x_wconf 90' lang='lat' dir='ltr'>et</span> <span class='ocrx_word' id='word_1_61' title='bbox 1524 1120 1607 1184; x_wconf 93' lang='lat' dir='ltr'>sic</span> <span class='ocrx_word' id='word_1_62' title='bbox 1635 1118 1707 1183; x_wconf 90' lang='lat' dir='ltr'>ad</span> <span class='ocrx_word' id='word_1_63' title='bbox 1741 1121 2102 1207; x_wconf 85' lang='lat' dir='ltr'>praemium,</span> <span class='ocrx_word' id='word_1_64' title='bbox 2151 1121 2199 1185; x_wconf 88' lang='lat' dir='ltr'>si</span> <span class='ocrx_word' id='word_1_65' title='bbox 2227 1141 2348 1185; x_wconf 90' lang='lat' dir='ltr'>non</span> 
     </span>
     <span class='ocr_line' id='line_1_9' title="bbox 241 1220 2346 1309; baseline -0.001 -23"><span class='ocrx_word' id='word_1_66' title='bbox 241 1222 461 1309; x_wconf 87' lang='lat' dir='ltr'>aliquis</span> <span class='ocrx_word' id='word_1_67' title='bbox 506 1220 634 1288; x_wconf 83' lang='lat' dir='ltr'>finis</span> <span class='ocrx_word' id='word_1_68' title='bbox 679 1230 781 1285; x_wconf 89' lang='lat' dir='ltr'>aut</span> <span class='ocrx_word' id='word_1_69' title='bbox 822 1230 976 1286; x_wconf 87' lang='lat' dir='ltr'>meta</span> <span class='ocrx_word' id='word_1_70' title='bbox 1022 1232 1144 1298; x_wconf 87' lang='lat' dir='ltr'>est,</span> <span class='ocrx_word' id='word_1_71' title='bbox 1201 1223 1300 1285; x_wconf 93' lang='lat' dir='ltr'>ubi</span> <span class='ocrx_word' id='word_1_72' title='bbox 1344 1222 1670 1309; x_wconf 83' lang='lat' dir='ltr'>praemium</span> <span class='ocrx_word' id='word_1_73' title='bbox 1718 1221 2081 1307; x_wconf 75' lang='lat' dir='ltr'>reportabit,</span> <span class='ocrx_word' id='word_1_74' title='bbox 2133 1231 2192 1285; x_wconf 86' lang='lat' dir='ltr'>et</span> <span class='ocrx_word' id='word_1_75' title='bbox 2238 1221 2346 1288; x_wconf 87' lang='lat' dir='ltr'>nisi</span> 
     </span>
     <span class='ocr_line' id='line_1_10' title="bbox 242 1321 2344 1411; baseline 0 -24"><span class='ocrx_word' id='word_1_76' title='bbox 242 1321 507 1387; x_wconf 87' lang='lat' dir='ltr'>Praetor</span> <span class='ocrx_word' id='word_1_77' title='bbox 533 1323 904 1409; x_wconf 81' lang='lat' dir='ltr'>sponsionem</span> <span class='ocrx_word' id='word_1_78' title='bbox 942 1345 1110 1388; x_wconf 90' lang='lat' dir='ltr'>suam</span> <span class='ocrx_word' id='word_1_79' title='bbox 1157 1324 1354 1411; x_wconf 87' lang='lat' dir='ltr'>aliquo</span> <span class='ocrx_word' id='word_1_80' title='bbox 1396 1323 1573 1387; x_wconf 91' lang='lat' dir='ltr'>modo</span> <span class='ocrx_word' id='word_1_81' title='bbox 1615 1322 1915 1387; x_wconf 79' lang='lat' dir='ltr'>stabilivit.</span> <span class='ocrx_word' id='word_1_82' title='bbox 1980 1322 2095 1390; x_wconf 86' lang='lat' dir='ltr'>Sed</span> <span class='ocrx_word' id='word_1_83' title='bbox 2140 1323 2344 1388; x_wconf 87' lang='lat' dir='ltr'>ultima</span> 
     </span>
     <span class='ocr_line' id='line_1_11' title="bbox 242 1422 2344 1512; baseline 0.001 -26"><span class='ocrx_word' id='word_1_84' title='bbox 242 1423 398 1490; x_wconf 90' lang='lat' dir='ltr'>baec</span> <span class='ocrx_word' id='word_1_85' title='bbox 427 1424 614 1488; x_wconf 86' lang='lat' dir='ltr'>solum</span> <span class='ocrx_word' id='word_1_86' title='bbox 644 1422 1047 1489; x_wconf 80' lang='lat' dir='ltr'>illustrationis</span> <span class='ocrx_word' id='word_1_87' title='bbox 1076 1446 1251 1490; x_wconf 84' lang='lat' dir='ltr'>causa</span> <span class='ocrx_word' id='word_1_88' title='bbox 1283 1424 1511 1510; x_wconf 82' lang='lat' dir='ltr'>adjecta</span> <span class='ocrx_word' id='word_1_89' title='bbox 1540 1434 1706 1498; x_wconf 84' lang='lat' dir='ltr'>sunt,</span> <span class='ocrx_word' id='word_1_90' title='bbox 1745 1433 1809 1487; x_wconf 90' lang='lat' dir='ltr'>ut</span> <span class='ocrx_word' id='word_1_91' title='bbox 1839 1445 1870 1487; x_wconf 93' lang='lat' dir='ltr'>a</span> <span class='ocrx_word' id='word_1_92' title='bbox 1896 1423 2142 1512; x_wconf 88' lang='lat' dir='ltr'>simplici</span> <span class='ocrx_word' id='word_1_93' title='bbox 2170 1425 2344 1489; x_wconf 88' lang='lat' dir='ltr'>etiam</span> 
     </span>
     <span class='ocr_line' id='line_1_12' title="bbox 242 1524 2343 1613; baseline -0 -23"><span class='ocrx_word' id='word_1_94' title='bbox 242 1526 639 1613; x_wconf 83' lang='lat' dir='ltr'>percipiatur,</span> <span class='ocrx_word' id='word_1_95' title='bbox 685 1525 842 1611; x_wconf 86' lang='lat' dir='ltr'>quod</span> <span class='ocrx_word' id='word_1_96' title='bbox 874 1524 1088 1589; x_wconf 89' lang='lat' dir='ltr'>Sancta</span> <span class='ocrx_word' id='word_1_97' title='bbox 1120 1526 1316 1591; x_wconf 90' lang='lat' dir='ltr'>Caena</span> <span class='ocrx_word' id='word_1_98' title='bbox 1355 1527 1429 1590; x_wconf 87' lang='lat' dir='ltr'>sit</span> <span class='ocrx_word' id='word_1_99' title='bbox 1468 1526 1616 1590; x_wconf 88' lang='lat' dir='ltr'>sicut</span> <span class='ocrx_word' id='word_1_100' title='bbox 1656 1525 2020 1610; x_wconf 79' lang='lat' dir='ltr'>obsignatio,</span> <span class='ocrx_word' id='word_1_101' title='bbox 2071 1524 2343 1611; x_wconf 87' lang='lat' dir='ltr'>sigillum,</span> 
     </span>
     <span class='ocr_line' id='line_1_13' title="bbox 241 1625 2339 1714; baseline 0 -25"><span class='ocrx_word' id='word_1_102' title='bbox 241 1636 504 1702; x_wconf 83' lang='lat' dir='ltr'>tessera,</span> <span class='ocrx_word' id='word_1_103' title='bbox 558 1648 629 1690; x_wconf 90' lang='lat' dir='ltr'>ac</span> <span class='ocrx_word' id='word_1_104' title='bbox 669 1625 977 1712; x_wconf 80' lang='lat' dir='ltr'>legationis</span> <span class='ocrx_word' id='word_1_105' title='bbox 1022 1626 1352 1692; x_wconf 87' lang='lat' dir='ltr'>testificatio</span> <span class='ocrx_word' id='word_1_106' title='bbox 1392 1628 1571 1691; x_wconf 88' lang='lat' dir='ltr'>etiam</span> <span class='ocrx_word' id='word_1_107' title='bbox 1616 1645 1816 1690; x_wconf 87' lang='lat' dir='ltr'>coram</span> <span class='ocrx_word' id='word_1_108' title='bbox 1860 1625 2130 1712; x_wconf 81' lang='lat' dir='ltr'>Angelis,</span> <span class='ocrx_word' id='word_1_109' title='bbox 2183 1628 2339 1714; x_wconf 88' lang='lat' dir='ltr'>quod</span> 
     </span>
     <span class='ocr_line' id='line_1_14' title="bbox 243 1726 2342 1815; baseline -0 -24"><span class='ocrx_word' id='word_1_110' title='bbox 243 1726 349 1791; x_wconf 86' lang='lat' dir='ltr'>filii</span> <span class='ocrx_word' id='word_1_111' title='bbox 380 1728 493 1791; x_wconf 89' lang='lat' dir='ltr'>Dei</span> <span class='ocrx_word' id='word_1_112' title='bbox 522 1727 667 1801; x_wconf 83' lang='lat' dir='ltr'>sint,</span> <span class='ocrx_word' id='word_1_113' title='bbox 718 1736 776 1789; x_wconf 87' lang='lat' dir='ltr'>et</span> <span class='ocrx_word' id='word_1_114' title='bbox 814 1729 1049 1815; x_wconf 86' lang='lat' dir='ltr'>insuper</span> <span class='ocrx_word' id='word_1_115' title='bbox 1086 1730 1233 1793; x_wconf 89' lang='lat' dir='ltr'>sicut</span> <span class='ocrx_word' id='word_1_116' title='bbox 1274 1728 1455 1795; x_wconf 86' lang='lat' dir='ltr'>clavis</span> <span class='ocrx_word' id='word_1_117' title='bbox 1493 1728 1566 1805; x_wconf 83' lang='lat' dir='ltr'>ad</span> <span class='ocrx_word' id='word_1_118' title='bbox 1597 1728 1834 1793; x_wconf 87' lang='lat' dir='ltr'>domum</span> <span class='ocrx_word' id='word_1_119' title='bbox 1877 1726 1935 1789; x_wconf 92' lang='lat' dir='ltr'>in</span> <span class='ocrx_word' id='word_1_120' title='bbox 1978 1727 2189 1804; x_wconf 86' lang='lat' dir='ltr'>Caelo,</span> <span class='ocrx_word' id='word_1_121' title='bbox 2245 1728 2342 1791; x_wconf 91' lang='lat' dir='ltr'>ubi</span> 
     </span>
     <span class='ocr_line' id='line_1_15' title="bbox 242 1827 1048 1894; baseline 0 -2"><span class='ocrx_word' id='word_1_122' title='bbox 242 1828 306 1892; x_wconf 88' lang='lat' dir='ltr'>in</span> <span class='ocrx_word' id='word_1_123' title='bbox 346 1840 653 1894; x_wconf 86' lang='lat' dir='ltr'>aeternum</span> <span class='ocrx_word' id='word_1_124' title='bbox 680 1827 1048 1893; x_wconf 87' lang='lat' dir='ltr'>habitabunt.</span> 
     </span>
    </p>
   </div>
   <div class='ocr_carea' id='block_1_3' title="bbox 1023 1979 1540 2020">
    <p class='ocr_par' dir='ltr' id='par_1_3' title="bbox 1023 1979 1540 2020">
     <span class='ocr_line' id='line_1_16' title="bbox 1023 1979 1540 2020; baseline -0.002 0"><span class='ocrx_word' id='word_1_125' title='bbox 1023 1979 1540 2020; x_wconf 64' lang='lat'><strong><em>*****</em></strong></span> 
     </span>
    </p>
   </div>
   <div class='ocr_carea' id='block_1_4' title="bbox 196 2126 2346 4343">
    <p class='ocr_par' dir='ltr' id='par_1_4' title="bbox 196 2126 2346 4343">
     <span class='ocr_line' id='line_1_17' title="bbox 409 2126 2343 2216; baseline -0.001 -22"><span class='ocrx_word' id='word_1_126' title='bbox 409 2133 553 2195; x_wconf 76' lang='lat'><strong>¹231.</strong></span> <span class='ocrx_word' id='word_1_127' title='bbox 607 2129 924 2210; x_wconf 86' lang='lat' dir='ltr'>Quondam</span> <span class='ocrx_word' id='word_1_128' title='bbox 956 2129 1094 2193; x_wconf 91' lang='lat' dir='ltr'>mihi</span> <span class='ocrx_word' id='word_1_129' title='bbox 1126 2130 1281 2196; x_wconf 85' lang='lat' dir='ltr'>visus</span> <span class='ocrx_word' id='word_1_130' title='bbox 1307 2141 1393 2196; x_wconf 87' lang='lat' dir='ltr'>est</span> <span class='ocrx_word' id='word_1_131' title='bbox 1426 2126 1678 2216; x_wconf 76' lang='lat' dir='ltr'>Angelus</span> <span class='ocrx_word' id='word_1_132' title='bbox 1705 2129 1815 2194; x_wconf 89' lang='lat' dir='ltr'>sub</span> <span class='ocrx_word' id='word_1_133' title='bbox 1843 2129 2026 2193; x_wconf 87' lang='lat' dir='ltr'>Caelo</span> <span class='ocrx_word' id='word_1_134' title='bbox 2050 2129 2343 2195; x_wconf 86' lang='lat' dir='ltr'>Orientali</span> 
     </span>
     <span class='ocr_line' id='line_1_18' title="bbox 251 2231 2343 2317; baseline -0 -20"><span class='ocrx_word' id='word_1_135' title='bbox 251 2232 493 2309; x_wconf 83' lang='lat' dir='ltr'>volans,</span> <span class='ocrx_word' id='word_1_136' title='bbox 545 2233 638 2296; x_wconf 90' lang='lat' dir='ltr'>cui</span> <span class='ocrx_word' id='word_1_137' title='bbox 686 2232 827 2295; x_wconf 89' lang='lat' dir='ltr'>tuba</span> <span class='ocrx_word' id='word_1_138' title='bbox 875 2242 1003 2295; x_wconf 89' lang='lat' dir='ltr'>erat</span> <span class='ocrx_word' id='word_1_139' title='bbox 1047 2233 1107 2294; x_wconf 87' lang='lat' dir='ltr'>in</span> <span class='ocrx_word' id='word_1_140' title='bbox 1152 2253 1330 2296; x_wconf 88' lang='lat' dir='ltr'>manu</span> <span class='ocrx_word' id='word_1_141' title='bbox 1374 2240 1434 2294; x_wconf 88' lang='lat' dir='ltr'>et</span> <span class='ocrx_word' id='word_1_142' title='bbox 1476 2233 1547 2296; x_wconf 88' lang='lat' dir='ltr'>ad</span> <span class='ocrx_word' id='word_1_143' title='bbox 1599 2254 1693 2305; x_wconf 92' lang='lat' dir='ltr'>os,</span> <span class='ocrx_word' id='word_1_144' title='bbox 1741 2231 1842 2317; x_wconf 88' lang='lat' dir='ltr'>qui</span> <span class='ocrx_word' id='word_1_145' title='bbox 1884 2231 2098 2295; x_wconf 79' lang='lat' dir='ltr'>clanxit</span> <span class='ocrx_word' id='word_1_146' title='bbox 2141 2253 2343 2297; x_wconf 85' lang='lat' dir='ltr'>versus</span> 
     </span>
     <span class='ocr_line' id='line_1_19' title="bbox 249 2332 2344 2421; baseline 0 -23"><span class='ocrx_word' id='word_1_147' title='bbox 249 2333 746 2421; x_wconf 88' lang='lat' dir='ltr'>Septentrionem,</span> <span class='ocrx_word' id='word_1_148' title='bbox 778 2355 980 2399; x_wconf 86' lang='lat' dir='ltr'>versus</span> <span class='ocrx_word' id='word_1_149' title='bbox 995 2332 1398 2408; x_wconf 84' lang='lat' dir='ltr'>Occidentem,</span> <span class='ocrx_word' id='word_1_150' title='bbox 1427 2341 1484 2397; x_wconf 88' lang='lat' dir='ltr'>et</span> <span class='ocrx_word' id='word_1_151' title='bbox 1511 2353 1714 2400; x_wconf 84' lang='lat' dir='ltr'>versus</span> <span class='ocrx_word' id='word_1_152' title='bbox 1732 2333 2078 2397; x_wconf 82' lang='lat' dir='ltr'>Meridiem:</span> <span class='ocrx_word' id='word_1_153' title='bbox 2106 2333 2344 2399; x_wconf 88' lang='lat' dir='ltr'>indutus</span> 
     </span>
     <span class='ocr_line' id='line_1_20' title="bbox 253 2434 2344 2525; baseline 0 -27"><span class='ocrx_word' id='word_1_154' title='bbox 253 2445 384 2498; x_wconf 85' lang='lat' dir='ltr'>erat</span> <span class='ocrx_word' id='word_1_155' title='bbox 405 2434 730 2525; x_wconf 80' lang='lat' dir='ltr'>chlamyde,</span> <span class='ocrx_word' id='word_1_156' title='bbox 758 2455 909 2522; x_wconf 84' lang='lat' dir='ltr'>quae</span> <span class='ocrx_word' id='word_1_157' title='bbox 931 2457 1001 2498; x_wconf 86' lang='lat' dir='ltr'>ex</span> <span class='ocrx_word' id='word_1_158' title='bbox 1031 2436 1231 2499; x_wconf 87' lang='lat' dir='ltr'>volatu</span> <span class='ocrx_word' id='word_1_159' title='bbox 1258 2434 1480 2498; x_wconf 84' lang='lat' dir='ltr'>fluebat</span> <span class='ocrx_word' id='word_1_160' title='bbox 1508 2443 1851 2510; x_wconf 85' lang='lat' dir='ltr'>retrorsum,</span> <span class='ocrx_word' id='word_1_161' title='bbox 1880 2444 1937 2498; x_wconf 87' lang='lat' dir='ltr'>et</span> <span class='ocrx_word' id='word_1_162' title='bbox 1965 2436 2187 2500; x_wconf 86' lang='lat' dir='ltr'>cinctus</span> <span class='ocrx_word' id='word_1_163' title='bbox 2214 2444 2344 2502; x_wconf 85' lang='lat' dir='ltr'>erat</span> 
     </span>
     <span class='ocr_line' id='line_1_21' title="bbox 259 2533 2346 2625; baseline 0.002 -28"><span class='ocrx_word' id='word_1_164' title='bbox 259 2533 440 2598; x_wconf 81' lang='lat' dir='ltr'>fascia</span> <span class='ocrx_word' id='word_1_165' title='bbox 460 2557 531 2598; x_wconf 87' lang='lat' dir='ltr'>ex</span> <span class='ocrx_word' id='word_1_166' title='bbox 551 2539 783 2625; x_wconf 79' lang='lat' dir='ltr'>pyropis</span> <span class='ocrx_word' id='word_1_167' title='bbox 814 2545 870 2600; x_wconf 87' lang='lat' dir='ltr'>et</span> <span class='ocrx_word' id='word_1_168' title='bbox 897 2536 1186 2624; x_wconf 86' lang='lat' dir='ltr'>sapphiris</span> <span class='ocrx_word' id='word_1_169' title='bbox 1212 2538 1360 2601; x_wconf 85' lang='lat' dir='ltr'>sicut</span> <span class='ocrx_word' id='word_1_170' title='bbox 1390 2534 1730 2601; x_wconf 85' lang='lat' dir='ltr'>flammante</span> <span class='ocrx_word' id='word_1_171' title='bbox 1749 2545 1807 2600; x_wconf 90' lang='lat' dir='ltr'>et</span> <span class='ocrx_word' id='word_1_172' title='bbox 1836 2537 2095 2611; x_wconf 81' lang='lat' dir='ltr'>lucente3</span> <span class='ocrx_word' id='word_1_173' title='bbox 2125 2559 2346 2625; x_wconf 85' lang='lat' dir='ltr'>pronus</span> 
     </span>
     <span class='ocr_line' id='line_1_22' title="bbox 254 2634 2338 2725; baseline 0.001 -27"><span class='ocrx_word' id='word_1_174' title='bbox 254 2634 514 2710; x_wconf 82' lang='lat' dir='ltr'>volabat,</span> <span class='ocrx_word' id='word_1_175' title='bbox 546 2646 605 2701; x_wconf 83' lang='lat' dir='ltr'>et</span> <span class='ocrx_word' id='word_1_176' title='bbox 633 2637 857 2701; x_wconf 87' lang='lat' dir='ltr'>demisit</span> <span class='ocrx_word' id='word_1_177' title='bbox 882 2659 944 2703; x_wconf 90' lang='lat' dir='ltr'>se</span> <span class='ocrx_word' id='word_1_178' title='bbox 962 2639 1117 2703; x_wconf 89' lang='lat' dir='ltr'>lente</span> <span class='ocrx_word' id='word_1_179' title='bbox 1146 2638 1467 2713; x_wconf 85' lang='lat' dir='ltr'>interram,</span> <span class='ocrx_word' id='word_1_180' title='bbox 1496 2659 1646 2725; x_wconf 90' lang='lat' dir='ltr'>quae</span> <span class='ocrx_word' id='word_1_181' title='bbox 1679 2637 1820 2700; x_wconf 86' lang='lat' dir='ltr'>mihi</span> <span class='ocrx_word' id='word_1_182' title='bbox 1847 2638 2151 2702; x_wconf 90' lang='lat' dir='ltr'>continens</span> <span class='ocrx_word' id='word_1_183' title='bbox 2178 2647 2338 2703; x_wconf 85' lang='lat' dir='ltr'>erat:</span> 
     </span>
     <span class='ocr_line' id='line_1_23' title="bbox 253 2738 2341 2827; baseline 0.001 -27"><span class='ocrx_word' id='word_1_184' title='bbox 253 2746 321 2800; x_wconf 85' lang='lat' dir='ltr'>ut</span> <span class='ocrx_word' id='word_1_185' title='bbox 351 2738 536 2824; x_wconf 86' lang='lat' dir='ltr'>tetigit</span> <span class='ocrx_word' id='word_1_186' title='bbox 564 2748 803 2814; x_wconf 73' lang='lat' dir='ltr'>terram,</span> <span class='ocrx_word' id='word_1_187' title='bbox 830 2748 1059 2804; x_wconf 89' lang='lat' dir='ltr'>erectus</span> <span class='ocrx_word' id='word_1_188' title='bbox 1084 2760 1258 2827; x_wconf 90' lang='lat' dir='ltr'>super</span> <span class='ocrx_word' id='word_1_189' title='bbox 1286 2740 1432 2826; x_wconf 90' lang='lat' dir='ltr'>pede</span> <span class='ocrx_word' id='word_1_190' title='bbox 1466 2738 1625 2805; x_wconf 86' lang='lat' dir='ltr'>vadit</span> <span class='ocrx_word' id='word_1_191' title='bbox 1652 2738 1766 2801; x_wconf 92' lang='lat' dir='ltr'>huc</span> <span class='ocrx_word' id='word_1_192' title='bbox 1792 2740 1963 2815; x_wconf 89' lang='lat' dir='ltr'>illuc,</span> <span class='ocrx_word' id='word_1_193' title='bbox 1995 2749 2053 2803; x_wconf 79' lang='lat' dir='ltr'>et</span> <span class='ocrx_word' id='word_1_194' title='bbox 2074 2738 2221 2802; x_wconf 75' lang='lat' dir='ltr'>&#39;tunc</span> <span class='ocrx_word' id='word_1_195' title='bbox 2249 2759 2341 2803; x_wconf 90' lang='lat' dir='ltr'>me</span> 
     </span>
     <span class='ocr_line' id='line_1_24' title="bbox 250 2838 2339 2928; baseline -0.001 -25"><span class='ocrx_word' id='word_1_196' title='bbox 250 2839 379 2903; x_wconf 82' lang='lat' dir='ltr'>viso</span> <span class='ocrx_word' id='word_1_197' title='bbox 405 2840 612 2904; x_wconf 83' lang='lat' dir='ltr'>direxit</span> <span class='ocrx_word' id='word_1_198' title='bbox 639 2860 898 2926; x_wconf 87' lang='lat' dir='ltr'>gressum</span> <span class='ocrx_word' id='word_1_199' title='bbox 928 2841 1001 2903; x_wconf 92' lang='lat' dir='ltr'>ad</span> <span class='ocrx_word' id='word_1_200' title='bbox 1031 2860 1156 2914; x_wconf 89' lang='lat' dir='ltr'>me,</span> <span class='ocrx_word' id='word_1_201' title='bbox 1209 2862 1368 2904; x_wconf 91' lang='lat' dir='ltr'>eram</span> <span class='ocrx_word' id='word_1_202' title='bbox 1399 2842 1458 2902; x_wconf 91' lang='lat' dir='ltr'>in</span> <span class='ocrx_word' id='word_1_203' title='bbox 1484 2840 1722 2928; x_wconf 82' lang='lat' dir='ltr'>spiritu,</span> <span class='ocrx_word' id='word_1_204' title='bbox 1771 2850 1832 2904; x_wconf 88' lang='lat' dir='ltr'>et</span> <span class='ocrx_word' id='word_1_205' title='bbox 1862 2841 1920 2902; x_wconf 88' lang='lat' dir='ltr'>in</span> <span class='ocrx_word' id='word_1_206' title='bbox 1962 2838 2075 2903; x_wconf 88' lang='lat' dir='ltr'>hoc</span> <span class='ocrx_word' id='word_1_207' title='bbox 2108 2839 2339 2903; x_wconf 85' lang='lat' dir='ltr'>stabam</span> 
     </span>
     <span class='ocr_line' id='line_1_25' title="bbox 250 2938 2343 3028; baseline -0 -25"><span class='ocrx_word' id='word_1_208' title='bbox 250 2961 429 3028; x_wconf 87' lang='lat' dir='ltr'>super</span> <span class='ocrx_word' id='word_1_209' title='bbox 459 2942 608 3005; x_wconf 88' lang='lat' dir='ltr'>colle</span> <span class='ocrx_word' id='word_1_210' title='bbox 633 2943 693 3004; x_wconf 89' lang='lat' dir='ltr'>in</span> <span class='ocrx_word' id='word_1_211' title='bbox 714 2939 898 3025; x_wconf 87' lang='lat' dir='ltr'>Plaga</span> <span class='ocrx_word' id='word_1_212' title='bbox 929 2942 1326 3016; x_wconf 88' lang='lat' dir='ltr'>meridionali;</span> <span class='ocrx_word' id='word_1_213' title='bbox 1356 2964 1427 3005; x_wconf 91' lang='lat' dir='ltr'>ac</span> <span class='ocrx_word' id='word_1_214' title='bbox 1455 2963 1588 3009; x_wconf 82' lang='lat' dir='ltr'>cum</span> <span class='ocrx_word' id='word_1_215' title='bbox 1615 2963 1799 3027; x_wconf 87' lang='lat' dir='ltr'>prope</span> <span class='ocrx_word' id='word_1_216' title='bbox 1826 2949 1974 3014; x_wconf 90' lang='lat' dir='ltr'>erat,</span> <span class='ocrx_word' id='word_1_217' title='bbox 2009 2938 2343 3024; x_wconf 90' lang='lat' dir='ltr'>alloquutus</span> 
     </span>
     <span class='ocr_line' id='line_1_26' title="bbox 249 3039 2339 3130; baseline -0.002 -24"><span class='ocrx_word' id='word_1_218' title='bbox 249 3041 415 3106; x_wconf 83' lang='lat' dir='ltr'>illum</span> <span class='ocrx_word' id='word_1_219' title='bbox 443 3043 738 3130; x_wconf 84' lang='lat' dir='ltr'>quaesivi,</span> <span class='ocrx_word' id='word_1_220' title='bbox 791 3044 933 3129; x_wconf 87' lang='lat' dir='ltr'>quid</span> <span class='ocrx_word' id='word_1_221' title='bbox 973 3043 1056 3107; x_wconf 89' lang='lat' dir='ltr'>rei</span> <span class='ocrx_word' id='word_1_222' title='bbox 1091 3064 1273 3118; x_wconf 87' lang='lat' dir='ltr'>nunc,</span> <span class='ocrx_word' id='word_1_223' title='bbox 1339 3043 1537 3107; x_wconf 80' lang='lat' dir='ltr'>audivi</span> <span class='ocrx_word' id='word_1_224' title='bbox 1586 3041 1921 3127; x_wconf 87' lang='lat' dir='ltr'>clangorem</span> <span class='ocrx_word' id='word_1_225' title='bbox 1964 3039 2141 3102; x_wconf 90' lang='lat' dir='ltr'>tubae</span> <span class='ocrx_word' id='word_1_226' title='bbox 2182 3047 2339 3115; x_wconf 89' lang='lat' dir='ltr'>tuae,</span> 
     </span>
     <span class='ocr_line' id='line_1_27' title="bbox 250 3139 2341 3231; baseline -0.001 -25"><span class='ocrx_word' id='word_1_227' title='bbox 250 3152 309 3206; x_wconf 89' lang='lat' dir='ltr'>et</span> <span class='ocrx_word' id='word_1_228' title='bbox 351 3143 469 3208; x_wconf 86' lang='lat' dir='ltr'>vidi</span> <span class='ocrx_word' id='word_1_229' title='bbox 507 3144 846 3209; x_wconf 85' lang='lat' dir='ltr'>descensum</span> <span class='ocrx_word' id='word_1_230' title='bbox 892 3154 1054 3207; x_wconf 89' lang='lat' dir='ltr'>tuum</span> <span class='ocrx_word' id='word_1_231' title='bbox 1095 3164 1200 3231; x_wconf 90' lang='lat' dir='ltr'>per</span> <span class='ocrx_word' id='word_1_232' title='bbox 1240 3149 1469 3213; x_wconf 61' lang='lat' dir='ltr'>aiiremz</span> <span class='ocrx_word' id='word_1_233' title='bbox 1523 3141 1781 3228; x_wconf 84' lang='lat' dir='ltr'>Angelus</span> <span class='ocrx_word' id='word_1_234' title='bbox 1821 3139 2153 3226; x_wconf 88' lang='lat' dir='ltr'>respondit,</span> <span class='ocrx_word' id='word_1_235' title='bbox 2204 3139 2341 3204; x_wconf 85' lang='lat' dir='ltr'>mis-</span> 
     </span>
     <span class='ocr_line' id='line_1_28' title="bbox 248 3240 2344 3328; baseline -0.002 -21"><span class='ocrx_word' id='word_1_236' title='bbox 248 3265 347 3309; x_wconf 80' lang='lat' dir='ltr'>sus</span> <span class='ocrx_word' id='word_1_237' title='bbox 383 3266 513 3309; x_wconf 90' lang='lat' dir='ltr'>sum</span> <span class='ocrx_word' id='word_1_238' title='bbox 550 3245 626 3309; x_wconf 86' lang='lat' dir='ltr'>ad</span> <span class='ocrx_word' id='word_1_239' title='bbox 671 3243 1116 3309; x_wconf 87' lang='lat' dir='ltr'>convocandum</span> <span class='ocrx_word' id='word_1_240' title='bbox 1161 3244 1648 3309; x_wconf 84' lang='lat' dir='ltr'>celebratissimos</span> <span class='ocrx_word' id='word_1_241' title='bbox 1674 3242 2022 3316; x_wconf 87' lang='lat' dir='ltr'>eruditione,</span> <span class='ocrx_word' id='word_1_242' title='bbox 2051 3240 2344 3328; x_wconf 81' lang='lat' dir='ltr'>perspica-</span> 
     </span>
     <span class='ocr_line' id='line_1_29' title="bbox 228 3341 2341 3432; baseline -0 -25"><span class='ocrx_word' id='word_1_243' title='bbox 228 3345 508 3410; x_wconf 84' lang='lat' dir='ltr'>-cissimos</span> <span class='ocrx_word' id='word_1_244' title='bbox 546 3346 816 3432; x_wconf 85' lang='lat' dir='ltr'>ingenio,</span> <span class='ocrx_word' id='word_1_245' title='bbox 868 3367 936 3409; x_wconf 90' lang='lat' dir='ltr'>ac</span> <span class='ocrx_word' id='word_1_246' title='bbox 964 3345 1452 3419; x_wconf 86' lang='lat' dir='ltr'>eminentissimos</span> <span class='ocrx_word' id='word_1_247' title='bbox 1491 3344 1724 3406; x_wconf 90' lang='lat' dir='ltr'>nomine</span> <span class='ocrx_word' id='word_1_248' title='bbox 1761 3342 2110 3430; x_wconf 82' lang='lat' dir='ltr'>sapientiae,</span> <span class='ocrx_word' id='word_1_249' title='bbox 2164 3341 2262 3427; x_wconf 90' lang='lat' dir='ltr'>qui</span> <span class='ocrx_word' id='word_1_250' title='bbox 2308 3363 2341 3406; x_wconf 88' lang='lat' dir='ltr'>e</span> 
     </span>
     <span class='ocr_line' id='line_1_30' title="bbox 248 3443 2338 3534; baseline -0.002 -23"><span class='ocrx_word' id='word_1_251' title='bbox 248 3445 473 3533; x_wconf 83' lang='lat' dir='ltr'>Regnis</span> <span class='ocrx_word' id='word_1_252' title='bbox 509 3444 823 3511; x_wconf 89' lang='lat' dir='ltr'>Christiani</span> <span class='ocrx_word' id='word_1_253' title='bbox 864 3446 1045 3512; x_wconf 88' lang='lat' dir='ltr'>Orbis</span> <span class='ocrx_word' id='word_1_254' title='bbox 1071 3468 1249 3534; x_wconf 87' lang='lat' dir='ltr'>super·</span> <span class='ocrx_word' id='word_1_255' title='bbox 1271 3445 1605 3510; x_wconf 84' lang='lat' dir='ltr'>continente</span> <span class='ocrx_word' id='word_1_256' title='bbox 1634 3444 1744 3508; x_wconf 87' lang='lat' dir='ltr'>hac</span> <span class='ocrx_word' id='word_1_257' title='bbox 1785 3456 1940 3509; x_wconf 87' lang='lat' dir='ltr'>terra</span> <span class='ocrx_word' id='word_1_258' title='bbox 1968 3452 2136 3518; x_wconf 89' lang='lat' dir='ltr'>sunt,</span> <span class='ocrx_word' id='word_1_259' title='bbox 2188 3451 2251 3507; x_wconf 92' lang='lat' dir='ltr'>ut</span> <span class='ocrx_word' id='word_1_260' title='bbox 2277 3443 2338 3507; x_wconf 87' lang='lat' dir='ltr'>in</span> 
     </span>
     <span class='ocr_line' id='line_1_31' title="bbox 249 3536 2339 3632; baseline 0 -23"><span class='ocrx_word' id='word_1_261' title='bbox 249 3546 408 3612; x_wconf 88' lang='lat' dir='ltr'>bunc</span> <span class='ocrx_word' id='word_1_262' title='bbox 438 3546 694 3622; x_wconf 90' lang='lat' dir='ltr'>Collem,</span> <span class='ocrx_word' id='word_1_263' title='bbox 745 3547 846 3611; x_wconf 88' lang='lat' dir='ltr'>ubi</span> <span class='ocrx_word' id='word_1_264' title='bbox 887 3558 948 3611; x_wconf 92' lang='lat' dir='ltr'>tu</span> <span class='ocrx_word' id='word_1_265' title='bbox 989 3547 1402 3622; x_wconf 88' lang='lat' dir='ltr'>commoraris,</span> <span class='ocrx_word' id='word_1_266' title='bbox 1455 3547 1840 3622; x_wconf 87' lang='lat' dir='ltr'>conveniant,</span> <span class='ocrx_word' id='word_1_267' title='bbox 1893 3554 1951 3610; x_wconf 86' lang='lat' dir='ltr'>et</span> <span class='ocrx_word' id='word_1_268' title='bbox 1990 3564 2060 3609; x_wconf 84' lang='lat' dir='ltr'>ex</span> <span class='ocrx_word' id='word_1_269' title='bbox 2099 3536 2339 3632; x_wconf 76' lang='lat' dir='ltr'>pectore</span> 
     </span>
     <span class='ocr_line' id='line_1_32' title="bbox 248 3647 2341 3737; baseline 0 -27"><span class='ocrx_word' id='word_1_270' title='bbox 248 3657 597 3737; x_wconf 82' lang='lat' dir='ltr'>expromant</span> <span class='ocrx_word' id='word_1_271' title='bbox 630 3658 883 3725; x_wconf 89' lang='lat' dir='ltr'>mentes,</span> <span class='ocrx_word' id='word_1_272' title='bbox 928 3649 1064 3735; x_wconf 89' lang='lat' dir='ltr'>quid</span> <span class='ocrx_word' id='word_1_273' title='bbox 1093 3649 1153 3712; x_wconf 92' lang='lat' dir='ltr'>in</span> <span class='ocrx_word' id='word_1_274' title='bbox 1182 3648 1409 3716; x_wconf 86' lang='lat' dir='ltr'>Mundo</span> <span class='ocrx_word' id='word_1_275' title='bbox 1438 3648 1877 3734; x_wconf 83' lang='lat' dir='ltr'>cogitaverant,</span> <span class='ocrx_word' id='word_1_276' title='bbox 1914 3647 2341 3726; x_wconf 79' lang='lat' dir='ltr'>intellexerant,</span> 
     </span>
     <span class='ocr_line' id='line_1_33' title="bbox 196 3744 2337 3835; baseline 0 -24"><span class='ocrx_word' id='word_1_277' title='bbox 196 3778 219 3833; x_wconf 41' lang='grc' dir='ltr'><strong><em>χ</em></strong></span> <span class='ocrx_word' id='word_1_278' title='bbox 244 3759 305 3812; x_wconf 87' lang='lat' dir='ltr'>et</span> <span class='ocrx_word' id='word_1_279' title='bbox 331 3759 652 3835; x_wconf 82' lang='lat' dir='ltr'>sapuerant</span> <span class='ocrx_word' id='word_1_280' title='bbox 678 3749 749 3813; x_wconf 91' lang='lat' dir='ltr'>de</span> <span class='ocrx_word' id='word_1_281' title='bbox 778 3747 1038 3817; x_wconf 66' lang='lat' dir='ltr'>Gaumo</span> <span class='ocrx_word' id='word_1_282' title='bbox 1065 3744 1383 3827; x_wconf 61' lang='lat' dir='ltr'>CAELEsn,</span> <span class='ocrx_word' id='word_1_283' title='bbox 1425 3757 1483 3812; x_wconf 88' lang='lat' dir='ltr'>et</span> <span class='ocrx_word' id='word_1_284' title='bbox 1510 3750 1582 3813; x_wconf 90' lang='lat' dir='ltr'>de</span> <span class='ocrx_word' id='word_1_285' title='bbox 1613 3749 1987 3814; x_wconf 66' lang='lat' dir='ltr'>Faucium</span> <span class='ocrx_word' id='word_1_286' title='bbox 2022 3745 2337 3814; x_wconf 69' lang='lat' dir='ltr'>Amnum.</span> 
     </span>
     <span class='ocr_line' id='line_1_34' title="bbox 245 3844 2343 3937; baseline -0.002 -22"><span class='ocrx_word' id='word_1_287' title='bbox 245 3850 440 3915; x_wconf 88' lang='lat' dir='ltr'>Causa</span> <span class='ocrx_word' id='word_1_288' title='bbox 480 3851 787 3937; x_wconf 78' lang='lat' dir='ltr'>legationis</span> <span class='ocrx_word' id='word_1_289' title='bbox 826 3844 992 3916; x_wconf 77' lang='lat' dir='ltr'>meae</span> <span class='ocrx_word' id='word_1_290' title='bbox 1034 3849 1143 3914; x_wconf 76' lang='lat' dir='ltr'>suit</span> <span class='ocrx_word' id='word_1_291' title='bbox 1183 3851 1382 3926; x_wconf 79' lang='lat' dir='ltr'>baec„</span> <span class='ocrx_word' id='word_1_292' title='bbox 1413 3850 1570 3937; x_wconf 89' lang='lat' dir='ltr'>quod</span> <span class='ocrx_word' id='word_1_293' title='bbox 1608 3849 1786 3936; x_wconf 90' lang='lat' dir='ltr'>aliqui</span> <span class='ocrx_word' id='word_1_294' title='bbox 1827 3851 1963 3915; x_wconf 85' lang='lat' dir='ltr'>novi</span> <span class='ocrx_word' id='word_1_295' title='bbox 2003 3848 2269 3914; x_wconf 85' lang='lat' dir='ltr'>advenae</span> <span class='ocrx_word' id='word_1_296' title='bbox 2308 3869 2343 3911; x_wconf 90' lang='lat' dir='ltr'>e</span> 
     </span>
     <span class='ocr_line' id='line_1_35' title="bbox 243 3948 2340 4038; baseline -0 -22"><span class='ocrx_word' id='word_1_297' title='bbox 243 3951 505 4027; x_wconf 88' lang='lat' dir='ltr'>Mundo,</span> <span class='ocrx_word' id='word_1_298' title='bbox 557 3954 616 4017; x_wconf 91' lang='lat' dir='ltr'>in</span> <span class='ocrx_word' id='word_1_299' title='bbox 660 3951 987 4018; x_wconf 84' lang='lat' dir='ltr'>Caelestem</span> <span class='ocrx_word' id='word_1_300' title='bbox 1028 3961 1292 4017; x_wconf 90' lang='lat' dir='ltr'>nostram</span> <span class='ocrx_word' id='word_1_301' title='bbox 1343 3951 1738 4026; x_wconf 80' lang='lat' dir='ltr'>Societatem,</span> <span class='ocrx_word' id='word_1_302' title='bbox 1792 3972 1945 4038; x_wconf 87' lang='lat' dir='ltr'>quae</span> <span class='ocrx_word' id='word_1_303' title='bbox 1988 3951 2045 4014; x_wconf 90' lang='lat' dir='ltr'>in</span> <span class='ocrx_word' id='word_1_304' title='bbox 2092 3948 2340 4015; x_wconf 75' lang='lat' dir='ltr'>Oriente</span> 
     </span>
     <span class='ocr_line' id='line_1_36' title="bbox 245 4047 2341 4140; baseline -0.003 -23"><span class='ocrx_word' id='word_1_305' title='bbox 245 4062 351 4129; x_wconf 88' lang='lat' dir='ltr'>est,</span> <span class='ocrx_word' id='word_1_306' title='bbox 376 4052 628 4119; x_wconf 77' lang='lat' dir='ltr'>admissi</span> <span class='ocrx_word' id='word_1_307' title='bbox 659 4053 986 4129; x_wconf 88' lang='lat' dir='ltr'>retulerint,</span> <span class='ocrx_word' id='word_1_308' title='bbox 1029 4054 1186 4140; x_wconf 86' lang='lat' dir='ltr'>quod</span> <span class='ocrx_word' id='word_1_309' title='bbox 1216 4074 1288 4116; x_wconf 90' lang='lat' dir='ltr'>ne</span> <span class='ocrx_word' id='word_1_310' title='bbox 1316 4052 1552 4139; x_wconf 90' lang='lat' dir='ltr'>quidem</span> <span class='ocrx_word' id='word_1_311' title='bbox 1581 4074 1732 4118; x_wconf 87' lang='lat' dir='ltr'>unus</span> <span class='ocrx_word' id='word_1_312' title='bbox 1758 4052 1819 4115; x_wconf 90' lang='lat' dir='ltr'>in</span> <span class='ocrx_word' id='word_1_313' title='bbox 1845 4050 2140 4116; x_wconf 80' lang='lat' dir='ltr'>Universo</span> <span class='ocrx_word' id='word_1_314' title='bbox 2172 4047 2341 4122; x_wconf 87' lang='lat' dir='ltr'>Chri-</span> 
     </span>
     <span class='ocr_line' id='line_1_37' title="bbox 247 4148 2339 4241; baseline -0.002 -23"><span class='ocrx_word' id='word_1_315' title='bbox 247 4155 440 4219; x_wconf 87' lang='lat' dir='ltr'>stiano</span> <span class='ocrx_word' id='word_1_316' title='bbox 466 4155 634 4225; x_wconf 87' lang='lat' dir='ltr'>Orbe</span> <span class='ocrx_word' id='word_1_317' title='bbox 659 4155 847 4231; x_wconf 77' lang='lat' dir='ltr'>sciat,</span> <span class='ocrx_word' id='word_1_318' title='bbox 875 4153 1013 4241; x_wconf 86' lang='lat' dir='ltr'>quid</span> <span class='ocrx_word' id='word_1_319' title='bbox 1039 4152 1331 4225; x_wconf 81' lang='lat' dir='ltr'>Gaudium</span> <span class='ocrx_word' id='word_1_320' title='bbox 1361 4151 1647 4229; x_wconf 89' lang='lat' dir='ltr'>Caeleste,</span> <span class='ocrx_word' id='word_1_321' title='bbox 1690 4162 1747 4216; x_wconf 89' lang='lat' dir='ltr'>et</span> <span class='ocrx_word' id='word_1_322' title='bbox 1776 4148 2052 4217; x_wconf 87' lang='lat' dir='ltr'>Felicitas</span> <span class='ocrx_word' id='word_1_323' title='bbox 2078 4158 2339 4220; x_wconf 83' lang='lat' dir='ltr'>aeterna,</span> 
     </span>
     <span class='ocr_line' id='line_1_38' title="bbox 248 4248 2341 4343; baseline -0.006 -24"><span class='ocrx_word' id='word_1_324' title='bbox 248 4253 327 4322; x_wconf 88' lang='lat' dir='ltr'>ita</span> <span class='ocrx_word' id='word_1_325' title='bbox 355 4256 499 4343; x_wconf 86' lang='lat' dir='ltr'>quid</span> <span class='ocrx_word' id='word_1_326' title='bbox 524 4257 800 4325; x_wconf 86' lang='lat' dir='ltr'>Caelum:</span> <span class='ocrx_word' id='word_1_327' title='bbox 852 4254 968 4322; x_wconf 89' lang='lat' dir='ltr'>hoc</span> <span class='ocrx_word' id='word_1_328' title='bbox 990 4254 1207 4323; x_wconf 86' lang='lat' dir='ltr'>fratres</span> <span class='ocrx_word' id='word_1_329' title='bbox 1234 4254 1292 4320; x_wconf 83' lang='lat' dir='ltr'>et</span> <span class='ocrx_word' id='word_1_330' title='bbox 1325 4252 1581 4326; x_wconf 86' lang='lat' dir='ltr'>consocii</span> <span class='ocrx_word' id='word_1_331' title='bbox 1610 4251 1725 4317; x_wconf 88' lang='lat' dir='ltr'>mei</span> <span class='ocrx_word' id='word_1_332' title='bbox 1755 4251 1924 4319; x_wconf 85' lang='lat' dir='ltr'>valde</span> <span class='ocrx_word' id='word_1_333' title='bbox 1964 4248 2156 4314; x_wconf 87' lang='lat' dir='ltr'>mirati</span> <span class='ocrx_word' id='word_1_334' title='bbox 2184 4255 2341 4319; x_wconf 84' lang='lat' dir='ltr'>sunt,</span> 
     </span>
    </p>
   </div>
  </div>
 </body>
</html>
