<?xml version="1.0" encoding="UTF-8"?>
<!DOCTYPE html PUBLIC "-//W3C//DTD XHTML 1.0 Transitional//EN"
    "http://www.w3.org/TR/xhtml1/DTD/xhtml1-transitional.dtd">
<html xmlns="http://www.w3.org/1999/xhtml" xml:lang="en" lang="en">
 <head>
  <title>
</title>
<meta http-equiv="Content-Type" content="text/html;charset=utf-8" />
  <meta name='ocr-system' content='tesseract 3.04.00' />
  <meta name='ocr-capabilities' content='ocr_page ocr_carea ocr_par ocr_line ocrx_word'/>
</head>
<body>
  <div class='ocr_page' id='page_1' title='image "./verachristianar00unkngoog_0183.png"; bbox 0 0 2750 4775; ppageno 0'>
   <div class='ocr_carea' id='block_1_1' title="bbox 925 369 2313 432">
    <p class='ocr_par' dir='ltr' id='par_1_1' title="bbox 925 369 2313 432">
     <span class='ocr_line' id='line_1_1' title="bbox 925 369 2313 432; baseline 0.007 -10"><span class='ocrx_word' id='word_1_1' title='bbox 925 371 1020 423; x_wconf 85' lang='lat' dir='ltr'><strong>Xl.</strong></span> <span class='ocrx_word' id='word_1_2' title='bbox 1102 369 1630 425; x_wconf 72' lang='lat' dir='ltr'><strong>IMPUTATIO.</strong></span> <span class='ocrx_word' id='word_1_3' title='bbox 2209 384 2313 432; x_wconf 78' lang='lat'><strong>159</strong></span> 
     </span>
    </p>
   </div>
   <div class='ocr_carea' id='block_1_2' title="bbox 224 523 2332 3642">
    <p class='ocr_par' dir='ltr' id='par_1_2' title="bbox 224 523 2322 1602">
     <span class='ocr_line' id='line_1_2' title="bbox 226 523 2313 610; baseline 0.003 -21"><span class='ocrx_word' id='word_1_4' title='bbox 226 546 366 596; x_wconf 72' lang='lat' dir='ltr'><strong>stra,</strong></span> <span class='ocrx_word' id='word_1_5' title='bbox 418 532 475 585; x_wconf 84' lang='lat' dir='ltr'><strong>et</strong></span> <span class='ocrx_word' id='word_1_6' title='bbox 522 533 648 610; x_wconf 87' lang='lat' dir='ltr'><strong>post</strong></span> <span class='ocrx_word' id='word_1_7' title='bbox 692 523 1031 588; x_wconf 84' lang='lat' dir='ltr'><strong>incubatum</strong></span> <span class='ocrx_word' id='word_1_8' title='bbox 1079 523 1534 588; x_wconf 86' lang='lat' dir='ltr'><strong>excluderentur</strong></span> <span class='ocrx_word' id='word_1_9' title='bbox 1579 525 1751 610; x_wconf 89' lang='lat' dir='ltr'><strong>pulli,</strong></span> <span class='ocrx_word' id='word_1_10' title='bbox 1813 535 1868 588; x_wconf 88' lang='lat' dir='ltr'><strong>et</strong></span> <span class='ocrx_word' id='word_1_11' title='bbox 1914 537 2053 592; x_wconf 89' lang='lat' dir='ltr'><strong>tunc</strong></span> <span class='ocrx_word' id='word_1_12' title='bbox 2093 537 2313 595; x_wconf 82' lang='lat' dir='ltr'><strong>noctua</strong></span> 
     </span>
     <span class='ocr_line' id='line_1_3' title="bbox 229 625 2314 715; baseline 0.002 -25"><span class='ocrx_word' id='word_1_13' title='bbox 229 625 418 715; x_wconf 87' lang='lat' dir='ltr'><strong>pullos</strong></span> <span class='ocrx_word' id='word_1_14' title='bbox 447 625 752 690; x_wconf 85' lang='lat' dir='ltr'><strong>columbae</strong></span> <span class='ocrx_word' id='word_1_15' title='bbox 780 627 1166 712; x_wconf 79' lang='lat' dir='ltr'><strong>discerperet,</strong></span> <span class='ocrx_word' id='word_1_16' title='bbox 1219 635 1277 689; x_wconf 86' lang='lat' dir='ltr'><strong>et</strong></span> <span class='ocrx_word' id='word_1_17' title='bbox 1305 627 1423 690; x_wconf 85' lang='lat' dir='ltr'><strong>suis</strong></span> <span class='ocrx_word' id='word_1_18' title='bbox 1453 625 1621 711; x_wconf 89' lang='lat' dir='ltr'><strong>pullis</strong></span> <span class='ocrx_word' id='word_1_19' title='bbox 1648 626 1813 690; x_wconf 89' lang='lat' dir='ltr'><strong>daret</strong></span> <span class='ocrx_word' id='word_1_20' title='bbox 1853 627 1909 688; x_wconf 89' lang='lat' dir='ltr'><strong>in</strong></span> <span class='ocrx_word' id='word_1_21' title='bbox 1947 649 2173 704; x_wconf 85' lang='lat' dir='ltr'><strong>escam;</strong></span> <span class='ocrx_word' id='word_1_22' title='bbox 2225 639 2314 696; x_wconf 85' lang='lat' dir='ltr'><strong>est</strong></span> 
     </span>
     <span class='ocr_line' id='line_1_4' title="bbox 224 724 2315 813; baseline 0.001 -22"><span class='ocrx_word' id='word_1_23' title='bbox 224 728 391 791; x_wconf 84' lang='lat' dir='ltr'><strong>enim·</strong></span> <span class='ocrx_word' id='word_1_24' title='bbox 415 736 626 790; x_wconf 77' lang='lat' dir='ltr'>noctua</span> <span class='ocrx_word' id='word_1_25' title='bbox 654 729 780 805; x_wconf 75' lang='lat' dir='ltr'><strong>avis</strong></span> <span class='ocrx_word' id='word_1_26' title='bbox 808 748 1010 791; x_wconf 83' lang='lat' dir='ltr'><strong>vorax.</strong></span> <span class='ocrx_word' id='word_1_27' title='bbox 1090 725 1242 805; x_wconf 82' lang='lat' dir='ltr'><strong>Quia</strong></span> <span class='ocrx_word' id='word_1_28' title='bbox 1284 724 1428 791; x_wconf 84' lang='lat' dir='ltr'><strong>fides</strong></span> <span class='ocrx_word' id='word_1_29' title='bbox 1468 728 1677 813; x_wconf 88' lang='lat' dir='ltr'><strong>prioris</strong></span> <span class='ocrx_word' id='word_1_30' title='bbox 1708 726 2000 792; x_wconf 77' lang='lat' dir='ltr'><strong>Ecclesiae</strong></span> <span class='ocrx_word' id='word_1_31' title='bbox 2038 729 2315 795; x_wconf 88' lang='lat' dir='ltr'><strong>describi·</strong></span> 
     </span>
     <span class='ocr_line' id='line_1_5' title="bbox 227 827 2317 917; baseline 0.002 -26"><span class='ocrx_word' id='word_1_32' title='bbox 227 839 324 896; x_wconf 81' lang='lat' dir='ltr'><strong>tur</strong></span> <span class='ocrx_word' id='word_1_33' title='bbox 350 829 411 890; x_wconf 88' lang='lat' dir='ltr'><strong>in</strong></span> <span class='ocrx_word' id='word_1_34' title='bbox 442 827 809 917; x_wconf 32' lang='lat' dir='ltr'><strong>Apocalypsi,</strong></span> <span class='ocrx_word' id='word_1_35' title='bbox 832 828 972 915; x_wconf 83' lang='lat' dir='ltr'><strong>Cap.</strong></span> <span class='ocrx_word' id='word_1_36' title='bbox 1005 827 1139 901; x_wconf 86' lang='grc' dir='ltr'><strong>ΧΠ,</strong></span> <span class='ocrx_word' id='word_1_37' title='bbox 1180 849 1283 915; x_wconf 86' lang='lat' dir='ltr'><strong>per</strong></span> <span class='ocrx_word' id='word_1_38' title='bbox 1310 828 1625 892; x_wconf 77' lang='lat' dir='ltr'><strong>draconem</strong></span> <span class='ocrx_word' id='word_1_39' title='bbox 1646 875 1661 903; x_wconf 93' lang='lat'><strong>,</strong></span> <span class='ocrx_word' id='word_1_40' title='bbox 1715 837 1773 890; x_wconf 84' lang='lat' dir='ltr'><strong>et</strong></span> <span class='ocrx_word' id='word_1_41' title='bbox 1813 827 1953 894; x_wconf 78' lang='lat' dir='ltr'><strong>tides</strong></span> <span class='ocrx_word' id='word_1_42' title='bbox 1980 851 2172 895; x_wconf 88' lang='lat' dir='ltr'><strong>novae</strong></span> <span class='ocrx_word' id='word_1_43' title='bbox 2201 831 2317 897; x_wconf 89' lang='lat' dir='ltr'><strong>Ec-</strong></span> 
     </span>
     <span class='ocr_line' id='line_1_6' title="bbox 224 928 2316 1018; baseline 0.001 -23"><span class='ocrx_word' id='word_1_44' title='bbox 224 931 437 995; x_wconf 87' lang='lat' dir='ltr'><strong>clesiae</strong></span> <span class='ocrx_word' id='word_1_45' title='bbox 468 951 569 1016; x_wconf 86' lang='lat' dir='ltr'><strong>per</strong></span> <span class='ocrx_word' id='word_1_46' title='bbox 598 931 901 1001; x_wconf 82' lang='lat' dir='ltr'><strong>mulierem</strong></span> <span class='ocrx_word' id='word_1_47' title='bbox 926 928 1341 993; x_wconf 76' lang='lat' dir='ltr'><strong>circumdatam</strong></span> <span class='ocrx_word' id='word_1_48' title='bbox 1370 929 1526 1003; x_wconf 91' lang='lat' dir='ltr'><strong>sole,</strong></span> <span class='ocrx_word' id='word_1_49' title='bbox 1578 950 1752 1014; x_wconf 91' lang='lat' dir='ltr'><strong>super</strong></span> <span class='ocrx_word' id='word_1_50' title='bbox 1791 929 1954 1015; x_wconf 89' lang='lat' dir='ltr'><strong>cujus</strong></span> <span class='ocrx_word' id='word_1_51' title='bbox 1980 929 2185 1018; x_wconf 79' lang='lat' dir='ltr'><strong>Capite</strong></span> <span class='ocrx_word' id='word_1_52' title='bbox 2216 954 2316 997; x_wconf 82' lang='lat' dir='ltr'><strong>cu-</strong></span> 
     </span>
     <span class='ocr_line' id='line_1_7' title="bbox 225 1030 2319 1118; baseline -0.001 -22"><span class='ocrx_word' id='word_1_53' title='bbox 225 1052 380 1096; x_wconf 86' lang='lat' dir='ltr'><strong>rona</strong></span> <span class='ocrx_word' id='word_1_54' title='bbox 425 1031 730 1115; x_wconf 72' lang='lat' dir='ltr'><strong>duodecim</strong></span> <span class='ocrx_word' id='word_1_55' title='bbox 772 1031 1106 1104; x_wconf 86' lang='lat' dir='ltr'><strong>stellarum,</strong></span> <span class='ocrx_word' id='word_1_56' title='bbox 1173 1039 1361 1116; x_wconf 88' lang='lat' dir='ltr'><strong>potest</strong></span> <span class='ocrx_word' id='word_1_57' title='bbox 1415 1051 1486 1094; x_wconf 83' lang='lat' dir='ltr'><strong>ex</strong></span> <span class='ocrx_word' id='word_1_58' title='bbox 1538 1032 1976 1118; x_wconf 84' lang='lat' dir='ltr'><strong>comparatione</strong></span> <span class='ocrx_word' id='word_1_59' title='bbox 2030 1030 2319 1106; x_wconf 88' lang='lat' dir='ltr'><strong>concludi,</strong></span> 
     </span>
     <span class='ocr_line' id='line_1_8' title="bbox 228 1130 2322 1220; baseline 0.001 -24"><span class='ocrx_word' id='word_1_60' title='bbox 228 1131 420 1220; x_wconf 88' lang='lat' dir='ltr'><strong>qualis</strong></span> <span class='ocrx_word' id='word_1_61' title='bbox 447 1141 631 1196; x_wconf 89' lang='lat' dir='ltr'><strong>status</strong></span> <span class='ocrx_word' id='word_1_62' title='bbox 658 1133 866 1196; x_wconf 86' lang='lat' dir='ltr'><strong>mentis</strong></span> <span class='ocrx_word' id='word_1_63' title='bbox 894 1130 1146 1195; x_wconf 87' lang='lat' dir='ltr'><strong>hominis</strong></span> <span class='ocrx_word' id='word_1_64' title='bbox 1185 1131 1370 1205; x_wconf 83' lang='lat' dir='ltr'><strong>foret,</strong></span> <span class='ocrx_word' id='word_1_65' title='bbox 1423 1132 1471 1194; x_wconf 90' lang='lat' dir='ltr'><strong>si</strong></span> <span class='ocrx_word' id='word_1_66' title='bbox 1509 1131 1678 1195; x_wconf 89' lang='lat' dir='ltr'><strong>simul</strong></span> <span class='ocrx_word' id='word_1_67' title='bbox 1720 1142 1907 1196; x_wconf 86' lang='lat' dir='ltr'><strong>essent</strong></span> <span class='ocrx_word' id='word_1_68' title='bbox 1947 1134 2009 1196; x_wconf 84' lang='lat' dir='ltr'><strong>in&#39;</strong></span> <span class='ocrx_word' id='word_1_69' title='bbox 2053 1152 2168 1197; x_wconf 90' lang='lat' dir='ltr'><strong>una</strong></span> <span class='ocrx_word' id='word_1_70' title='bbox 2211 1133 2322 1198; x_wconf 85' lang='lat' dir='ltr'><strong>do·</strong></span> 
     </span>
     <span class='ocr_line' id='line_1_9' title="bbox 226 1231 2321 1319; baseline 0.002 -22"><span class='ocrx_word' id='word_1_71' title='bbox 226 1256 365 1310; x_wconf 88' lang='lat' dir='ltr'><strong>mo,</strong></span> <span class='ocrx_word' id='word_1_72' title='bbox 401 1234 621 1298; x_wconf 87' lang='lat' dir='ltr'><strong>scilicet</strong></span> <span class='ocrx_word' id='word_1_73' title='bbox 648 1233 806 1318; x_wconf 86' lang='lat' dir='ltr'><strong>quod</strong></span> <span class='ocrx_word' id='word_1_74' title='bbox 834 1232 1015 1296; x_wconf 88' lang='lat' dir='ltr'><strong>draco</strong></span> <span class='ocrx_word' id='word_1_75' title='bbox 1044 1233 1301 1297; x_wconf 77' lang='lat' dir='ltr'><strong>adstaret</strong></span> <span class='ocrx_word' id='word_1_76' title='bbox 1329 1231 1560 1296; x_wconf 87' lang='lat' dir='ltr'><strong>mulieri</strong></span> <span class='ocrx_word' id='word_1_77' title='bbox 1590 1232 1886 1319; x_wconf 82' lang='lat' dir='ltr'><strong>pariturae</strong></span> <span class='ocrx_word' id='word_1_78' title='bbox 1913 1236 2108 1296; x_wconf 86' lang='lat' dir='ltr'><strong>animo</strong></span> <span class='ocrx_word' id='word_1_79' title='bbox 2138 1233 2321 1300; x_wconf 77' lang='lat' dir='ltr'><strong>devo-</strong></span> 
     </span>
     <span class='ocr_line' id='line_1_10' title="bbox 227 1333 2319 1419; baseline 0.001 -20"><span class='ocrx_word' id='word_1_80' title='bbox 227 1334 401 1399; x_wconf 84' lang='lat' dir='ltr'><strong>randi</strong></span> <span class='ocrx_word' id='word_1_81' title='bbox 431 1335 652 1398; x_wconf 84' lang='lat' dir='ltr'><strong>faetum</strong></span> <span class='ocrx_word' id='word_1_82' title='bbox 680 1333 836 1416; x_wconf 80' lang='lat' dir='ltr'><strong>ejus,</strong></span> <span class='ocrx_word' id='word_1_83' title='bbox 882 1343 940 1396; x_wconf 92' lang='lat' dir='ltr'><strong>et</strong></span> <span class='ocrx_word' id='word_1_84' title='bbox 967 1333 1122 1419; x_wconf 88' lang='lat' dir='ltr'><strong>quod</strong></span> <span class='ocrx_word' id='word_1_85' title='bbox 1153 1344 1461 1419; x_wconf 81' lang='lat' dir='ltr'><strong>postquam</strong></span> <span class='ocrx_word' id='word_1_86' title='bbox 1492 1333 1589 1398; x_wconf 88' lang='lat' dir='ltr'><strong>illa</strong></span> <span class='ocrx_word' id='word_1_87' title='bbox 1613 1333 1877 1398; x_wconf 84' lang='lat' dir='ltr'><strong>avolavit</strong></span> <span class='ocrx_word' id='word_1_88' title='bbox 1915 1335 1974 1398; x_wconf 87' lang='lat' dir='ltr'><strong>in</strong></span> <span class='ocrx_word' id='word_1_89' title='bbox 2003 1334 2319 1411; x_wconf 82' lang='lat' dir='ltr'><strong>desertum,</strong></span> 
     </span>
     <span class='ocr_line' id='line_1_11' title="bbox 228 1433 2321 1524; baseline 0 -24"><span class='ocrx_word' id='word_1_90' title='bbox 228 1445 685 1524; x_wconf 81' lang='lat' dir='ltr'><strong>persequeretur</strong></span> <span class='ocrx_word' id='word_1_91' title='bbox 714 1435 902 1511; x_wconf 90' lang='lat' dir='ltr'><strong>illam,</strong></span> <span class='ocrx_word' id='word_1_92' title='bbox 958 1445 1014 1499; x_wconf 87' lang='lat' dir='ltr'><strong>et</strong></span> <span class='ocrx_word' id='word_1_93' title='bbox 1055 1435 1372 1519; x_wconf 86' lang='lat' dir='ltr'><strong>conjiceret</strong></span> <span class='ocrx_word' id='word_1_94' title='bbox 1416 1455 1631 1522; x_wconf 89' lang='lat' dir='ltr'><strong>aquam</strong></span> <span class='ocrx_word' id='word_1_95' title='bbox 1673 1445 1737 1499; x_wconf 91' lang='lat' dir='ltr'><strong>ut</strong></span> <span class='ocrx_word' id='word_1_96' title='bbox 1782 1433 2003 1499; x_wconf 85' lang='lat' dir='ltr'><strong>flumen</strong></span> <span class='ocrx_word' id='word_1_97' title='bbox 2041 1435 2101 1499; x_wconf 93' lang='lat' dir='ltr'><strong>in</strong></span> <span class='ocrx_word' id='word_1_98' title='bbox 2141 1436 2321 1513; x_wconf 88' lang='lat' dir='ltr'><strong>illam,</strong></span> 
     </span>
     <span class='ocr_line' id='line_1_12' title="bbox 229 1538 869 1602; baseline -0.005 -1"><span class='ocrx_word' id='word_1_99' title='bbox 229 1549 295 1602; x_wconf 89' lang='lat' dir='ltr'><strong>ut</strong></span> <span class='ocrx_word' id='word_1_100' title='bbox 336 1538 769 1601; x_wconf 87' lang='lat' dir='ltr'><strong>absorberetur.</strong></span> <span class='ocrx_word' id='word_1_101' title='bbox 864 1554 869 1559; x_wconf 89' lang='grc'><strong><em>’</em></strong></span> 
     </span>
    </p>

    <p class='ocr_par' dir='ltr' id='par_1_3' title="bbox 230 1636 2332 3642">
     <span class='ocr_line' id='line_1_13' title="bbox 393 1636 2323 1725; baseline 0.001 -24"><span class='ocrx_word' id='word_1_102' title='bbox 393 1642 536 1701; x_wconf 79' lang='grc'>649.</span> <span class='ocrx_word' id='word_1_103' title='bbox 592 1637 790 1703; x_wconf 79' lang='lat' dir='ltr'><strong>Simile</strong></span> <span class='ocrx_word' id='word_1_104' title='bbox 817 1639 1109 1714; x_wconf 87' lang='lat' dir='ltr'><strong>eveniret,</strong></span> <span class='ocrx_word' id='word_1_105' title='bbox 1164 1637 1208 1701; x_wconf 89' lang='lat' dir='ltr'><strong>si</strong></span> <span class='ocrx_word' id='word_1_106' title='bbox 1250 1638 1378 1725; x_wconf 85' lang='lat' dir='ltr'><strong>quis</strong></span> <span class='ocrx_word' id='word_1_107' title='bbox 1419 1637 1878 1722; x_wconf 85' lang='lat' dir='ltr'><strong>amplecteretur</strong></span> <span class='ocrx_word' id='word_1_108' title='bbox 1917 1636 2089 1701; x_wconf 86' lang='lat' dir='ltr'><strong>fidem</strong></span> <span class='ocrx_word' id='word_1_109' title='bbox 2131 1658 2323 1702; x_wconf 87' lang='lat' dir='ltr'><strong>novae</strong></span> 
     </span>
     <span class='ocr_line' id='line_1_14' title="bbox 230 1738 2323 1824; baseline -0.001 -19"><span class='ocrx_word' id='word_1_110' title='bbox 230 1741 567 1819; x_wconf 76' lang='lat' dir='ltr'><strong>Ecclesiae,</strong></span> <span class='ocrx_word' id='word_1_111' title='bbox 622 1749 679 1802; x_wconf 88' lang='lat' dir='ltr'><strong>et</strong></span> <span class='ocrx_word' id='word_1_112' title='bbox 710 1738 878 1804; x_wconf 87' lang='lat' dir='ltr'><strong>fidem</strong></span> <span class='ocrx_word' id='word_1_113' title='bbox 921 1739 1130 1824; x_wconf 87' lang='lat' dir='ltr'><strong>prioris</strong></span> <span class='ocrx_word' id='word_1_114' title='bbox 1157 1739 1456 1803; x_wconf 83' lang='lat' dir='ltr'><strong>Ecclesiae</strong></span> <span class='ocrx_word' id='word_1_115' title='bbox 1497 1738 1568 1802; x_wconf 89' lang='lat' dir='ltr'><strong>de</strong></span> <span class='ocrx_word' id='word_1_116' title='bbox 1611 1738 2005 1824; x_wconf 87' lang='lat' dir='ltr'><strong>Imputatione</strong></span> <span class='ocrx_word' id='word_1_117' title='bbox 2046 1739 2235 1802; x_wconf 84' lang='lat' dir='ltr'><strong>meriti</strong></span> <span class='ocrx_word' id='word_1_118' title='bbox 2260 1749 2323 1803; x_wconf 88' lang='lat' dir='ltr'><strong>et</strong></span> 
     </span>
     <span class='ocr_line' id='line_1_15' title="bbox 231 1839 2325 1929; baseline 0 -25"><span class='ocrx_word' id='word_1_119' title='bbox 231 1842 491 1929; x_wconf 87' lang='lat' dir='ltr'><strong>justitiae</strong></span> <span class='ocrx_word' id='word_1_120' title='bbox 524 1841 758 1904; x_wconf 85' lang='lat' dir='ltr'><strong>Domini</strong></span> <span class='ocrx_word' id='word_1_121' title='bbox 787 1840 1100 1915; x_wconf 87' lang='lat' dir='ltr'><strong>retineret,</strong></span> <span class='ocrx_word' id='word_1_122' title='bbox 1151 1858 1220 1901; x_wconf 82' lang='lat' dir='ltr'><strong>ex</strong></span> <span class='ocrx_word' id='word_1_123' title='bbox 1248 1839 1359 1903; x_wconf 90' lang='lat' dir='ltr'><strong>hac</strong></span> <span class='ocrx_word' id='word_1_124' title='bbox 1387 1839 1540 1902; x_wconf 89' lang='lat' dir='ltr'><strong>euim</strong></span> <span class='ocrx_word' id='word_1_125' title='bbox 1569 1848 1633 1902; x_wconf 88' lang='lat' dir='ltr'><strong>ut</strong></span> <span class='ocrx_word' id='word_1_126' title='bbox 1664 1839 1860 1903; x_wconf 85' lang='lat' dir='ltr'><strong>radice</strong></span> <span class='ocrx_word' id='word_1_127' title='bbox 1889 1839 2084 1903; x_wconf 82' lang='lat' dir='ltr'><strong>omn‘ia</strong></span> <span class='ocrx_word' id='word_1_128' title='bbox 2115 1839 2325 1926; x_wconf 87' lang='lat' dir='ltr'><strong>prioris</strong></span> 
     </span>
     <span class='ocr_line' id='line_1_16' title="bbox 233 1938 2322 2028; baseline -0.001 -21"><span class='ocrx_word' id='word_1_129' title='bbox 233 1941 538 2007; x_wconf 86' lang='lat' dir='ltr'><strong>Ecclesiae</strong></span> <span class='ocrx_word' id='word_1_130' title='bbox 567 1943 876 2027; x_wconf 81' lang='lat' dir='ltr'><strong>dogmata,</strong></span> <span class='ocrx_word' id='word_1_131' title='bbox 931 1950 994 2002; x_wconf 91' lang='lat' dir='ltr'><strong>ut</strong></span> <span class='ocrx_word' id='word_1_132' title='bbox 1023 1941 1403 2028; x_wconf 79' lang='lat' dir='ltr'><strong>propagines,</strong></span> <span class='ocrx_word' id='word_1_133' title='bbox 1457 1950 1940 2006; x_wconf 82' lang='lat' dir='ltr'><strong>exsurrexerunt:</strong></span> <span class='ocrx_word' id='word_1_134' title='bbox 1991 1940 2038 2006; x_wconf 87' lang='lat' dir='ltr'><strong>si</strong></span> <span class='ocrx_word' id='word_1_135' title='bbox 2074 1938 2190 2004; x_wconf 79' lang='lat' dir='ltr'><strong>hoc</strong></span> <span class='ocrx_word' id='word_1_136' title='bbox 2218 1939 2322 2005; x_wconf 84' lang='lat' dir='ltr'><strong>fie-</strong></span> 
     </span>
     <span class='ocr_line' id='line_1_17' title="bbox 230 2038 2325 2127; baseline -0.001 -20"><span class='ocrx_word' id='word_1_137' title='bbox 230 2052 361 2118; x_wconf 86' lang='lat' dir='ltr'><strong>ret,</strong></span> <span class='ocrx_word' id='word_1_138' title='bbox 413 2042 779 2126; x_wconf 84' lang='lat' dir='ltr'><strong>comparatio</strong></span> <span class='ocrx_word' id='word_1_139' title='bbox 805 2039 992 2116; x_wconf 83' lang='lat' dir='ltr'><strong>foret,</strong></span> <span class='ocrx_word' id='word_1_140' title='bbox 1043 2042 1192 2104; x_wconf 87' lang='lat' dir='ltr'><strong>sicut</strong></span> <span class='ocrx_word' id='word_1_141' title='bbox 1219 2041 1348 2125; x_wconf 88' lang='lat' dir='ltr'><strong>quis</strong></span> <span class='ocrx_word' id='word_1_142' title='bbox 1376 2060 1439 2104; x_wconf 90' lang='lat' dir='ltr'><strong>se</strong></span> <span class='ocrx_word' id='word_1_143' title='bbox 1467 2041 1715 2127; x_wconf 88' lang='lat' dir='ltr'><strong>eriperet</strong></span> <span class='ocrx_word' id='word_1_144' title='bbox 1743 2062 1813 2105; x_wconf 82' lang='lat' dir='ltr'><strong>ex</strong></span> <span class='ocrx_word' id='word_1_145' title='bbox 1845 2041 2103 2127; x_wconf 88' lang='lat' dir='ltr'><strong>quinque</strong></span> <span class='ocrx_word' id='word_1_146' title='bbox 2131 2038 2325 2107; x_wconf 87' lang='lat' dir='ltr'><strong>corni-</strong></span> 
     </span>
     <span class='ocr_line' id='line_1_18' title="bbox 234 2132 2325 2229; baseline -0.002 -20"><span class='ocrx_word' id='word_1_147' title='bbox 234 2147 349 2209; x_wconf 85' lang='lat' dir='ltr'><strong>bus</strong></span> <span class='ocrx_word' id='word_1_148' title='bbox 375 2144 676 2216; x_wconf 85' lang='lat' dir='ltr'><strong>draconis,</strong></span> <span class='ocrx_word' id='word_1_149' title='bbox 728 2151 787 2205; x_wconf 91' lang='lat' dir='ltr'><strong>et</strong></span> <span class='ocrx_word' id='word_1_150' title='bbox 813 2163 874 2206; x_wconf 87' lang='lat' dir='ltr'><strong>se</strong></span> <span class='ocrx_word' id='word_1_151' title='bbox 899 2132 1201 2204; x_wconf 87' lang='lat' dir='ltr'><strong>intricaret</strong></span> <span class='ocrx_word' id='word_1_152' title='bbox 1243 2141 1303 2204; x_wconf 92' lang='lat' dir='ltr'><strong>in</strong></span> <span class='ocrx_word' id='word_1_153' title='bbox 1343 2142 1602 2226; x_wconf 88' lang='lat' dir='ltr'><strong>quinque</strong></span> <span class='ocrx_word' id='word_1_154' title='bbox 1641 2143 1881 2229; x_wconf 89' lang='lat' dir='ltr'><strong>reliquis</strong></span> <span class='ocrx_word' id='word_1_155' title='bbox 1920 2142 2074 2227; x_wconf 88' lang='lat' dir='ltr'><strong>ejus;</strong></span> <span class='ocrx_word' id='word_1_156' title='bbox 2126 2152 2229 2206; x_wconf 87' lang='lat' dir='ltr'><strong>aut</strong></span> <span class='ocrx_word' id='word_1_157' title='bbox 2276 2144 2325 2208; x_wconf 84' lang='lat' dir='ltr'><strong>si</strong></span> 
     </span>
     <span class='ocr_line' id='line_1_19' title="bbox 231 2241 2325 2332; baseline 0 -25"><span class='ocrx_word' id='word_1_158' title='bbox 231 2245 369 2332; x_wconf 88' lang='lat' dir='ltr'><strong>quis</strong></span> <span class='ocrx_word' id='word_1_159' title='bbox 398 2244 627 2328; x_wconf 83' lang='lat' dir='ltr'><strong>sugeret</strong></span> <span class='ocrx_word' id='word_1_160' title='bbox 652 2242 885 2329; x_wconf 81' lang='lat' dir='ltr'><strong>lupum,</strong></span> <span class='ocrx_word' id='word_1_161' title='bbox 938 2250 995 2303; x_wconf 87' lang='lat' dir='ltr'><strong>et</strong></span> <span class='ocrx_word' id='word_1_162' title='bbox 1021 2241 1303 2305; x_wconf 88' lang='lat' dir='ltr'><strong>incideret</strong></span> <span class='ocrx_word' id='word_1_163' title='bbox 1328 2241 1390 2302; x_wconf 92' lang='lat' dir='ltr'><strong>in</strong></span> <span class='ocrx_word' id='word_1_164' title='bbox 1419 2242 1715 2326; x_wconf 66' lang='lat' dir='ltr'><strong>tigridem</strong></span> <span class='ocrx_word' id='word_1_165' title='bbox 1770 2254 1871 2307; x_wconf 92' lang='lat' dir='ltr'><strong>aut</strong></span> <span class='ocrx_word' id='word_1_166' title='bbox 1898 2243 2043 2307; x_wconf 84' lang='lat' dir='ltr'><strong>sicut</strong></span> <span class='ocrx_word' id='word_1_167' title='bbox 2070 2243 2325 2309; x_wconf 87' lang='lat' dir='ltr'><strong>exiense</strong></span> 
     </span>
     <span class='ocr_line' id='line_1_20' title="bbox 231 2341 2329 2432; baseline 0.001 -23"><span class='ocrx_word' id='word_1_168' title='bbox 231 2346 418 2420; x_wconf 81' lang='lat' dir='ltr'><strong>fovea</strong></span> <span class='ocrx_word' id='word_1_169' title='bbox 464 2344 722 2408; x_wconf 81' lang='lat' dir='ltr'><strong>ubi-non</strong></span> <span class='ocrx_word' id='word_1_170' title='bbox 767 2358 953 2428; x_wconf 87' lang='lat' dir='ltr'><strong>aqua,</strong></span> <span class='ocrx_word' id='word_1_171' title='bbox 1007 2342 1242 2408; x_wconf 88' lang='lat' dir='ltr'><strong>caderet</strong></span> <span class='ocrx_word' id='word_1_172' title='bbox 1280 2342 1339 2405; x_wconf 88' lang='lat' dir='ltr'><strong>iu</strong></span> <span class='ocrx_word' id='word_1_173' title='bbox 1380 2341 1615 2407; x_wconf 83' lang='lat' dir='ltr'><strong>foveam</strong></span> <span class='ocrx_word' id='word_1_174' title='bbox 1655 2344 1752 2407; x_wconf 89' lang='lat' dir='ltr'><strong>ubi</strong></span> <span class='ocrx_word' id='word_1_175' title='bbox 1795 2365 1982 2431; x_wconf 88' lang='lat' dir='ltr'><strong>aqua,</strong></span> <span class='ocrx_word' id='word_1_176' title='bbox 2034 2366 2152 2432; x_wconf 86' lang='lat' dir='ltr'><strong>qua</strong></span> <span class='ocrx_word' id='word_1_177' title='bbox 2191 2346 2329 2412; x_wconf 83' lang='lat' dir='ltr'><strong>sub-</strong></span> 
     </span>
     <span class='ocr_line' id='line_1_21' title="bbox 238 2441 2328 2533; baseline 0.001 -24"><span class='ocrx_word' id='word_1_178' title='bbox 238 2456 647 2529; x_wconf 84' lang='lat' dir='ltr'><strong>mergeretur;</strong></span> <span class='ocrx_word' id='word_1_179' title='bbox 699 2463 834 2505; x_wconf 89' lang='lat' dir='ltr'><strong>nam</strong></span> <span class='ocrx_word' id='word_1_180' title='bbox 861 2443 944 2507; x_wconf 86' lang='lat' dir='ltr'><strong>sic</strong></span> <span class='ocrx_word' id='word_1_181' title='bbox 969 2441 1140 2506; x_wconf 84' lang='lat' dir='ltr'><strong>facile</strong></span> <span class='ocrx_word' id='word_1_182' title='bbox 1168 2443 1384 2507; x_wconf 90' lang='lat' dir='ltr'><strong>rediret</strong></span> <span class='ocrx_word' id='word_1_183' title='bbox 1410 2446 1468 2507; x_wconf 89' lang='lat' dir='ltr'><strong>in</strong></span> <span class='ocrx_word' id='word_1_184' title='bbox 1498 2445 1692 2509; x_wconf 88' lang='lat' dir='ltr'><strong>omnia</strong></span> <span class='ocrx_word' id='word_1_185' title='bbox 1721 2446 1929 2533; x_wconf 85' lang='lat' dir='ltr'><strong>prioris</strong></span> <span class='ocrx_word' id='word_1_186' title='bbox 1954 2446 2121 2523; x_wconf 89' lang='lat' dir='ltr'><strong>fidei,</strong></span> <span class='ocrx_word' id='word_1_187' title='bbox 2173 2468 2328 2533; x_wconf 88' lang='lat' dir='ltr'><strong>quae</strong></span> 
     </span>
     <span class='ocr_line' id='line_1_22' title="bbox 239 2545 2326 2634; baseline 0.002 -26"><span class='ocrx_word' id='word_1_188' title='bbox 239 2545 445 2634; x_wconf 88' lang='lat' dir='ltr'><strong>qualia</strong></span> <span class='ocrx_word' id='word_1_189' title='bbox 475 2554 636 2618; x_wconf 85' lang='lat' dir='ltr'><strong>sunt,</strong></span> <span class='ocrx_word' id='word_1_190' title='bbox 691 2565 867 2630; x_wconf 87' lang='lat' dir='ltr'><strong>supra</strong></span> <span class='ocrx_word' id='word_1_191' title='bbox 907 2547 1230 2629; x_wconf 89' lang='lat' dir='ltr'><strong>expositum</strong></span> <span class='ocrx_word' id='word_1_192' title='bbox 1271 2555 1389 2621; x_wconf 80' lang='lat' dir='ltr'><strong>est,</strong></span> <span class='ocrx_word' id='word_1_193' title='bbox 1442 2555 1499 2607; x_wconf 90' lang='lat' dir='ltr'><strong>et</strong></span> <span class='ocrx_word' id='word_1_194' title='bbox 1539 2555 1679 2609; x_wconf 90' lang='lat' dir='ltr'><strong>tunc</strong></span> <span class='ocrx_word' id='word_1_195' title='bbox 1720 2547 1781 2610; x_wconf 90' lang='lat' dir='ltr'><strong>in</strong></span> <span class='ocrx_word' id='word_1_196' title='bbox 1819 2546 1934 2611; x_wconf 86' lang='lat' dir='ltr'><strong>hoc</strong></span> <span class='ocrx_word' id='word_1_197' title='bbox 1973 2548 2326 2623; x_wconf 85' lang='lat' dir='ltr'><strong>damnabile,</strong></span> 
     </span>
     <span class='ocr_line' id='line_1_23' title="bbox 234 2646 2330 2736; baseline 0.002 -27"><span class='ocrx_word' id='word_1_198' title='bbox 234 2647 404 2733; x_wconf 83' lang='lat' dir='ltr'><strong>quod</strong></span> <span class='ocrx_word' id='word_1_199' title='bbox 450 2646 762 2732; x_wconf 85' lang='lat' dir='ltr'><strong>imputaret</strong></span> <span class='ocrx_word' id='word_1_200' title='bbox 806 2655 863 2709; x_wconf 89' lang='lat' dir='ltr'><strong>et</strong></span> <span class='ocrx_word' id='word_1_201' title='bbox 910 2646 1229 2733; x_wconf 87' lang='lat' dir='ltr'><strong>applicaret</strong></span> <span class='ocrx_word' id='word_1_202' title='bbox 1273 2646 1383 2712; x_wconf 80' lang='lat' dir='ltr'><strong>sibi</strong></span> <span class='ocrx_word' id='word_1_203' title='bbox 1428 2648 1550 2734; x_wconf 88' lang='lat' dir='ltr'><strong>ipsa</strong></span> <span class='ocrx_word' id='word_1_204' title='bbox 1593 2647 1809 2713; x_wconf 86' lang='lat' dir='ltr'><strong>Divina</strong></span> <span class='ocrx_word' id='word_1_205' title='bbox 1850 2647 2118 2726; x_wconf 89' lang='lat' dir='ltr'><strong>Domini,</strong></span> <span class='ocrx_word' id='word_1_206' title='bbox 2173 2670 2330 2736; x_wconf 86' lang='lat' dir='ltr'><strong>quae</strong></span> 
     </span>
     <span class='ocr_line' id='line_1_24' title="bbox 231 2747 2331 2838; baseline 0 -23"><span class='ocrx_word' id='word_1_207' title='bbox 231 2757 387 2815; x_wconf 79' lang='lat' dir='ltr'><strong>sunt·</strong></span> <span class='ocrx_word' id='word_1_208' title='bbox 405 2747 755 2835; x_wconf 90' lang='lat' dir='ltr'><strong>Redemptio</strong></span> <span class='ocrx_word' id='word_1_209' title='bbox 782 2755 839 2810; x_wconf 92' lang='lat' dir='ltr'><strong>et</strong></span> <span class='ocrx_word' id='word_1_210' title='bbox 869 2747 1139 2822; x_wconf 86' lang='lat' dir='ltr'><strong>Justitia,</strong></span> <span class='ocrx_word' id='word_1_211' title='bbox 1191 2767 1342 2833; x_wconf 84' lang='lat' dir='ltr'><strong>quae</strong></span> <span class='ocrx_word' id='word_1_212' title='bbox 1364 2747 1605 2814; x_wconf 83' lang='lat' dir='ltr'><strong>adorari</strong></span> <span class='ocrx_word' id='word_1_213' title='bbox 1646 2759 1706 2814; x_wconf 88' lang='lat' dir='ltr'><strong>et</strong></span> <span class='ocrx_word' id='word_1_214' title='bbox 1735 2767 1854 2814; x_wconf 89' lang='lat' dir='ltr'><strong>non</strong></span> <span class='ocrx_word' id='word_1_215' title='bbox 1891 2749 2169 2838; x_wconf 90' lang='lat' dir='ltr'><strong>applicari</strong></span> <span class='ocrx_word' id='word_1_216' title='bbox 2200 2772 2331 2838; x_wconf 85' lang='lat' dir='ltr'><strong>pos-</strong></span> 
     </span>
     <span class='ocr_line' id='line_1_25' title="bbox 235 2846 2331 2936; baseline -0.001 -21"><span class='ocrx_word' id='word_1_217' title='bbox 235 2858 406 2921; x_wconf 88' lang='lat' dir='ltr'><strong>sunt·;</strong></span> <span class='ocrx_word' id='word_1_218' title='bbox 449 2863 595 2911; x_wconf 72' lang='lat' dir='ltr'><strong>‘nam</strong></span> <span class='ocrx_word' id='word_1_219' title='bbox 625 2849 672 2912; x_wconf 89' lang='lat' dir='ltr'><strong>si</strong></span> <span class='ocrx_word' id='word_1_220' title='bbox 699 2846 877 2912; x_wconf 89' lang='lat' dir='ltr'><strong>homo</strong></span> <span class='ocrx_word' id='word_1_221' title='bbox 904 2848 1014 2913; x_wconf 82' lang='lat' dir='ltr'><strong>sibi</strong></span> <span class='ocrx_word' id='word_1_222' title='bbox 1040 2847 1138 2912; x_wconf 89' lang='lat' dir='ltr'><strong>illa</strong></span> <span class='ocrx_word' id='word_1_223' title='bbox 1168 2848 1485 2934; x_wconf 86' lang='lat' dir='ltr'><strong>imputaret</strong></span> <span class='ocrx_word' id='word_1_224' title='bbox 1523 2858 1581 2913; x_wconf 87' lang='lat' dir='ltr'><strong>et</strong></span> <span class='ocrx_word' id='word_1_225' title='bbox 1620 2849 1972 2936; x_wconf 87' lang='lat' dir='ltr'><strong>applicaret,</strong></span> <span class='ocrx_word' id='word_1_226' title='bbox 2024 2872 2331 2917; x_wconf 87' lang='lat' dir='ltr'><strong>consume-</strong></span> 
     </span>
     <span class='ocr_line' id='line_1_26' title="bbox 236 2949 2327 3035; baseline 0 -20"><span class='ocrx_word' id='word_1_227' title='bbox 236 2960 407 3016; x_wconf 86' lang='lat' dir='ltr'><strong>retur</strong></span> <span class='ocrx_word' id='word_1_228' title='bbox 433 2951 578 3013; x_wconf 85' lang='lat' dir='ltr'><strong>sicut</strong></span> <span class='ocrx_word' id='word_1_229' title='bbox 608 2951 906 3035; x_wconf 84' lang='lat' dir='ltr'><strong>conjectus</strong></span> <span class='ocrx_word' id='word_1_230' title='bbox 944 2950 1005 3013; x_wconf 87' lang='lat' dir='ltr'><strong>iu</strong></span> <span class='ocrx_word' id='word_1_231' title='bbox 1049 2949 1268 3013; x_wconf 91' lang='lat' dir='ltr'><strong>nudum</strong></span> <span class='ocrx_word' id='word_1_232' title='bbox 1308 2950 1522 3023; x_wconf 86' lang='lat' dir='ltr'><strong>solem;</strong></span> <span class='ocrx_word' id='word_1_233' title='bbox 1578 2972 1610 3014; x_wconf 88' lang='lat' dir='ltr'><strong>a</strong></span> <span class='ocrx_word' id='word_1_234' title='bbox 1653 2952 1818 3035; x_wconf 77' lang='lat' dir='ltr'><strong>cujus</strong></span> <span class='ocrx_word' id='word_1_235' title='bbox 1858 2959 2052 3016; x_wconf 84' lang='lat' dir='ltr'><strong>tamen</strong></span> <span class='ocrx_word' id='word_1_236' title='bbox 2093 2954 2223 3016; x_wconf 89' lang='lat' dir='ltr'><strong>luce</strong></span> <span class='ocrx_word' id='word_1_237' title='bbox 2266 2963 2327 3015; x_wconf 90' lang='lat' dir='ltr'><strong>et</strong></span> 
     </span>
     <span class='ocr_line' id='line_1_27' title="bbox 237 3051 2331 3138; baseline 0 -23"><span class='ocrx_word' id='word_1_238' title='bbox 237 3051 441 3116; x_wconf 79' lang='lat' dir='ltr'><strong>calore</strong></span> <span class='ocrx_word' id='word_1_239' title='bbox 484 3051 640 3113; x_wconf 90' lang='lat' dir='ltr'><strong>videt</strong></span> <span class='ocrx_word' id='word_1_240' title='bbox 680 3059 736 3115; x_wconf 86' lang='lat' dir='ltr'><strong>et</strong></span> <span class='ocrx_word' id='word_1_241' title='bbox 778 3072 1023 3138; x_wconf 91' lang='lat' dir='ltr'><strong>corpore</strong></span> <span class='ocrx_word' id='word_1_242' title='bbox 1064 3051 1240 3115; x_wconf 84' lang='lat' dir='ltr'><strong>vivit:</strong></span> <span class='ocrx_word' id='word_1_243' title='bbox 1294 3053 1451 3138; x_wconf 87' lang='lat' dir='ltr'><strong>quod</strong></span> <span class='ocrx_word' id='word_1_244' title='bbox 1495 3052 1773 3117; x_wconf 88' lang='lat' dir='ltr'><strong>Meritum</strong></span> <span class='ocrx_word' id='word_1_245' title='bbox 1817 3052 2056 3115; x_wconf 89' lang='lat' dir='ltr'><strong>Domini</strong></span> <span class='ocrx_word' id='word_1_246' title='bbox 2097 3053 2170 3118; x_wconf 86' lang='lat' dir='ltr'><strong>sit</strong></span> <span class='ocrx_word' id='word_1_247' title='bbox 2211 3054 2331 3118; x_wconf 81' lang='lat' dir='ltr'><strong>Re-</strong></span> 
     </span>
     <span class='ocr_line' id='line_1_28' title="bbox 234 3150 2332 3241; baseline -0 -24"><span class='ocrx_word' id='word_1_248' title='bbox 234 3153 531 3238; x_wconf 86' lang='lat' dir='ltr'><strong>demptio,</strong></span> <span class='ocrx_word' id='word_1_249' title='bbox 596 3162 653 3215; x_wconf 90' lang='lat' dir='ltr'><strong>et</strong></span> <span class='ocrx_word' id='word_1_250' title='bbox 697 3150 853 3237; x_wconf 91' lang='lat' dir='ltr'><strong>quod</strong></span> <span class='ocrx_word' id='word_1_251' title='bbox 898 3152 1253 3237; x_wconf 82' lang='lat' dir='ltr'><strong>Redemptio</strong></span> <span class='ocrx_word' id='word_1_252' title='bbox 1310 3152 1497 3238; x_wconf 82' lang='lat' dir='ltr'><strong>Ipsius</strong></span> <span class='ocrx_word' id='word_1_253' title='bbox 1542 3161 1600 3216; x_wconf 92' lang='lat' dir='ltr'><strong>et</strong></span> <span class='ocrx_word' id='word_1_254' title='bbox 1643 3153 1883 3217; x_wconf 87' lang='lat' dir='ltr'><strong>Justitia</strong></span> <span class='ocrx_word' id='word_1_255' title='bbox 1931 3152 2152 3241; x_wconf 86' lang='lat' dir='ltr'><strong>Ipsius,</strong></span> <span class='ocrx_word' id='word_1_256' title='bbox 2216 3154 2332 3217; x_wconf 88' lang='lat' dir='ltr'><strong>sint</strong></span> 
     </span>
     <span class='ocr_line' id='line_1_29' title="bbox 233 3252 2330 3341; baseline -0.001 -23"><span class='ocrx_word' id='word_1_257' title='bbox 233 3253 362 3318; x_wconf 89' lang='lat' dir='ltr'><strong>duo</strong></span> <span class='ocrx_word' id='word_1_258' title='bbox 390 3253 636 3326; x_wconf 86' lang='lat' dir='ltr'><strong>Divina,</strong></span> <span class='ocrx_word' id='word_1_259' title='bbox 692 3273 843 3337; x_wconf 90' lang='lat' dir='ltr'><strong>quae</strong></span> <span class='ocrx_word' id='word_1_260' title='bbox 877 3252 1243 3320; x_wconf 72' lang='lat' dir='ltr'><strong>homininon</strong></span> <span class='ocrx_word' id='word_1_261' title='bbox 1285 3254 1559 3340; x_wconf 84' lang='lat' dir='ltr'><strong>conjungi</strong></span> <span class='ocrx_word' id='word_1_262' title='bbox 1600 3263 1868 3339; x_wconf 88' lang='lat' dir='ltr'><strong>possunt,</strong></span> <span class='ocrx_word' id='word_1_263' title='bbox 1922 3273 2096 3341; x_wconf 88' lang='lat' dir='ltr'><strong>supra</strong></span> <span class='ocrx_word' id='word_1_264' title='bbox 2136 3262 2330 3317; x_wconf 81' lang='lat' dir='ltr'><strong>osten·</strong></span> 
     </span>
     <span class='ocr_line' id='line_1_30' title="bbox 231 3352 2331 3443; baseline -0.001 -23"><span class='ocrx_word' id='word_1_265' title='bbox 231 3376 371 3420; x_wconf 85' lang='lat' dir='ltr'><strong>sum</strong></span> <span class='ocrx_word' id='word_1_266' title='bbox 400 3363 502 3417; x_wconf 90' lang='lat' dir='ltr'><strong>est.</strong></span> <span class='ocrx_word' id='word_1_267' title='bbox 581 3352 804 3419; x_wconf 82' lang='lat' dir='ltr'><strong>Caveat</strong></span> <span class='ocrx_word' id='word_1_268' title='bbox 840 3353 1037 3441; x_wconf 89' lang='lat' dir='ltr'><strong>itaque</strong></span> <span class='ocrx_word' id='word_1_269' title='bbox 1076 3354 1187 3418; x_wconf 86' lang='lat' dir='ltr'><strong>sibi</strong></span> <span class='ocrx_word' id='word_1_270' title='bbox 1226 3354 1473 3441; x_wconf 86' lang='lat' dir='ltr'><strong>quisque</strong></span> <span class='ocrx_word' id='word_1_271' title='bbox 1516 3374 1548 3417; x_wconf 87' lang='lat' dir='ltr'><strong>a</strong></span> <span class='ocrx_word' id='word_1_272' title='bbox 1593 3354 2041 3443; x_wconf 88' lang='lat' dir='ltr'><strong>transcriptione</strong></span> <span class='ocrx_word' id='word_1_273' title='bbox 2082 3355 2331 3437; x_wconf 88' lang='lat' dir='ltr'><strong>imputa·</strong></span> 
     </span>
     <span class='ocr_line' id='line_1_31' title="bbox 234 3454 2330 3542; baseline 0 -23"><span class='ocrx_word' id='word_1_274' title='bbox 234 3455 418 3520; x_wconf 87' lang='lat' dir='ltr'><strong>tionis</strong></span> <span class='ocrx_word' id='word_1_275' title='bbox 447 3454 653 3542; x_wconf 82' lang='lat' dir='ltr'><strong>prioris</strong></span> <span class='ocrx_word' id='word_1_276' title='bbox 678 3454 972 3518; x_wconf 89' lang='lat' dir='ltr'><strong>Ecclesiae</strong></span> <span class='ocrx_word' id='word_1_277' title='bbox 1011 3454 1067 3515; x_wconf 92' lang='lat' dir='ltr'><strong>in</strong></span> <span class='ocrx_word' id='word_1_278' title='bbox 1109 3454 1557 3540; x_wconf 86' lang='lat' dir='ltr'><strong>imputationem</strong></span> <span class='ocrx_word' id='word_1_279' title='bbox 1600 3475 1823 3528; x_wconf 82' lang='lat' dir='ltr'><strong>novae,</strong></span> <span class='ocrx_word' id='word_1_280' title='bbox 1872 3455 2150 3541; x_wconf 89' lang='lat' dir='ltr'><strong>quoniam</strong></span> <span class='ocrx_word' id='word_1_281' title='bbox 2196 3455 2330 3520; x_wconf 90' lang='lat' dir='ltr'><strong>inde</strong></span> 
     </span>
     <span class='ocr_line' id='line_1_32' title="bbox 238 3555 1885 3642; baseline -0.002 -20"><span class='ocrx_word' id='word_1_282' title='bbox 238 3557 473 3622; x_wconf 89' lang='lat' dir='ltr'><strong>oritura</strong></span> <span class='ocrx_word' id='word_1_283' title='bbox 511 3565 648 3619; x_wconf 79' lang='lat' dir='ltr'><strong>sunt</strong></span> <span class='ocrx_word' id='word_1_284' title='bbox 690 3557 943 3642; x_wconf 83' lang='lat' dir='ltr'><strong>tragica,</strong></span> <span class='ocrx_word' id='word_1_285' title='bbox 996 3577 1145 3642; x_wconf 86' lang='lat' dir='ltr'><strong>quae</strong></span> <span class='ocrx_word' id='word_1_286' title='bbox 1189 3558 1493 3620; x_wconf 87' lang='lat' dir='ltr'><strong>obstarent</strong></span> <span class='ocrx_word' id='word_1_287' title='bbox 1534 3555 1705 3620; x_wconf 89' lang='lat' dir='ltr'><strong>saluti</strong></span> <span class='ocrx_word' id='word_1_288' title='bbox 1745 3556 1885 3640; x_wconf 75' lang='lat' dir='ltr'><strong>ejus.</strong></span> 
     </span>
    </p>
   </div>
   <div class='ocr_carea' id='block_1_3' title="bbox 351 3780 2241 3977">
    <p class='ocr_par' dir='ltr' id='par_1_4' title="bbox 351 3780 2241 3977">
     <span class='ocr_line' id='line_1_33' title="bbox 351 3780 2241 3876; baseline 0.002 -30"><span class='ocrx_word' id='word_1_289' title='bbox 351 3782 536 3868; x_wconf 83' lang='lat' dir='ltr'><strong>Quod</strong></span> <span class='ocrx_word' id='word_1_290' title='bbox 588 3780 883 3847; x_wconf 79' lang='lat' dir='ltr'><strong>Dominus</strong></span> <span class='ocrx_word' id='word_1_291' title='bbox 921 3787 1085 3847; x_wconf 83' lang='lat' dir='ltr'><strong>omni</strong></span> <span class='ocrx_word' id='word_1_292' title='bbox 1122 3780 1349 3847; x_wconf 82' lang='lat' dir='ltr'><strong>homini</strong></span> <span class='ocrx_word' id='word_1_293' title='bbox 1393 3786 1638 3876; x_wconf 76' lang='lat' dir='ltr'><strong>imputet</strong></span> <span class='ocrx_word' id='word_1_294' title='bbox 1680 3783 1929 3859; x_wconf 82' lang='lat' dir='ltr'><strong>bonum,</strong></span> <span class='ocrx_word' id='word_1_295' title='bbox 1978 3798 2033 3849; x_wconf 87' lang='lat' dir='ltr'><strong>et</strong></span> <span class='ocrx_word' id='word_1_296' title='bbox 2075 3783 2241 3876; x_wconf 82' lang='lat' dir='ltr'><strong>quod</strong></span> 
     </span>
     <span class='ocr_line' id='line_1_34' title="bbox 618 3880 1961 3977; baseline 0.001 -29"><span class='ocrx_word' id='word_1_297' title='bbox 618 3880 928 3971; x_wconf 76' lang='lat' dir='ltr'><strong>Infirnum</strong></span> <span class='ocrx_word' id='word_1_298' title='bbox 972 3888 1136 3949; x_wconf 86' lang='lat' dir='ltr'><strong>omni</strong></span> <span class='ocrx_word' id='word_1_299' title='bbox 1173 3882 1402 3948; x_wconf 80' lang='lat' dir='ltr'><strong>homini</strong></span> <span class='ocrx_word' id='word_1_300' title='bbox 1436 3888 1677 3977; x_wconf 82' lang='lat' dir='ltr'><strong>imputet</strong></span> <span class='ocrx_word' id='word_1_301' title='bbox 1722 3884 1961 3950; x_wconf 69' lang='lat' dir='ltr'><strong>naulum.</strong></span> 
     </span>
    </p>
   </div>
   <div class='ocr_carea' id='block_1_4' title="bbox 238 4060 2343 4352">
    <p class='ocr_par' dir='ltr' id='par_1_5' title="bbox 238 4060 2343 4352">
     <span class='ocr_line' id='line_1_35' title="bbox 400 4060 2343 4146; baseline -0.001 -21"><span class='ocrx_word' id='word_1_302' title='bbox 400 4064 550 4125; x_wconf 78' lang='lat'><strong>650.</strong></span> <span class='ocrx_word' id='word_1_303' title='bbox 606 4060 781 4140; x_wconf 87' lang='lat' dir='ltr'><strong>Quod</strong></span> <span class='ocrx_word' id='word_1_304' title='bbox 809 4060 1100 4125; x_wconf 83' lang='lat' dir='ltr'><strong>Dominus</strong></span> <span class='ocrx_word' id='word_1_305' title='bbox 1137 4061 1380 4146; x_wconf 87' lang='lat' dir='ltr'><strong>imputet</strong></span> <span class='ocrx_word' id='word_1_306' title='bbox 1409 4060 1632 4125; x_wconf 88' lang='lat' dir='ltr'><strong>homini</strong></span> <span class='ocrx_word' id='word_1_307' title='bbox 1673 4061 1927 4138; x_wconf 86' lang='lat' dir='ltr'><strong>bonum,</strong></span> <span class='ocrx_word' id='word_1_308' title='bbox 1980 4070 2038 4124; x_wconf 91' lang='lat' dir='ltr'><strong>et</strong></span> <span class='ocrx_word' id='word_1_309' title='bbox 2078 4081 2197 4125; x_wconf 87' lang='lat' dir='ltr'><strong>uon</strong></span> <span class='ocrx_word' id='word_1_310' title='bbox 2236 4062 2343 4126; x_wconf 90' lang='lat' dir='ltr'><strong>ali-</strong></span> 
     </span>
     <span class='ocr_line' id='line_1_36' title="bbox 238 4159 2341 4252; baseline -0.003 -22"><span class='ocrx_word' id='word_1_311' title='bbox 238 4164 404 4252; x_wconf 86' lang='lat' dir='ltr'><strong>quod</strong></span> <span class='ocrx_word' id='word_1_312' title='bbox 450 4163 703 4239; x_wconf 89' lang='lat' dir='ltr'><strong>malum,</strong></span> <span class='ocrx_word' id='word_1_313' title='bbox 756 4173 813 4226; x_wconf 89' lang='lat' dir='ltr'><strong>et</strong></span> <span class='ocrx_word' id='word_1_314' title='bbox 853 4163 1009 4250; x_wconf 89' lang='lat' dir='ltr'><strong>quod</strong></span> <span class='ocrx_word' id='word_1_315' title='bbox 1053 4160 1350 4237; x_wconf 76' lang='lat' dir='ltr'><strong>diaboluS,</strong></span> <span class='ocrx_word' id='word_1_316' title='bbox 1404 4183 1508 4250; x_wconf 87' lang='lat' dir='ltr'><strong>per</strong></span> <span class='ocrx_word' id='word_1_317' title='bbox 1547 4184 1722 4248; x_wconf 91' lang='lat' dir='ltr'><strong>quem</strong></span> <span class='ocrx_word' id='word_1_318' title='bbox 1765 4161 2109 4246; x_wconf 81' lang='lat' dir='ltr'><strong>intelligitur</strong></span> <span class='ocrx_word' id='word_1_319' title='bbox 2146 4159 2341 4224; x_wconf 80' lang='lat' dir='ltr'><strong>Inser-</strong></span> 
     </span>
     <span class='ocr_line' id='line_1_37' title="bbox 239 4261 2340 4352; baseline -0.004 -23"><span class='ocrx_word' id='word_1_320' title='bbox 239 4285 418 4342; x_wconf 87' lang='lat' dir='ltr'><strong>num,</strong></span> <span class='ocrx_word' id='word_1_321' title='bbox 462 4264 732 4352; x_wconf 75' lang='lat' dir='ltr'><strong>imputet</strong></span> <span class='ocrx_word' id='word_1_322' title='bbox 767 4262 1015 4329; x_wconf 87' lang='lat' dir='ltr'><strong>-homiui</strong></span> <span class='ocrx_word' id='word_1_323' title='bbox 1058 4261 1318 4337; x_wconf 85' lang='lat' dir='ltr'><strong>malum,</strong></span> <span class='ocrx_word' id='word_1_324' title='bbox 1388 4272 1447 4327; x_wconf 89' lang='lat' dir='ltr'><strong>et</strong></span> <span class='ocrx_word' id='word_1_325' title='bbox 1496 4283 1615 4325; x_wconf 89' lang='lat' dir='ltr'><strong>non</strong></span> <span class='ocrx_word' id='word_1_326' title='bbox 1661 4261 1900 4349; x_wconf 81' lang='lat' dir='ltr'><strong>aliquod</strong></span> <span class='ocrx_word' id='word_1_327' title='bbox 1944 4261 2205 4334; x_wconf 70' lang='lat' dir='ltr'><strong>bonum,</strong></span> <span class='ocrx_word' id='word_1_328' title='bbox 2249 4265 2340 4321; x_wconf 79' lang='lat' dir='ltr'><strong>est</strong></span> 
     </span>
    </p>
   </div>
  </div>
 </body>
</html>
