2750 4775
2524 4 2706 372 W

443 399 557 451 sss
721 389 1184 445 UNIVERSA
1229 389 1770 445 'runonocu
1812 356 1984 447 Νζο.
2025 387 2135 443 ΕΤ
2176 391 2244 447 Ν.
2288 392 2355 444 Ε.

711 588 824 653 DE
874 586 1218 654 JUDAElS
1272 586 1359 653 ΙΝ
1416 588 1722 654 MUNDO
1775 585 2270 653 SPIRITUALI.

600 748 752 811 841.
808 745 1026 811 Judaei
1079 755 1216 808 ante
1268 744 1559 809 Ultimum
1604 746 1940 822 Judicium,
1993 747 2151 833 quod
2196 746 2417 810 facturn
2471 757 2558 812 est

443 848 618 915 Anno
669 852 873 924 1757,
925 847 998 909 ad
1032 847 1186 910 latus
1224 846 1524 910 sinistrum
1566 848 1880 913 meditanti
1918 847 2240 912 Christiani
2280 849 2339 910 in
2384 848 2552 913 Valle

331 1033 338 1040 ἱ
441 952 525 1016 ibi
560 957 993 1037 apparueruntz
1047 959 1175 1035 post
1205 946 1347 1010 illud
1376 948 1646 1013 translati
1675 961 1813 1012 sunt
1842 951 1902 1011 in
1926 950 2442 1035 Septentrionem,
2497 961 2555 1015 et

440 1053 817 1116 interdictum
848 1058 934 1112 est
957 1045 1075 1112 illis
1102 1052 1521 1112 commercium
1552 1071 1683 1112 cum
1714 1049 2089 1126 Christianis,
2144 1052 2256 1114 nisi
2286 1072 2418 1113 cum
2453 1073 2556 1117 va-

447 1155 531 1242 gis
572 1163 739 1217 extra
770 1151 983 1216 Urbes.
1062 1150 1212 1214 Sunt
1251 1150 1306 1212 in
1349 1149 1447 1215 illa
1488 1151 1672 1236 Plaga
1716 1151 1870 1215 duae
1918 1171 2168 1238 magnae
2208 1152 2443 1229 Urbes,
2495 1154 2553 1215 in

443 1276 591 1341 quas
627 1254 842 1318 Judaei
875 1261 1004 1339 post
1049 1262 1297 1316 mortem
1345 1252 1613 1317 translati
1655 1262 1824 1327 suut,
1878 1275 2025 1338 quas
2071 1262 2213 1317 ante
2247 1253 2555 1318 Judicium

440 1363 811 1421 vocaverunt
869 1353 1347 1444 Hierosolymas,
1407 1354 1508 1418 sed
1556 1364 1685 1442 post
1726 1352 1867 1416 illud
1918 1355 2035 1417 alio
2078 1356 2358 1430 nomine,
2413 1355 2554 1443 qnia

401 1475 407 1483 ·
444 1464 577 1546 post
620 1456 920 1520 Judicium
961 1474 1067 1540 per
1109 1453 1591 1544 Hierosolymam
1637 1454 1984 1539 intelligitur
2034 1454 2298 1520 Ecclesia
2356 1456 2558 1542 quoad

445 1558 827 1632 Doctrinam,
881 1556 941 1618 in
983 1577 1098 1643 qua
1127 1555 1417 1620 Dominus
1455 1556 1616 1622 solus
1652 1553 1882 1619 colitur.
1961 1554 2403 1622 praeficiuntur
2443 1557 2551 1623 illis

442 1659 500 1721 in
545 1660 665 1723 suis
709 1656 973 1723 Urbibus
1017 1657 1583 1733 ,Iudaei-conversi,
1639 1658 1738 1744 qui
1782 1668 2025 1721 monent
2071 1657 2233 1733 illos,
2291 1680 2365 1723 ne
2412 1680 2553 1722 con·

441 1761 749 1825 tumeliose
777 1759 1093 1845 loquantur
1121 1759 1193 1821 de
1220 1756 1491 1830 Christo;
1550 1768 1608 1821 et
1651 1758 1901 1847 puniunt
1941 1758 2073 1822 illos
2114 1758 2214 1844 qui
2262 1782 2453 1847 usque
2496 1760 2550 1822 id

440 1859 682 1925 faciunt.
764 1861 1007 1926 Plateae
1044 1858 1296 1923 Urbium
1345 1861 1581 1924 illorum
1627 1860 1901 1946 oppletae
1938 1870 2075 1924 sunt
2119 1860 2326 1925 Caeno
2367 1882 2549 1948 usque

441 1964 515 2026 ad
545 1965 728 2038 taloS,
780 1970 839 2024 et
867 1961 1095 2025 Domus
1122 1961 1468 2037 immundis,
1522 1982 1555 2024 a
1596 1963 1812 2049 quibus
1850 1962 2026 2024 etiam
2056 1961 2248 2035 olent,
2308 1971 2551 2050 propter

441 2086 596 2151 quae
636 2085 758 2126 non
785 2060 932 2125 adiri
977 2071 1232 2148 possunt.
1313 2062 1696 2127 Postmodum
1739 2062 2165 2137 animadverti,
2221 2065 2387 2149 quod
2430 2064 2550 2150 plu·

442 2188 539 2230 res
565 2187 635 2230 ex
660 2164 757 2227 illa
780 2162 972 2227 Gente
999 2162 1195 2226 sedem
1225 2165 1707 2227 commorationis
1735 2164 1912 2227 etiam
1945 2167 2101 2227 nacti
2128 2164 2245 2227 sint
2276 2165 2338 2225 in
2363 2164 2549 2251 Plaga

443 2263 850 2334 Meridionali,
903 2272 961 2324 et
990 2262 1128 2326 dum
1158 2266 1455 2350 quaesivi,
1510 2266 1749 2351 quinam
1790 2265 1903 2340 illi,
1956 2265 2175 2328 dictum
2215 2274 2338 2341 est,
2394 2265 2552 2352 quod

442 2367 557 2432 sint
587 2366 685 2454 qui
716 2363 1152 2452 parvifecerunt
1183 2367 1418 2431 Cultum
1448 2367 1808 2454 reliquorum
1828 2412 1846 2441 ,
1899 2375 1956 2430 et
1983 2364 2308 2430 haeserunt
2344 2366 2553 2432 animis

444 2466 518 2530 de
544 2466 758 2531 Messia
789 2489 926 2530 num
957 2489 1217 2554 nuquam
1254 2478 1538 2555 venturus
1568 2469 1670 2542 sit,
1727 2477 1849 2531 tum
1892 2469 1992 2554 qui
2033 2468 2107 2532 de
2154 2469 2335 2533 variis
2374 2469 2551 2533 rebus

443 2568 506 2630 in
541 2567 770 2632 Mundo
796 2568 1206 2654 cogitaverunt
1238 2586 1309 2632 ex
1338 2571 1590 2646 ratione,
1610 2578 1677 2633 ‘et
1704 2570 2026 2633 secundum
2053 2570 2210 2632 illam
2245 2570 2551 2642 vixerunt;

444 2669 662 2733 horum
694 2668 1001 2754 plurimam
1045 2679 1271 2758 partem
1321 2672 1687 2735 constituunt
1725 2670 1940 2734 Judaei
1987 2672 2088 2756 qui
2129 2681 2554 2757 nuncupantur

441 2770 772 2858 Portugisi:
1729 2804 1733 2809 ·

601 2874 748 2936 842.
803 2871 1343 2960 Apparet›Judaeis
1381 2873 1689 2959 aliquoties
1728 2871 1993 2959 Angelus
2029 2893 2206 2959 supra
2250 2873 2316 2934 in
2359 2872 2550 2937 media

437 2975 755 3041 'altitudine
786 2997 914 3037 cum
946 2973 1172 3038 Baculo
1201 2975 1257 3037 in
1289 2994 1497 3049 mauu,
1544 2985 1603 3037 et
1633 2974 1731 3037 dat
1761 2974 2002 3037 credere
2033 2973 2191 3060 quod
2216 2975 2296 3037 sit
2320 2973 2554 3049 Moses,

449 3099 521 3141 ac
564 3076 840 3140 hortatur
887 3085 950 3137 ut
995 3075 1276 3140 desistant
1320 3096 1352 3138 a
1403 3075 1639 3141 vesania
1676 3075 1761 3141 ,de
1807 3075 2243 3161 exspectatione
2290 3075 2557 3140 Messian

446 3170 622 3242 etiam
650 3178 762 3252 ibi,
817 3177 953 3263 quia
985 3177 1229 3241 Messias
1258 3186 1343 3239 est
1373 3174 1666 3250 Christus,
1723 3176 1822 3263 qui
1864 3176 1995 3239 illos
2035 3184 2095 3238 et
2134 3186 2346 3239 omnes
2390 3176 2558 3262 regit,

445 3289 505 3342 et
532 3279 688 3364 quod
718 3278 815 3341 ille
843 3278 899 3341 id
927 3277 1101 3351 sciat,
1143 3286 1201 3339 et
1230 3297 1468 3364 quoque
1496 3276 1569 3341 de
1602 3276 1734 3362 lps‘o
1758 3277 2031 3352 sciverit,
2072 3276 2210 3340 dum
2241 3276 2306 3338 in
2325 3277 2558 3342 Mundo

444 3378 584 3442 fuit:
655 3380 867 3465 quibus
915 3378 1127 3443 auditis
1167 3378 1483 3452 recedunt,
1537 3388 1594 3441 et
1634 3379 1882 3441 maxima
1928 3398 2062 3462 pars
2100 3376 2559 3453 obliviscuntur,
2622 3390 2630 3402 '

445 3491 502 3542 et
545 3481 711 3564 pauci
753 3480 1019 3551 retinent.
1102 3478 1216 3558 Qui
1257 3479 1540 3551 retinent,
1597 3478 1677 3542 illi
1723 3480 2036 3541 mittuntur
2076 3478 2134 3541 in
2175 3478 2553 3568 Synagogas‚

445 3602 596 3665 quae
624 3590 759 3644 sunt
788 3602 860 3645 ex
887 3581 1233 3656 Conversis,
1286 3601 1353 3641 ac
1380 3579 1777 3655 instruuntur,
1831 3587 1890 3642 et
1919 3579 2059 3654 illis,
2112 3578 2250 3641 dum
2279 3580 2557 3644 instructi

444 3690 613 3755 suut,
667 3681 883 3742 dantur
910 3703 1102 3744 novae
1132 3683 1338 3745 Vestes
1370 3703 1476 3766 pro
1505 3680 1746 3757 laceris,
1788 3690 1842 3741 et
1873 3681 2047 3743 datur
2074 3680 2338 3745 Verbum
2372 3681 2563 3744 nitide

444 3780 760 3867 scriptum,
788 3789 909 3843 tum
942 3782 1251 3846 Habitatio
1282 3782 1339 3844 in
1373 3781 1535 3846 Urbe
1577 3804 1695 3845 non
1740 3782 2054 3844 indecora:
2107 3779 2187 3842 illi
2214 3791 2428 3846 autem
2463 3785 2560 3868 qui

444 3902 564 3944 non
596 3880 916 3969 recipiunt,
968 3884 1353 3969 dejiciuntur,
1408 3904 1480 3947 ac
1508 3883 1673 3947 multi
1703 3885 1758 3945 in
1787 3883 2002 3972 Sylvas
2029 3894 2083 3945 et
2114 3882 2368 3946 Deserta
2388 3932 2405 3958 ,
2460 3883 2561 3948 ubi

447 3992 628 4067 agunt
657 3982 810 4055 inter
836 4004 896 4045 se
925 3982 1252 4049 latrocinia.

431 4098 436 4103 ’
602 4087 747 4149 843.
800 4084 837 4148 J
849 4078 1014 4148 udaei
1058 4076 1441 4170 negotiantur
1465 4085 1524 4151 in
1553 4083 1653 4148 illo
1683 4085 1908 4149 Mundo
1936 4085 2083 4149 sicut
2113 4084 2170 4146 in
2204 4084 2389 4171 priori
2425 4108 2565 4153 cum

448 4183 656 4259 variis,
708 4184 990 4270 imprimis
1029 4200 1159 4268 curn
1201 4185 1527 4270 Lapidibus
1562 4186 1866 4273 pretiosis»,
1933 4209 2081 4271 quos
2123 4187 2230 4250 sibi
2278 4208 2390 4271 per
2437 4188 2569 4253 vias

445 4282 770 4368 incognitas
816 4280 1159 4370 comparant
1200 4303 1230 4344 e
1271 4283 1483 4358 Caelo,
1552 4287 1648 4348 uhi
1695 4283 1950 4373 Lapides
1992 4287 2226 4373 pretiosi
2275 4289 2335 4357 in
2384 4291 2564 4377 copia

2689 455 2706 558 l

2687 4250 2706 4317 Α
