2750 4775
887 378 978 428 Xl.
1061 378 1601 433 IMPUTATIO.
2205 391 2311 441 1⁷5

214 527 483 592 interiora
529 526 737 598 mentis
782 535 1062 601 nostrae,
1131 527 1424 591 intramus
1466 527 1614 605 buc,
1669 540 1728 592 et
1780 530 2120 598 delitiamur
2160 533 2312 602 sicut

211 647 275 691 ex
312 628 672 714 possessione
712 628 1005 701 omnium;
1067 637 1127 691 at
1166 627 1263 692 hic
1308 649 1427 690 non
1472 649 1772 694 moramur
1809 633 1915 695 nisi
1947 654 2052 719 per
2082 634 2311 720 aliquot

211 725 417 805 horas,
461 730 676 815 quibus
721 729 940 796 exactis
987 728 1358 813 egredimur,
1421 738 1479 791 et
1520 730 1690 793 toties
1738 752 1903 795 mens
1948 753 2091 796 sana
2138 735 2310 799 nobis

192 830 393 900 lreditt
439 831 541 893 sed
564 850 762 915 ,usque
793 828 1290 893 oblectamentum
1336 829 1718 892 visionarium
1762 841 2025 896 nostrum
2066 832 2313 898 alternis

208 931 566 1017 supervenit,
622 951 691 992 ac
718 927 856 1002 facit
885 939 946 992 ut
979 950 1083 1016 per
1111 929 1269 992 vices
1297 929 1682 1004 reintremus,
1731 941 1791 994 et
1821 952 1926 1017 per
1955 932 2114 997 vices
2144 950 2314 1016 egre-

206 1027 461 1102 diamur·;
513 1031 597 1094 sic
624 1029 863 1096 alternis
890 1029 1148 1112 sapimus
1173 1037 1232 1091 et
1260 1029 1599 1092 insanimus.
1678 1030 1910 1096 Scimus
1947 1033 2125 1095 etiam
2152 1031 2315 1118 quod

211 1128 348 1195 dura
396 1153 527 1194 sors
575 1140 809 1193 maneat
857 1129 1018 1200 illos,
1089 1130 1188 1213 qui
1239 1139 1368 1193 astu
1419 1131 1743 1215 surripiunt
1792 1130 1919 1195 aliis
1960 1153 2069 1197 sua
2116 1132 2312 1206 hona;

208 1232 603 1316 quaesivimus
644 1251 795 1318 quae
835 1251 995 1303 sors,
1066 1229 1371 1304 dicebant,
1445 1229 1877 1306 absorbentur,
1929 1252 1999 1295 ac
2038 1233 2178 1297 nudi
2225 1231 2317 1298 iu-

126 1363 133 1370 ·
204 1332 523 1396 truduntur
550 1330 611 1393 in
639 1332 891 1420 aliquem
924 1328 1270 1394 infernalem
1292 1349 1635 1406 carcerem,
1688 1331 1789 1395 ubi
1831 1340 2107 1398 tenentur
2144 1332 2313 1399 labo-

206 1452 334 1508 rare
363 1454 473 1521 pro
505 1440 667 1496 veste
696 1442 752 1494 et
784 1452 890 1515 pro
920 1430 1086 1507 cibo,
1128 1452 1197 1493 ac
1227 1438 1427 1516 postea
1460 1452 1568 1517 pro
1594 1432 1892 1516 aliquibus
1919 1433 2130 1507 obolis,
2166 1455 2317 1519 quos

210 1532 523 1618 colligunt,
552 1532 636 1600 ,in
686 1531 901 1619 quibus
948 1540 1169 1617 ponunt
1211 1531 1491 1617 gaudium
1540 1531 1735 1596 cordis
1776 1531 1897 1605 sui;
1953 1532 2056 1596 sed
2098 1533 2145 1596 si
2194 1554 2349 1597 ma·-

205 1631 326 1697 l-um
377 1632 601 1714 faciunt
653 1632 987 1708 sodalibus,
1034 1632 1285 1698 ,dabunt
1330 1642 1559 1719 partem
1609 1632 1921 1696 obolorum
1966 1654 2209 1697 suorum
2254 1633 2316 1696 in

208 1737 505 1799 muletam.
1122 1789 1151 1804 s
1184 1783 1189 1788 .
2131 1811 2136 1816 ‚

362 1838 508 1897 663.
581 1834 888 1897 Teanum
923 1832 1366 1898 Mainomene.
1426 1830 1744 1912 Quondam
1774 1832 1857 1896 sui
1886 1833 1946 1897 in
1973 1832 2169 1896 medio
2195 1829 2318 1897 An·

208 1935 502 2020 gelorutn‚
556 1944 612 1997 et
644 1936 842 2000 audivi
871 1954 1203 2002 sermonem
1234 1933 1499 2006 illorum;
1552 1954 1751 1997 sermo
1792 1932 2030 1999 illorum
2069 1942 2200 1997 erat
2242 1933 2313 1997 de

209 2033 601 2121 Intelligentia
633 2045 689 2097 et
719 2033 1052 2120 Sapientia,
1110 2031 1268 2118 quod
1310 2032 1491 2096 homo
1533 2054 1651 2096 non
1689 2034 1907 2098 sentiat
1946 2042 2005 2097 et
2029 2035 2317 2121 percipiat

206 2136 406 2211 aliter,
430 2201 435 2208 ,
460 2156 639 2222 quam
671 2135 828 2221 quod
862 2142 1113 2218 utraque
1132 2133 1216 2196 ‘sit
1243 2132 1300 2196 in
1329 2154 1426 2207 se,
1478 2133 1647 2196 etsie
1672 2132 1831 2218 quod
1872 2133 2150 2227 quicquid
2195 2136 2318 2199 vult

207 2245 266 2299 et
294 2237 546 2322 cogitat,
594 2235 676 2316 ,sit
703 2255 770 2296 ex
797 2256 896 2307 se,
953 2255 1083 2298 cum
1116 2241 1315 2296 tamen
1348 2253 1422 2295 ne
1464 2230 1645 2298 hilum
1689 2233 1921 2298 illarum
1963 2256 2035 2297 ex
2077 2234 2316 2299 homine

206 2342 327 2412 est,
381 2344 616 2422 praeter
645 2355 822 2419 quam
863 2332 1114 2397 facultas
1157 2332 1472 2421 recipiendi
1502 2331 1663 2406 illas;
1717 2334 1869 2398 inter
1910 2335 2110 2424 plura,
2161 2335 2316 2421 quae

207 2435 643 2520 loquebantur,
695 2443 823 2497 erat
863 2433 1043 2499 etiam
1084 2433 1230 2511 hoc,
1293 2434 1452 2520 quod
1497 2434 1695 2498 Arbor
1737 2436 2020 2499 scientiae
2069 2437 2209 2503 boni
2257 2446 2317 2501 et

210 2533 361 2605 mali
382 2534 438 2595 in
471 2533 668 2598 Horto
696 2533 914 2619 Edenis
940 2533 1357 2620 significaverit
1397 2533 1571 2597 fidem
1617 2522 1778 2620 quod
1824 2534 2216 2623 Intelligentia
2258 2547 2319 2601 et

207 2633 513 2722 Sapientia
544 2644 737 2697 essent
768 2634 844 2701 ab
870 2635 1139 2709 homine,
1193 2645 1250 2699 et
1279 2635 1437 2721 quod
1466 2637 1663 2699 Arbor
1702 2636 1859 2699 vitae
1900 2635 2322 2723 significaverit

206 2735 369 2823 quod
400 2734 797 2820 intelligentia
827 2746 885 2799 et
913 2735 1214 2821 Sapientia
1255 2746 1448 2819 essent
1486 2756 1523 2800 a
1568 2735 1729 2810 Deo,
1781 2745 1840 2798 et
1879 2737 2018 2822 quia
2055 2733 2321 2805 Adamas

208 2857 282 2901 ex
309 2857 487 2901 suasu
510 2836 798 2922 serpentis
827 2836 1080 2909 comedit
1121 2857 1190 2898 ex
1233 2840 1432 2923 priore
1455 2834 1721 2913 Arbore,
1775 2835 1858 2899 sic
1884 2835 2128 2902 credens
2156 2835 2317 2923 quod

209 2948 361 3002 esset
393 2944 493 3001 aut
521 2934 686 3000 fieret
728 2938 876 3000 sicut
906 2937 1068 3000 Deus
1088 2985 1104 3012 ,
1158 2937 1290 3001 ideo
1323 2937 1598 3024 expulsus
1624 2946 1711 2999 est
1740 2956 1810 2998 ex
1840 2934 2036 3000 Horto
2064 2945 2121 2998 et
2152 2937 2318 2999 dam·-

206 3046 400 3117 natus.
476 3032 687 3121 Angeli
716 3037 852 3100 dum
895 3037 953 3101 in
996 3037 1110 3100 hoc
1148 3058 1423 3102 sermone
1459 3045 1668 3111 erant,
1722 3043 2015 3121 venerunt
2052 3035 2170 3101 duo
2209 3035 2318 3100 Sa-

209 3137 507 3212 cerdotes,
563 3158 678 3199 una
711 3159 843 3201 cum
877 3137 1052 3213 Viro,
1105 3138 1204 3223 qui
1235 3137 1293 3201 in
1322 3138 1551 3203 Mundo
1592 3135 1785 3199 fuerat
1817 3136 2073 3221 Legatus
2101 3136 2318 3221 Regni,

208 3248 266 3302 et
296 3237 409 3301 illis
438 3236 612 3303 retuli
643 3259 795 3321 quae
826 3237 1175 3322 abAngelis
1207 3237 1548 3312 audiveram
1577 3237 1648 3298 de
1681 3236 2075 3321 intelligentia
2117 3244 2175 3300 et
2213 3234 2320 3300 Sa·

209 3338 429 3425 pientia
447 3385 462 3412 ,
516 3337 728 3423 quibus
756 3337 969 3402 auditis
997 3346 1316 3425 caeperunt
1356 3347 1477 3407 toes
1504 3337 1584 3400 illi
1614 3336 1948 3423 disceptare*
1967 3336 2040 3398 de
2065 3345 2322 3422 utraque

208 3439 338 3515 illa,
393 3446 450 3500 et
490 3459 729 3524 quoque
768 3439 845 3501 de
875 3438 1230 3514 Prudentia,
1285 3459 1424 3499 num
1468 3437 1583 3500 sint
1626 3457 1658 3498 a
1705 3437 1865 3511 Deo,
1919 3433 2014 3498 vel
2060 3457 2199 3499 num
2241 3434 2360 3507 ab,

206 3538 483 3613 homine,
537 3538 753 3602 ardens
780 3549 908 3603 erat
937 3538 1316 3625 disceptatio;
1371 3546 1491 3601 tres
1523 3536 1604 3599 illi
1635 3536 2009 3600 crediderunt
2034 3530 2319 3617 similiter,

211 3640 368 3725 qnod
413 3640 528 3702 siut
552 3639 649 3719 ,ab
687 3637 959 3714 bomine,
1014 3641 1149 3724 quia
1190 3639 1313 3725 ipsa
1341 3638 1601 3702 sensatio
1640 3647 1697 3700 et
1738 3636 1874 3699 inde
1920 3639 2219 3724 perceptio
2257 3637 2322 3702 ‘id

206 3738 596 3814 confirmant,
640 3739 742 3801 sed
768 3738 1153 3813 Sacerdotes,
1193 3739 1292 3825 qui
1320 3748 1463 3802 tunc
1488 3746 1658 3801 erant
1689 3739 1745 3799 in
1775 3738 1901 3801 zelo
1930 3736 2318 3826 Theologico,

208 3841 543 3914 instabant,
596 3839 756 3925 quod
799 3839 944 3903 nihil
970 3838 1406 3926 Intelligentiae
1433 3848 1492 3902 et
1519 3837 1890 3926 Sapientiae,
1944 3848 2004 3901 et
2046 3840 2132 3904 sic
2174 3830 2324 3902 nihil

210 3940 562 4026 prudentiae
588 3940 704 4003 sint
732 3941 810 4004 ab
837 3937 1107 4016 homine,
1162 3948 1221 4003 et
1261 3938 1376 4004 hoc
1401 3937 1834 4004 confirmabant
1867 3958 1936 4000 ex
1965 3936 2055 4002 his
2083 3939 2144 4001 iu
2174 3940 2324 4006 Ver—

211 4042 326 4117 bo,
377 4040 532 4107 Non
552 4053 752 4132 potest
782 4038 961 4107 homo
989 4063 1220 4106 sumere
1246 4043 1566 4132 quicquam
1586 4084 1605 4114 ,
1653 4041 1779 4103 nisi
1801 4042 1879 4103 sit
1907 4036 2116 4104 datum
2156 4037 2254 4119 illi
2288 4060 2323 4102 e

215 4141 432 4217 Caele,
484 4140 625 4204 Job.
676 4140 800 4205 1112
848 4145 950 4204 27.
1026 4141 1102 4221 Et
1145 4160 1219 4205 ex
1260 4141 1381 4216 his,
1436 4140 1615 4205 Jesus
1649 4139 1805 4207 ,dixit
1848 4138 1924 4203 ad
1971 4137 2322 4223 Discipulos,

212 4247 344 4308 sine
369 4242 482 4309 Me
509 4264 632 4307 non
653 4237 1140 4336 potestis-facere
1165 4242 1515 4334 quicquam,
1565 4240 1708 4306 Joh.-
1737 4237 1900 4307 xvz-
1927 4241 2000 4311 ὅς
2048 4236 2151 4300 sed
2183 4246 2326 4299 tunc
