2750 4775
804 394 958 449 xm.
1041 375 1764 450 sANc'rA'coem.
2228 414 2337 463 259

223 545 359 619 illa,
408 544 561 609 sicut
587 561 838 629 sponsus
856 566 994 608 cum
1028 546 1291 610 celebrat
1318 546 1581 632 nuptias,
1638 569 1710 610 ae
1751 563 1884 615 cum
1925 550 2107 618 intrat
2148 552 2338 620 thala-

222 669 389 710 mum
418 666 552 709 cum
580 665 825 731 sponsa;
878 646 937 708 in
965 644 1078 709 bac
1122 644 1254 710 idea
1296 646 1534 714 ascendi
1575 649 1634 711 in
1659 647 1938 725 Caelum,
1993 663 2053 716 et
2093 656 2340 724 transivi

219 748 445 833 primas
470 745 797 821 custodias,
850 755 908 808 et
936 764 1171 831 quoque
1197 747 1519 822 secundas,
1574 758 1635 813 at
1675 771 1807 813 cum
1845 751 1918 813 ad
1947 752 2150 820 tertias
2178 757 2334 831 veni,

220 845 642 934 alloquebatur
670 847 1186 914 meffcustodiarurn
1219 846 1584 936 praefectus,
1636 858 1696 913 et
1727 848 1902 925 dixit,
1945 852 2076 937 quis
2102 874 2165 918 es
2193 854 2339 920 ami·

219 969 318 1023 ce,
375 956 440 1010 et
463 946 771 1035 respondi,
823 957 986 1011 estne
1015 945 1112 1010 bic
1139 947 1415 1023 Caelum,
1468 947 1585 1012 huc
1624 971 1695 1025 ex
1736 960 1881 1015 voto
1922 951 2194 1017 desiderii
2223 955 2337 1019 mei

216 1046 496 1122 ascendi,
547 1048 876 1111 intromitte
907 1065 1157 1135 quaeso,
1212 1069 1284 1112 ac
1310 1049 1658 1124 intromisit;
1712 1059 1771 1114 et
1811 1050 1934 1116 vidi
1972 1048 2234 1141 Angelos
2275 1055 2337 1119 in

221 1150 491 1214 vestibus
526 1148 702 1222 albis,
757 1156 815 1210 et
857 1148 915 1211 bi
961 1170 1056 1213 me
1097 1148 1509 1224 circumibant,
1548 1160 1609 1214 et
1650 1150 2015 1228 lustrabant,
2067 1163 2126 1218 et
2173 1176 2337 1220 mur·

220 1248 546 1313 murabant
579 1247 724 1322 hoc,
778 1268 852 1311 en
889 1270 1113 1315 novum
1153 1247 1444 1335 hospitem
1486 1272 1606 1314 non
1649 1251 1918 1316 indutum
1961 1263 2123 1320 veste
2150 1254 2335 1333 Caeli,

215 1361 274 1416 et
300 1369 425 1435 ego
453 1348 602 1413 haec
628 1349 859 1425 audivi,
912 1359 971 1413 et
999 1349 1287 1435 cogitavi,
1342 1348 1458 1413 hoc
1502 1361 1748 1439 apparet
1793 1350 1931 1415 mihi
1970 1354 2157 1419 simile
2197 1378 2336 1440 cum

108 1517 119 1534 ,
216 1452 349 1525 illo,
409 1450 483 1514 de
509 1471 630 1535 quo
656 1449 950 1518 Dominus
975 1450 1146 1525 dicit,
1200 1448 1361 1536 quod
1401 1450 1622 1538 absque
1669 1463 1828 1517 veste
1870 1454 2116 1539 nuptiali
2151 1455 2336 1523 intra-

219 1552 377 1615 verit
406 1551 464 1613 in
492 1551 758 1636 nuptias,
810 1561 870 1614 et
904 1549 1055 1628 dixi,
1124 1550 1260 1614 date
1301 1548 1442 1614 mihi
1481 1551 1629 1615 tales
1675 1562 1895 1626 vestes3
1946 1563 2008 1618 at
2046 1554 2333 1632 riserunt;
2371 1591 2376 1595 -

215 1662 273 1715 et
304 1662 453 1715 tunc
480 1650 914 1716 accurrit-unus
943 1671 1015 1714 ex
1044 1650 1223 1714 Curia
1254 1672 1388 1715 cum
1421 1651 1734 1727 mandato,
1786 1654 1983 1718 exuite
2022 1653 2185 1720 illum
2225 1678 2336 1722 nu-

216 1754 399 1827 dum,
451 1752 642 1833 ejicite
681 1749 878 1827 illum,
931 1760 991 1814 et
1031 1750 1298 1837 projicite
1341 1760 1534 1816 vestes
1570 1753 1697 1838 ejus
1738 1764 1867 1840 post
1906 1754 2102 1830 illum,
2155 1765 2217 1820 et
2253 1758 2337 1823 sic

220 1855 450 1938 ejectus
474 1874 620 1917 sum.
699 1852 1032 1917 SECUNDUS
1058 1851 1119 1913 in
1146 1851 1354 1915 ordine
1386 1852 1560 1927 dixit,
1612 1873 1726 1939 ego
1770 1851 1988 1918 credidi
2030 1855 2181 1920 sicut
2216 1856 2334 1934 ille,

217 1953 379 2040 quod
434 1954 485 2042 si
540 1951 717 2017 modo
769 1953 1198 2016 intromitteret
1249 1952 1310 2014 in
1364 1951 1640 2028 Caelum,
1709 1955 1868 2041 quod
1920 1976 2099 2042 supra
2157 1966 2337 2047 caput

224 2076 423 2118 meum
471 2063 589 2126 est,
664 2050 1140 2116 circumfluerent
1194 2072 1286 2114 me
1339 2053 1587 2138 gaudia,
1656 2064 1716 2118 et
1760 2056 2081 2120 animarem
2128 2055 2227 2124 illa
2272 2057 2334 2122 in

219 2164 561 2226 aeternum,
617 2164 821 2241 optato
848 2153 1025 2216 etiam
1053 2155 1270 2239 potitus
1307 2173 1468 2226 sum;
1526 2163 1585 2215 at
1628 2152 1872 2240 Angeli,
1924 2177 2018 2219 me
2063 2156 2190 2221 viso
2230 2177 2335 2223 au·

217 2254 533 2342 sugerunt,
586 2263 646 2316 et
671 2254 827 2317 inter
849 2275 914 2318 se
937 2253 1239 2329 dixerunt,
1296 2253 1438 2339 quid
1465 2252 1580 2316 boc
1611 2264 1979 2341 portentum,
2029 2258 2333 2345 quomodo

219 2354 339 2421 huc
370 2355 531 2420 venit
572 2353 716 2421 Avis
753 2355 974 2425 noctis;
1028 2363 1085 2419 et
1128 2354 1440 2419 actualiter
1482 2354 1633 2420 sensi
1678 2355 2060 2421 mutationem
2101 2359 2186 2425 ,ab
2224 2358 2335 2424 ho-

223 2459 439 2530 mine,·
465 2457 696 2520 tametsi
727 2477 843 2518 non
874 2464 1132 2521 mutatus
1158 2476 1320 2529 sum,
1373 2452 1490 2518 hoc
1520 2455 1658 2518 mihi
1698 2436 1825 2520 erat
1866 2479 1938 2520 ex
1978 2460 2332 2526 attractione

225 2556 494 2619 caelestis
539 2556 1017 2642 atmosphaerae:
1072 2565 1134 2619 at
1181 2577 1317 2619 mox
1361 2558 1617 2621 accurrit
1663 2578 1812 2622 unus
1858 2576 1930 2622 ex
1974 2559 2152 2625 Curia
2197 2583 2331 2627 cum

224 2657 541 2729 mandato,
597 2665 656 2718 ut
683 2658 796 2720 duo
822 2656 1025 2720 famuli
1054 2655 1374 2722 educerent
1404 2676 1529 2732 me,
1571 2666 1629 2720 et
1658 2657 2011 2725 reducerent
2038 2682 2145 2748 per
2173 2662 2336 2741 viam

218 2778 528 2847 ascensus,
586 2778 766 2843 usque
805 2757 880 2821 ad
922 2756 1164 2820 domum
1218 2778 1439 2826 mearm
1504 2766 1563 2820 et
1606 2779 1737 2821 cum
1777 2757 1937 2823 domi
1978 2780 2173 2837 eram,
2227 2783 2334 2848 ap·

219 2858 392 2945 parui
421 2857 548 2922 aliis
575 2867 634 2920 et
662 2857 803 2921 mihi
828 2859 978 2924 sicut
1004 2857 1198 2921 homo.
1279 2858 1558 2922 TEnTms
1599 2858 1776 2933 dixit,
1828 2858 1961 2921 idea
1987 2858 2148 2922 Caeli
2190 2881 2331 2924 con-

214 2969 380 3023 stans
410 2958 548 3021 mibi
578 2958 688 3021 fuit
717 2979 791 3022 ex
817 2958 981 3033 loco,
1036 2967 1094 3022 et
1123 2978 1241 3021 non
1272 2978 1339 3020 ex
1371 2978 1610 3033 amore,
1661 2978 1848 3044 quare
1892 2978 2024 3020 cum
2062 2957 2123 3020 in
2170 2955 2331 3021 hunc

216 3060 503 3122 mundum
571 3059 733 3133 veui,
826 3057 1022 3143 cupivi
1075 3056 1397 3146 cupiditate
1468 3077 1682 3143 magna
1738 3055 2019 3132 Caelum,
2095 3065 2157 3120 et
2207 3056 2331 3123 vidi

212 3159 639 3234 ascendentes,
687 3168 744 3221 et
770 3168 1053 3245 sequutus
1078 3178 1206 3223 sum
1232 3157 1401 3232 illos,
1445 3168 1502 3221 et
1531 3157 1847 3232 admissus,
1892 3154 1995 3219 sed
2022 3178 2142 3220 non
2174 3156 2330 3222 ultra

214 3259 444 3346 aliquot
474 3280 704 3347 passus;
760 3269 980 3323 at-cum
1011 3259 1171 3326 volui
1208 3255 1528 3341 laetificare
1558 3256 1820 3320 animum
1862 3277 2058 3337 meum
2096 3278 2168 3321 ex
2195 3256 2330 3322 idea

207 3358 568 3446 gaudiorum
586 3367 657 3422 et
684 3358 1120 3423 beatitudinum
1148 3359 1259 3434 ibi,
1312 3377 1386 3420 ex
1415 3355 1546 3420 luce
1576 3356 1770 3431 Caeli,
1825 3377 1977 3442 quae
2019 3367 2149 3422 erat
2190 3379 2332 3427 can-

207 3460 350 3523 dida
397 3460 548 3523 sicut
594 3460 723 3535 nix,
777 3462 942 3546 cujus
987 3458 1238 3525 essentia
1293 3457 1507 3521 dicitur
1550 3450 1676 3522 esse
1724 3456 2068 3543 sapientia,
2109 3457 2330 3524 invasit

210 3569 474 3624 mentem
515 3580 708 3624 meam
753 3568 988 3648 stupor,
1042 3569 1100 3622 et
1142 3559 1279 3622 inde
1325 3558 1527 3622 oculos
1573 3578 1742 3621 meos
1781 3555 1993 3643 caligo,
2047 3567 2107 3623 et
2151 3559 2327 3648 caepi

206 3659 504 3732 insanire;
559 3672 617 3723 et
650 3681 782 3724 mox
809 3683 881 3724 ex
908 3660 1106 3724 calore
1140 3657 1335 3734 Caeli,
1391 3659 1490 3745 qui
1535 3657 2039 3742 correspondebat
2079 3660 2331 3725 candori

208 3763 360 3833 lucis
408 3761 604 3835 istius,
672 3761 839 3846 cujus
881 3761 1128 3825 essentia
1160 3760 1387 3835 dicitur
1435 3780 1559 3822 esse
1602 3778 1811 3833 amor,
1881 3760 2145 3849 palpavit
2186 3759 2331 3851 mihi

210 3879 347 3935 cor,
404 3862 720 3948 occupavit
751 3882 843 3926 me
870 3862 1165 3935 anxietas,
1221 3870 1279 3922 et
1313 3860 1626 3925 cruciabar
1665 3858 1872 3922 dolore
1909 3861 2215 3937 interiori,
2269 3869 2331 3923 et

212 3961 437 4049 projeci
472 3983 564 4023 me
588 3961 866 4048 supinum
891 3981 1069 4047 super
1092 3959 1342 4025 humum
1365 3959 1478 4033 ibi,-
1534 3969 1593 4022 et
1624 3979 1754 4022 cum
1794 3960 1984 4044 jacui,
2038 3961 2333 4026 venitsa-

208 4064 381 4127 telles
408 4083 440 4124 e
483 4060 663 4127 Curia
705 4083 839 4127 cum
889 4061 1199 4135 mandato,
1255 4069 1319 4123 ut
1363 4081 1456 4123 me
1502 4081 1635 4122 cum
1677 4059 1907 4123 lentore
1950 4063 2334 4146 deportarent

207 4165 269 4227 in
296 4184 495 4227 meam
522 4160 715 4226 lucem
744 4170 803 4226 et
831 4162 889 4225 in
919 4183 1111 4225 :neum
1144 4159 1436 4235 calorem,
1489 4160 1548 4223 in
1580 4180 1730 4245 quae
1763 4179 1896 4223 cum
1932 4160 2067 4225 ireni
2088 4208 2101 4233 ,
2156 4156 2334 4223 rediit

207 4262 353 4328 mibi
382 4262 622 4352 spiritu-s
665 4283 830 4327 meus
858 4272 916 4326 et
946 4281 1290 4338 cormeum.
1371 4260 1677 4340 Qusu'rus
1719 4257 1901 4334 dixit,
1952 4256 2111 4343 quod
2152 4255 2331 4317 etiam

1144 4367 1152 4376 .
1793 4354 1912 4418 R*
