2750 4775
705 383 981 437 INDEx
1025 382 1795 443 MEMORAnlLIUM.-
2180 394 2284 448 585

285 539 566 628 proposui
597 537 710 603 illis
724 586 740 614 ,
788 535 1018 622 Qualis·
1032 541 1142 605 erit
1172 536 1413 628 Religio
1434 558 1551 631 per
1576 562 1759 630 quam
1787 536 1964 605 homo
1993 537 2286 618 salvatur,

283 639 746 727 responderunt,
799 639 960 725 quod
1022 643 1074 703 1.
1134 639 1534 704 ventilandum
1586 640 1693 714 sit,
1756 658 1897 702 num
1943 641 2176 727 Religio
2213 644 2290 707 sit

283 741 547 828 aliquod.
629 744 685 804 2.
742 742 903 805 Num
952 760 1068 804 una
1121 740 1356 827 Religio
1412 742 1539 826 plus
1588 740 1802 804 efficiat
1847 762 2024 826 quam
2078 742 2285 809 altera.

287 846 348 905 3.
403 843 566 913 Num
603 841 679 906 sit
722 842 841 905 vita
883 851 1156 917 aeterna,
1209 852 1267 906 et
1310 843 1396 907 sic
1440 863 1581 905 num
1629 842 1702 906 sit
1755 841 1952 927 aliqua
2002 840 2284 908 Salvatio.

287 946 350 1007 4.
395 943 554 1007 Num
583 942 828 1009 Caelum
870 952 928 1005 et
971 942 1276 1008 Internum
1302 943 1449 1016 sint3
1504 953 1562 1006 et
1602 953 1739 1006 tunc
1779 952 2099 1028 caeperunt
2141 965 2287 1007 ven-

288 1044 459 1108 tilare
487 1043 787 1119 Primum,
839 1044 998 1107 Num
1028 1044 1262 1129 Religio
1290 1044 1361 1107 sit
1390 1043 1641 1130 aliquid,
1695 1054 1755 1107 et
1782 1044 2084 1118 dixerunt,
2127 1044 2288 1130 quod

197 1190 214 1211 .
283 1142 430 1210 illud
456 1156 630 1232 egeat
658 1153 776 1208 tam
808 1145 991 1208 multa
1020 1144 1428 1231 inquisitione,
1479 1156 1546 1209 ut
1580 1167 1701 1209 non
1745 1144 1923 1232 possit
1952 1143 2103 1208 finiri
2131 1145 2303 1211 intra}

286 1266 544 1319 annum,
596 1254 832 1311 eronus
862 1247 1018 1309 inter
1043 1246 1173 1309 illos
1199 1246 1375 1322 dixit,
1420 1247 1578 1332 quod
1611 1268 1728 1310 non
1760 1245 1938 1331 possit
1968 1245 2122 1310 intra
2151 1268 2288 1310 cen-

287 1357 415 1412 tum
442 1368 664 1418 annos;
717 1347 790 1410 ad
820 1368 972 1433 quae
1000 1346 1209 1422 retuli,
1265 1350 1422 1432 quod
1454 1349 1679 1412 interea
1719 1357 1912 1411 essent
1945 1346 2169 1432 absque
2196 1370 2289 1411 re-

288 1449 541 1536 ligione3
593 1456 654 1512 at
682 1469 867 1533 nsque
894 1448 1161 1513 Primum
1201 1447 1341 1511 illud
1370 1458 1490 1512 tam
1520 1449 1770 1513 solerter
1798 1447 2179 1523 ventilabant,
2219 1459 2290 1512 ut

286 1551 521 1615 Cohors
549 1549 786 1613 adstans
813 1550 1125 1625 clamaret,
1180 1572 1216 1613 o
1245 1556 1429 1636 'quam
1460 1549 1719 1622 Eruditi;
1773 1547 1991 1613 dietum
2033 1548 2173 1612 mihi
2199 1560 2289 1614 est

207 1680 216 1687 =
287 1653 366 1715 ab
396 1649 670 1735 Angelis,
722 1650 879 1737 quod
920 1649 1067 1714 tales
1103 1660 1430 1739 appareant
1468 1651 1619 1714 sicut
1653 1649 1975 1735 sculptilia;
2029 1659 2091 1714 e‘t
2125 1651 2288 1736 quod

289 1760 494 1841 postea
535 1753 881 1816 emittantur
916 1753 972 1814 in
1009 1753 1282 1826 deserta,
1338 1751 1439 1817 uhi
1478 1753 1634 1815 inter
1675 1773 1737 1816 se
1779 1751 2049 1836 garriunt
2094 1760 2152 1815 et
2199 1752 2287 1814 lo·

292 1863 556 1941 quuntnr
582 1854 760 1917 modo
790 1873 973 1928 vana,
1027 1874 1095 1914 n:
1143 1856 1291 1916 333.

193 1952 495 2018 xxxvll.
554 1952 784 2019 Accoesi
825 1975 1004 2038 porro
1045 1952 1120 2016 ad
1161 1954 1399 2016 tertium
1428 1951 1706 2027 Caetum,
1759 1952 1914 2015 unde
1940 1951 2288 2017 audivi'cla-

294 2076 550 2128 rnorem,
601 2075 647 2117 ο
682 2074 869 2132 QUAM
904 2054 1272 2125 Sannum,
1343 2061 1404 2116 et
1442 2063 1791 2141 compertus
1820 2073 1951 2118 sum
1999 2053 2159 2141 quod
2201 2054 2287 2119 ihi

294 2156 637 2243 congregati
666 2166 889 2231 essent,
943 2155 1192 2241 quinon
1225 2153 1424 2217 videre
1455 2163 1729 2240 possunt,
1783 2176 1921 2217 num
1963 2175 2166 2219 verum
2210 2156 2287 2221 sit

295 2276 534 2332 rerum,
585 2256 688 2320 sed
716 2278 897 2342 usque
924 2255 1156 2330 faeere,
1207 2265 1270 2319 ut
1299 2256 1696 2342 quodcunque
1727 2256 1964 2330 volunt,
2005 2268 2290 2343 appareat

298 2367 362 2423 ut
403 2379 642 2432 verum,
694 2368 750 2422 et
794 2357 928 2421 inde
977 2367 1266 2421 vocantur
1311 2355 1877 2430 Counnna‘ronnsz
1943 2358 2100 2447 quod
2140 2358 2291 2426 tales

299 2473 517 2535 essent,
563 2463 745 2524 etiam
785 2480 856 2522 ex
901 2459 1079 2523 variis
1123 2457 1413 2544 responsis
1458 2458 1530 2521 ad
1563 2460 1989 2545 propositiones
2026 2460 2288 2526 animad-

306 2561 478 2635 verti,
529 2571 595 2624 ut
634 2561 791 2646 quod
819 2560 1081 2624 facerent
1112 2581 1316 2623 verum
1356 2559 1513 2645 quod
1544 2559 1719 2624 Fides
1753 2561 1826 2624 sit
1869 2583 2044 2626 omne
2082 2561 2290 2627 Eccle-

308 2660 456 2735 siae,
507 2671 562 2724 et
601 2671 801 2749 postea
841 2660 998 2749 qnod
1026 2658 1297 2725 Charitas
1337 2661 1409 2725 sit
1450 2681 1624 2725 omne
1654 2661 1984 2740 Ecclesiae,
2037 2672 2096 2725 et
2137 2684 2289 2750 quo-

305 2782 418 2848 qne
445 2764 600 2847 quod
626 2761 769 2827 fides
794 2772 853 2827 et
882 2761 1139 2826 charitas
1162 2761 1335 2826 simul
1357 2761 1472 2826 sint
1502 2783 1678 2825 omne
1706 2762 2022 2838 Ecclesiae,
2062 2772 2121 2825 et
2146 2764 2289 2850 quia

298 2863 598 2948 quodlibet
649 2885 722 2927 ex
766 2863 878 2929 illis
925 2861 1355 2927 confirmabant
1401 2872 1461 2925 et
1513 2863 1879 2926 exornabant
1932 2863 2291 2950 apparentiis

297 2965 408 3041 ita,
461 2974 526 3029 ut
572 2964 838 3029 lucerent
877 2965 1025 3029 sient
1070 2986 1241 3040 vera,
1308 2963 1440 3028 ideo
1481 2963 1779 3027 adstantes
1822 2961 2194 3038 clamabant,
2245 2982 2288 3025 o

292 3086 479 3142 QUAM
506 3066 861 3131 Summus.
918 3066 1131 3130 Postea
1161 3068 1356 3151 aliqua
1390 3063 1614 3128 ludicra
1641 3064 1816 3126 etiam
1848 3062 1961 3129 illis
1988 3063 2290 3151 proposita

291 3178 458 3242 sunt,
515 3177 577 3231 ut
614 3166 881 3231 facerent
919 3177 981 3231 ut
1023 3166 1120 3230 illa
1152 3166 1282 3230 sint
1326 3185 1501 3240 vera,
1551 3185 1684 3228 nam
1726 3164 1925 3228 dicunt
1964 3164 2289 3249 quodnon

291 3269 468 3337 detur
495 3290 701 3333 verum
731 3268 839 3332 nisi
867 3269 923 3331 id
953 3267 1112 3353 quod
1142 3267 1319 3334 homo
1360 3265 1501 3328 facit
1531 3286 1765 3334 verum:
1820 3263 2072 3329 Ludiera
2120 3273 2292 3334 erant

291 3368 471 3442 haec3
524 3368 684 3456 quod
727 3367 829 3432 lux
868 3369 948 3434 sits
986 3367 1177 3454 caligo
1218 3377 1277 3430 et
1314 3364 1506 3450 caligo
1553 3368 1680 3439 lux;
1737 3374 1859 3429 tum
1906 3365 2087 3430 etiarn
2125 3365 2290 3454 quod

289 3491 511 3535 corvus
536 3470 610 3534 sit
639 3471 807 3535 albus
832 3480 891 3534 et
920 3491 1037 3534 non
1061 3470 1233 3555 ‘niger
1252 3516 1267 3544 ‚
1321 3488 1474 3555 qnae
1503 3467 1620 3533 duo
1647 3467 1918 3532 fecerunt
1955 3477 2020 3532 ut
2049 3489 2290 3557 prorsus
2329 3524 2335 3529 .

288 3580 646 3658 apparerent
671 3571 819 3638 sicut
846 3593 1019 3645 vera,
1074 3568 1551 3634 confirmationes
1576 3569 1808 3633 illorum
1850 3568 2163 3634 videantur
2188 3570 2288 3633 ibi.

193 3701 200 3708 ·
287 3672 380 3737 De
409 3671 525 3737 illis
548 3673 624 3736 ab
650 3670 889 3757 Angelis
930 3671 1068 3736 mihi
1106 3672 1324 3744 dictum
1366 3680 1491 3746 est,
1543 3670 1702 3757 quod
1746 3670 1893 3736 tales
1932 3688 2009 3735 ne
2049 3670 2290 3758 quidem

287 3794 544 3861 granum
575 3773 905 3837 intellectus
933 3772 1297 3860 possideant;
1323 3773 1603 3858 quoniam
1634 3779 1808 3835 oinne
1837 3772 1893 3834 id
1925 3770 2084 3859 quod
2111 3789 2291 3859 supra

286 3875 588 3939 rationale
608 3874 765 3962 apnd
791 3874 924 3938 illos
946 3882 1066 3947 est,
1117 3874 1416 3938 occlusum
1447 3883 1566 3962 est,
1620 3882 1680 3936 et
1719 3874 1877 3960 qnod
1922 3894 2100 3937 omne
2130 3871 2290 3960 quod

284 3971 443 4039 infra
490 3969 812 4051 rationale,
863 3982 1165 4062 apertum,
1233 3983 1295 4036 et
1330 3972 1448 4038 hoe
1494 3982 1682 4061 potest
1728 3972 2080 4038 confirmare
2127 3973 2292 4061 quie-

185 4109 192 4114 ·
284 4076 429 4166 quid
459 4076 640 4152 lubet,
684 4077 785 4141 sed
811 4097 930 4141 non
962 4074 1159 4141 videre
1188 4072 1426 4162 aliquod
1459 4089 1662 4137 verum
1697 4096 1820 4140 esse
1852 4095 2090 4148 verum;
2145 4092 2290 4162 qua·

283 4187 530 4266 propter
565 4176 690 4246 hoc
735 4199 852 4241 non
896 4176 1272 4264 intelligentis
1318 4182 1442 4249 est,
1507 4174 1608 4238 sed
1650 4177 1810 4260 quod
1856 4196 2023 4262 posse
2064 4175 2234 4256 ‘vider
2271 4219 2289 4248 ‚
