2750 4775
520 403 632 452 ι116
748 388 1212 447 UNIVERSA
1266 388 1803 448 THEOLOGIA
1843 396 1912 448 N.
1955 394 2023 452 C.
2066 395 2170 447 ΕΤ
2212 394 2282 451 Ν.
2324 394 2386 449 E.

514 545 842 622 naturalis,
894 547 951 609 in
993 546 1357 631 superiorem
1398 569 1550 634 quae
1591 555 1679 612 est
1718 549 2063 638 spiritualis,
2127 556 2185 614 et
2225 569 2331 636 per
2366 548 2509 611 hanc
2536 549 2589 611 in

520 648 880 713 Caelestem:
934 647 1091 733 quod
1137 657 1254 711 tres
1296 648 1569 733 regiones
1610 652 1821 714 mentis
1856 651 2006 726 sint,
2059 651 2120 712 in
2151 660 2430 737 sequente
2457 647 2593 713 Arti-

523 751 656 814 culo
696 748 1227 814 demonstrabitur:
1285 749 1425 813 inde
1466 759 1585 825 est,
1656 751 1814 838 quod
1857 750 2036 814 homo
2073 773 2193 815 non
2240 756 2594 836 regeneratus

522 853 753 915 dicatur
776 851 1097 924 naturalis,
1150 858 1208 912 et
1235 850 1415 915 bomo
1455 862 1838 938 regeneratus
1868 852 2217 941 spiritualis;
2273 872 2344 914 ex
2373 874 2485 938 quo
2509 871 2595 937 pa·

520 964 635 1030 tet,
696 952 853 1039 quod
883 973 1046 1016 mens
1075 951 1328 1016 hominis
1354 954 1692 1038 regenerati
1731 954 1804 1017 sit
1832 953 2062 1017 elevata
2093 955 2151 1017 in
2181 954 2479 1039 regionem
2502 951 2597 1038 spi·

519 1053 827 1128 ritualem,
879 1063 938 1116 et
977 1054 1058 1117 ibi
1094 1074 1127 1116 e
1167 1054 1455 1139 superiori
1484 1055 1683 1118 videat
1719 1053 1818 1118 illa
1845 1056 2090 1141 quaein
2120 1064 2318 1117 mente
2362 1051 2595 1118 inferiori

521 1178 626 1221 seu
669 1155 924 1218 naturali
960 1164 1284 1217 versantur.
1357 1153 1534 1233 Quod
1573 1157 1632 1217 in
1663 1156 1865 1218 Mente
1904 1154 2162 1220 humana
2203 1156 2280 1220 sit
2311 1155 2497 1242 Regio
2529 1155 2596 1215 in-

522 1256 706 1321 ferior
734 1265 792 1318 et
817 1257 1104 1344 superior,
1150 1257 1398 1343 quisque
1428 1264 1618 1344 potest
1645 1277 1716 1319 ex
1744 1256 1861 1320 levi
1888 1258 2213 1323 attentione
2241 1257 2319 1320 ad
2358 1278 2485 1322 suas
2515 1275 2594 1316 co-

522 1358 835 1445 gitationes
863 1357 1060 1421 videre
1088 1366 1147 1420 et
1176 1351 1525 1443 ag‘noscere;
1584 1357 1743 1424 videt
1772 1358 1927 1421 enim
1959 1359 2099 1445 quid
2134 1358 2388 1444 cogitat,
2441 1374 2596 1444 quare

526 1459 697 1533 dicit,
751 1459 907 1547 quod
950 1457 1067 1522 hoc
1108 1468 1208 1523 aut
1238 1459 1381 1522 illud
1423 1459 1771 1544 cogitaverit
1808 1481 1877 1523 ac
1905 1459 2158 1543 cogitet,
2212 1459 2330 1524 hoc
2354 1480 2468 1523 non
2494 1453 2596 1520 dari

527 1568 748 1649 potest,
804 1559 913 1624 nisi
940 1560 1185 1624 interior
1224 1560 1505 1645 cogitatio
1532 1560 1605 1624 sit
1633 1581 1784 1647 quae
1809 1569 2061 1626 vocatur
2087 1558 2419 1648 perceptio,
2471 1574 2593 1643 quae
2646 1582 2655 1595 ⁴

525 1661 851 1749 introspicit
888 1662 947 1723 in
987 1661 1356 1736 inferiorern,
1411 1682 1563 1747 quae
1601 1671 1852 1726 vocatur
1886 1663 2181 1746 cogitatio.
2257 1661 2454 1727 Judex
2483 1677 2593 1722 cum

525 1763 751 1828 audivit
794 1769 896 1826 aut
941 1761 1333 1846 legitcausas
1373 1762 1432 1824 in
1484 1762 1661 1849 longa
1709 1763 1860 1826 serie
1902 1764 1978 1827 ab
2022 1763 2317 1827 advocato
2366 1760 2589 1831 collatas,

523 1872 846 1950 congregat
874 1862 1002 1925 illas
1031 1862 1089 1925 in
1121 1884 1300 1925 unum
1342 1863 1615 1927 intuitum
1656 1863 1715 1926 in
1757 1865 2059 1950 superiore
2101 1867 2316 1929 mentis
2356 1882 2490 1930 suae
2522 1877 2593 1921 re·

528 1967 716 2053 gione,
772 1964 852 2027 ita
879 1963 938 2027 in
968 1961 1356 2026 universalem
1388 1965 1611 2040 ideam,
1664 1972 1722 2027 et
1751 1974 1951 2052 postea
1980 1965 2115 2028 inde
2153 1966 2412 2031 demittit
2436 1960 2590 2025 visum

523 2070 584 2130 in
613 2065 951 2131 inferiorern
983 2065 1317 2151 regionem,
1374 2088 1527 2152 quae
1556 2075 1643 2130 est
1677 2065 2049 2152 cogitationis
2090 2067 2407 2142 naturalis,
2457 2057 2590 2127 etibi

526 2176 872 2254 argumenta
917 2166 1170 2250 disponit
1198 2165 1254 2226 in
1285 2166 1591 2241 ordinem,
1637 2174 1695 2229 et
1721 2167 2041 2231 secundum
2083 2166 2446 2254 superiorem
2485 2181 2588 2251 pro·

521 2269 638 2332 fert
679 2266 1028 2331 sententiam
1076 2277 1135 2330 et
1175 2266 1426 2349 judicat:
1481 2268 1611 2355 quis
1655 2289 1774 2331 non
1823 2269 1967 2343 scit,
2021 2269 2180 2356 quod
2220 2269 2404 2334 homo
2448 2259 2591 2354 possit

528 2391 647 2433 uno
705 2378 1005 2433 momento
1044 2377 1147 2433 aut
1190 2367 1419 2433 duobus
1457 2369 1718 2456 cogitare
1763 2378 1822 2433 et
1867 2370 2250 2447 concludere,
2309 2390 2459 2458 quae
2495 2381 2587 2427 non

524 2477 718 2557 potest
763 2490 865 2554 per
920 2471 1334 2556 cogitationem
1394 2469 1736 2536 inferiorem
1796 2479 2066 2560 tempore
2117 2471 2370 2536 horulae
2409 2461 2586 2551 eloqui.

529 2570 700 2634 Haec
738 2570 914 2635 allata
953 2580 1121 2647 sunt,
1171 2580 1235 2632 ut
1275 2571 1530 2648 sciatur,
1585 2573 1739 2657 quod
1770 2574 1942 2638 Mens
1968 2572 2227 2637 humana
2256 2575 2318 2636 in
2361 2569 2587 2657 regiones

526 2670 836 2737 inferiores
865 2682 922 2735 et
949 2672 1281 2759 superiores
1316 2673 1586 2737 distincta
1616 2672 1706 2737 sit.

684 2775 843 2837 604.·
886 2774 1060 2855 Quod
1103 2794 1319 2836 novam
1349 2773 1733 2838 Voluntatem
1773 2775 2015 2849 attinet,
2065 2785 2152 2840 est
2190 2776 2291 2841 illa
2319 2779 2488 2861 supra
2513 2785 2585 2832 ve·

526 2884 710 2938 terem
743 2873 1105 2940 voluntatem
1128 2922 1144 2949 ,
1178 2874 1256 2937 ¹in
1286 2875 1532 2961 regione
1569 2873 1888 2963 spirituali,
1938 2877 2204 2940 similiter
2230 2899 2423 2942 novus
2447 2864 2589 2936 Intel-

527 2975 744 3051 lectus,
798 2974 895 3040 hic
938 2998 1067 3039 cum
1108 2974 1239 3051 illa,
1292 2985 1352 3039 et
1387 2975 1487 3039 illa
1530 2998 1663 3039 cum
1704 2975 1847 3051 hoc;
1893 2978 1951 3039 in
1993 2978 2235 3064 regione
2269 2978 2370 3043 illa
2399 2996 2457 3041 se
2481 2987 2586 3034 con·

528 3078 807 3163 jungunt,
862 3098 933 3140 ac
973 3076 1328 3163 conjunctim
1367 3075 1682 3163 inspiciunt
1719 3078 2086 3144 in·veterem
2128 3100 2230 3158 seu
2274 3073 2585 3144 naturalem,

528 3188 585 3241 et
614 3177 928 3263 disponunt
952 3165 1157 3242 ¹omnia
1186 3178 1300 3254 ibi,
1352 3187 1418 3242 ut
1448 3179 1873 3263 obtemperent.
1940 3178 2088 3258 Quis
2119 3201 2235 3243 non
2267 3181 2464 3244 videre
2490 3176 2586 3259 pot·

527 3289 644 3354 est,
699 3280 854 3365 quod
901 3279 948 3343 si
988 3280 1045 3343 in
1075 3279 1276 3343 Mente
1318 3278 1576 3344 humana
1620 3279 1774 3343 foret
1813 3279 1989 3344 modo
2029 3302 2146 3345 una
2175 3281 2407 3367 Regio,
2453 3263 2584 3338 et-ihi

530 3381 1036 3444 committerentur
1074 3390 1129 3445 et
1177 3382 1698 3444 commiscerentur
1734 3380 1887 3444 mala
1928 3381 2213 3457 ethona,
2266 3404 2338 3446 ac
2382 3377 2513 3445 falsa
2544 3373 2585 3430 el

514 3497 671 3547 'vera
701 3481 903 3556 simul,
956 3480 1120 3545 fieret
1161 3480 1457 3545 conflictio
1491 3481 1645 3545 sicut
1686 3482 1743 3543 in
1788 3503 1968 3545 unam
2008 3504 2253 3546 caveam
2294 3475 2582 3546 committe·

529 3591 735 3646 re'ntur
759 3582 879 3667 lupi
910 3593 967 3644 'et
996 3605 1166 3655 oves,
1218 3581 1460 3666 tigrides
1488 3590 1546 3645 et
1576 3581 1761 3657 vituli,
1813 3592 1873 3646 et
1900 3583 2205 3671 accipitres
2228 3593 2287 3647 et
2318 3573 2582 3648 columbae

528 3683 738 3757 simul,
791 3683 929 3770 quid
972 3690 1112 3746 tunc
1157 3682 1328 3747 fieret
1364 3682 1446 3743 ibi
1489 3682 1595 3748 nisi
1644 3677 1893 3748 crudelis
1932 3684 2199 3759 laniena,
2254 3693 2313 3749 et
2340 3686 2581 3747 immanes

527 3783 689 3849 ferae
732 3783 1125 3847 discinderent
1167 3791 1500 3847 mansuetas
1545 3785 1785 3857 bestias;
1842 3804 2026 3870 quare
2067 3788 2365 3873 provisum
2391 3787 2497 3854 est,
2538 3774 2583 3832 ¹¹¹

529 3886 686 3978 bona
732 3906 861 3948 cum
903 3887 1019 3949 suis
1050 3877 1202 3949 veris
1231 3884 1584 3970 colligantur
1609 3886 1667 3948 in
1694 3887 2057 3974 superiorem
2089 3888 2418 3974 regionem,
2468 3873 2581 3943 1115ss

527 3994 652 4050 tuto
695 3985 913 4072 possint
951 3985 1295 4059 subsistere,
1353 4005 1423 4049 ac
1468 3985 1734 4052 inhibere
1779 3986 2093 4065 assultum,
2146 3999 2204 4050 et
2247 4004 2472 4075 quoque
2506 3988 2580 4065 per

528 4097 768 4166 catenas
796 4096 853 4151 et
880 4087 992 4151 alia
1024 4089 1214 4151 media
1240 4086 1593 4175 subjugare,
1646 4077 1934 4177 et'postea
1963 4088 2253 4153 discutere
2297 4089 2443 4153 mala
2480 4090 2577 4141 cum

525 4189 642 4253 suis
671 4188 845 4253 falsis.
915 4188 1049 4252 Hoc
1073 4190 1271 4275 itaque
1300 4199 1420 4264 est,
1455 4189 1631 4278 ‘quod
1664 4190 1723 4253 in
1761 4195 2062 4275 superiore
2095 4189 2362 4255 Articulo
2401 4187 2577 4251 dictum

524 4300 640 4369 est,
699 4289 856 4379 quod
894 4290 1182 4373 Dominus
1228 4305 1330 4380 per
1374 4291 1621 4356 Caelum
1678 4298 1845 4374 regat
1890 4290 1997 4355 illa
2036 4313 2186 4378 quae
2231 4289 2432 4358 Mundi
2476 4278 2575 4348 sunt
