2750 4775
409 392 516 441 382
605 377 1100 433 -ule'ERSA
1144 375 1683 431 TREOLOGIA
1723 376 1793 431 R.
1838 376 1904 432 C.
1946 375 2054 427 ΕΤ
2096 377 2168 433 Π.
2212 375 2278 427 Ε.

493 532 777 607 Justitia,
827 552 898 594 ex
927 531 1143 617 quibus
1172 529 1519 594 conclusum
1562 538 1683 604 est,
1733 528 1893 614 quod
1937 530 2059 616 ipse
2101 529 2390 594 Jehovah
2432 552 2526 596 as-

495 633 771 699 sumserit
826 633 1195 696 Humanum.
1289 631 1495 695 Altera
1540 629 1897 693 deliberatio
1945 631 2017 693 de
2058 629 2328 694 Domino
2374 642 2523 707 erat,

498 732 723 799 Annon
764 752 860 797 sic
884 733 1100 798 Pur-:u
1129 752 1208 795 ι-ῑτ
1245 732 1551 796 nonanus
1574 731 1770 794 Jsssos
1796 731 2111 794 coms-ms
2128 748 2343 796 'nunu
2366 750 2525 808 siu-r,

495 853 678 899 sicur
705 832 922 899 Amm
962 852 1037 896 ετ
1076 852 1316 896 conpos
1361 852 1553 897 nunu
1591 850 1782 906 suut,
1838 841 1897 893 et
1940 829 2054 894 boc
2094 830 2519 896 confirmatum

499 944 590 1000 est
616 956 684 997 ex
717 933 982 1020 pluribus
1009 933 1152 997 lucis
1176 933 1234 994 in
1263 933 1497 1007 Verbo,
1550 943 1609 995 et
1650 953 1887 1018 quoque
1927 954 2000 996 ex
2046 930 2385 996 hodiernae
2412 935 2521 997 Ec—

501 1036 714 1099 clesiae
759 1033 903 1099 Fide
946 1033 1306 1122 symbolica;
1375 1053 1451 1097 ex
1509 1034 1723 1118 quibus
1766 1033 2110 1099 conclusum
2158 1042 2284 1108 est,
2362 1032 2520 1121 quod

500 1134 713 1201 Anima
743 1135 983 1198 Domini
1012 1143 1166 1197 esset
1194 1155 1261 1197 ex
1292 1134 1427 1197 Deo
1454 1134 1635 1198 Patre
1655 1180 1672 1207 ,
1727 1141 1785 1196 et
1815 1133 1948 1196 inde
1974 1134 2135 1219 quod
2166 1133 2520 1197 Humanum

502 1235 691 1321 Ipsius
728 1234 802 1299 sit
842 1234 1161 1308 Divinum,
1216 1244 1275 1297 ct
1317 1234 1479 1320 quod
1519 1232 1634 1298 boc
1662 1232 2001 1297 adeundum
2041 1235 2115 1296 sit
2158 1242 2225 1296 ut
2267 1235 2522 1299 adeatur

501 1337 719 1411 Pater,
770 1335 1051 1421 quoniam
1091 1333 1371 1398 Jehovah
1413 1336 1578 1398 Deus
1615 1356 1719 1421 per
1747 1334 1804 1396 id
1834 1356 1896 1398 se
1928 1334 2085 1398 misit
2108 1335 2168 1396 in
2200 1336 2517 1412 Mundum,

501 1447 559 1500 et
586 1459 648 1500 se
678 1436 815 1500 fecit
846 1436 1132 1499 visibilem
1162 1434 1350 1498 oculis
1374 1433 1681 1498 bominum
1701 1485 1714 1510 ,
1770 1444 1830 1496 et
1867 1434 1953 1497 sic
1994 1434 2175 1497 etiam
2209 1437 2521 1502 accessibi-

506 1538 641 1601 lem.
719 1535 1094 1622 Sequebatur
1117 1534 1326 1599 Tertia
1355 1535 1740 1610 deliberatio,
1797 1556 1948 1622 quae
1976 1544 2109 1598 erat
2146 1537 2219 1597 de
2257 1536 2524 1600 Smnrru

501 1656 739 1702 smero
760 1685 776 1713 ,
828 1647 887 1700 et
912 1646 1054 1700 tunc
1080 1637 1330 1722 primum
1356 1634 1614 1700 discussa
1643 1644 1732 1699 est
1746 1635 1888 1699 ‘idea
1920 1637 1992 1699 de
2023 1636 2213 1700 tribus
2239 1637 2527 1701 Pei-sonis

501 1737 734 1803 Divinis
763 1739 840 1801 ab
868 1748 1133 1812 aeterno,
1185 1746 1245 1799 et
1291 1736 1728 1800 constabilitum
1775 1760 1844 1799 ex
1889 1736 2110 1811 Verba,
2165 1739 2323 1822 quod
2369 1738 2526 1801 San·

505 1849 662 1900 ctum
710 1839 1027 1910 Divinum,
1095 1837 1253 1921 quod
1302 1846 1555 1902 vocatur
1594 1836 1848 1923 Spiritus
1891 1845 2161 1911 sanctus,
2232 1839 2527 1922 procedat

504 1960 576 2001 ex
604 1939 867 2003 Domino
895 1958 927 2000 a
957 1937 1154 2000 Patre.
1237 1938 1511 2001 Tandem
1544 1954 1617 2000 ex
1645 1936 1985 2001 deliberatis
2012 1938 2070 1999 in
2103 1937 2219 2000 hoc
2248 1936 2524 2005 Concilio

503 2038 727 2102 sactum
772 2046 856 2101 est
884 2036 997 2099 boc
1024 2035 1412 2113 Conclusum,
1466 2038 1644 2119 Quod
1689 2038 1745 2099 in
1788 2039 2049 2102 Domino
2087 2038 2405 2103 salvatore
2446 2041 2528 2104 sit

507 2140 724 2203 Divina
752 2138 1045 2213 Trinitas,
1099 2158 1255 2223 quae
1285 2148 1371 2202 est
1403 2139 1686 2202 Divinum
1717 2160 1900 2224 a-quo
1930 2138 2089 2226 quod
2126 2149 2378 2202 vocatur
2404 2141 2533 2205 Pa-

505 2249 626 2315 ter,
679 2239 962 2303 Divinum
1009 2237 1354 2301 Humanum
1389 2240 1547 2326 quod
1578 2249 1828 2303 vocatur
1856 2240 2071 2313 Filius,
2128 2260 2198 2302 ac
2226 2240 2529 2305 Divinum

501 2338 839 2402 Procedens
879 2338 1039 2424 quod
1087 2348 1335 2405 vocatur
1373 2339 1627 2426 Spiritus
1671 2349 1942 2417 sauctus,
2012 2351 2071 2402 et
2117 2340 2274 2427 quod
2320 2340 2404 2403 ita
2447 2342 2533 2407 sit

506 2460 656 2501 unus
697 2439 860 2502 Deus
897 2440 955 2501 in
992 2440 1275 2504 Ecclesia.
1357 2440 1501 2504 Post
1546 2438 1773 2522 finitum
1804 2442 2129 2506 Concilium
2159 2442 2339 2505 datae
2380 2453 2535 2507 sunt

501 2538 615 2602 illis
653 2539 754 2624 qui
795 2540 1070 2603 sederunt
1124 2539 1265 2605 illud
1310 2543 1521 2607 Vestes
1571 2541 1944 2630 splendidae3
1996 2549 2055 2606 et
2097 2542 2332 2605 deducti
2379 2555 2537 2612 sunt

504 2639 565 2702 iu
591 2639 831 2704 Novum
860 2640 1139 2715 Caelum,
1189 2663 1265 2703 n:
1313 2646 1460 2706 188.
2120 2706 2125 2710 ,

408 2740 602 2815 XXX.
660 2741 836 2821 Quod
880 2742 1125 2805 viderim
1166 2743 1224 2804 in
1269 2742 1531 2828 quodam
1578 2743 1843 2831 praesepi
1886 2762 2130 2828 magnas
2170 2741 2539 2821 crumenas,

509 2844 568 2905 in
599 2844 814 2929 quibus
840 2853 969 2905 erat
999 2842 1328 2929 Argentum
1359 2843 1416 2904 in
1448 2844 1631 2906 multa
1679 2845 1880 2929 copia,
1928 2854 1992 2907 et
2029 2844 2193 2930 juxta
2235 2842 2369 2908 illas
2411 2845 2541 2910 Ju—

513 2966 691 3007 venes
717 2943 1023 3017 custodes,
1075 2944 1134 3005 in
1165 2943 1416 3008 Camere
1458 2945 1722 3029 proxima
1754 2943 2029 3029 Virgines
2059 2943 2354 3008 modestas
2382 2967 2544 3009 cum

509 3044 713 3109 Uxore
756 3052 913 3108 casto
937 3092 953 3120 ,
1006 3053 1074 3107 et.
1103 3064 1342 3129 quoque
1382 3045 1442 3106 in
1474 3045 1588 3110 alia
1620 3043 1871 3108 Camera
1902 3045 2075 3108 hirtos
2109 3043 2408 3118 Infantes3
2474 3057 2545 3112 e't

508 3145 763 3231 denique
806 3142 1082 3208 Scortum
1121 3153 1179 3206 et
1212 3143 1418 3229 Equos
1461 3152 1757 3208 mortuos:
1813 3155 1870 3207 et
1911 3156 2129 3232 postea*
2157 3145 2545 3224 instruebar,

508 3246 649 3328 quid
676 3245 772 3309 illa
814 3245 1149 3329 siugulatim
1179 3243 1631 3328 significabant,
1685 3255 1742 3308 et
1783 3246 1945 3334 quod
1992 3267 2095 3330 per
2135 3243 2230 3308 illa
2270 3263 2545 3332 reprae-

487 3353 803 3408 somatum
833 3354 890 3407 et
920 3345 1275 3431 descriptum
1315 3346 1388 3409 sit
1417 3347 1717 3421 Verbum,
1773 3347 1948 3433 quale
1983 3346 2041 3408 id
2082 3345 2140 3406 in
2178 3367 2239 3410 se
2276 3356 2407 3420 est,
2474 3360 2548 3415 et

512 3444 684 3527 quale
714 3454 801 3508 est
826 3443 1037 3520 hodie,
1091 3467 1161 3508 n:
1216 3449 1365 3508 277.

406 3542 627 3605 XXXI.
684 3543 872 3623 Quod
893 3544 1014 3608 visa
1044 3545 1117 3607 sit
1143 3546 1470 3630 scriptura,
1526 3545 1717 3631 qualis
1744 3557 1831 3611 est
1860 3547 1918 3609 in
1957 3561 2232 3634 supremo
2259 3566 2366 3610 seu
2400 3556 2550 3615 ter-

483 3642 590 3705 .tio
621 3642 832 3715 Caelo,
883 3659 1052 3726 quae·
1070 3648 1378 3709 constabat
1422 3667 1495 3709 ex
1538 3647 1720 3711 literis
1766 3646 1995 3711 inflexis
2040 3669 2171 3710 cum
2202 3647 2551 3716 corniculis

507 3763 738 3805 sursum
772 3743 1182 3826 vergentibus,
1235 3754 1295 3807 et
1321 3746 1546 3809 dictum
1576 3758 1699 3821 est,
1755 3747 1912 3835 quod
1944 3748 2063 3810 illis
2100 3746 2281 3810 literis
2314 3751 2549 3832 quoad

501 3850 735 3930 portem
764 3842 980 3909 similes
1009 3841 1227 3908 fuerint
1254 3845 1462 3910 literae
1480 3848 1821 3912 Hem-aicae
1849 3849 1909 3910 in
1939 3848 2345 3935 antiquissimo
2367 3857 2552 3915 tern-

509 3961 684 4031 pore,
749 3944 1217 4032 quandosmagis
1260 3945 1511 4018 inflexae
1556 3959 1727 4013 erant
1768 3967 1948 4036 quam
1994 3948 2169 4012 hodie
2213 3957 2390 4021 suut3
2479 3963 2551 4017 et

445 4119 458 4130 ἡ
509 4042 668 4130 quo'd
726 4043 964 4111 Vocalis
1010 4046 1103 4122 H,
1173 4046 1275 4132 qui
1325 4047 1592 4132 adjectus
1648 4060 1736 4114 est
1781 4049 2119 4129 nominibus
2163 4046 2421 4113 Abrami
2478 4063 2553 4118 et

471 4142 724 4219 ‚Sarae1,
777 4145 1067 4233 significet
1114 4144 1417 4209 Infinitum
1464 4168 1536 4210 ac
1565 4145 1915 4215 Aeternmnt
1995 4141 2393 4238 Explicahaut
2432 4175 2551 4219 co-

508 4264 633 4306 ram
667 4265 757 4307 me
787 4266 1020 4309 sensum
1050 4246 1275 4330 aliquot
1300 4244 1640 4311 Verborum
1670 4250 1727 4312 in
1758 4249 1989 4316 Psalm:
2021 4249 2283 4315 XXXII:
2331 4255 2399 4326 2,
2465 4276 2550 4318 ex
