2750 4775
731 359 1007 414 INDEX
1047 360 1785 416 MEMORABlLlUM.
2208 373 2315 422 209

267 594 278 599 ,
327 510 644 585 Auima‘sit
672 516 892 581 Forma
917 513 1243 581 formarum
1276 515 1545 592 hominis,
1585 525 1643 579 et
1672 514 1829 602 quod
1857 515 2006 581 haec
2033 515 2222 580 forma
2250 515 2325 580 sit

330 619 547 684 Forma
575 638 712 681 vere
741 616 1028 705 humana,
1068 619 1127 680 in
1155 639 1270 706 qua
1309 618 1591 703 sapientia
1622 638 1752 680 cum
1782 619 1907 703 ejus
1935 616 2324 703 perceptioni-

326 722 456 795 bus,
484 728 544 781 et
570 717 755 783 Amor
774 738 905 781 cum
936 718 1060 802 ejus
1086 716 1490 785 affectionibus
1515 717 1922 782 universaliter
1948 718 2232 791 resident3
2263 727 2324 780 et

329 821 466 908 quia
497 820 821 884 credidistis
845 821 904 883 in
934 820 1161 886 Mundo
1179 869 1194 894 ‚
1245 821 1405 904 quod
1435 836 1539 885 vos
1564 818 1743 883 futuri
1771 818 1894 884 sitis
1919 816 2166 882 Animae
2195 827 2324 905 post

329 932 616 1015 mortem,
651 920 787 986 estis
818 942 924 985 vos
951 942 1109 985 nuuc
1135 919 1414 997 Animae,
1459 931 1694 1009 praeter
1721 921 1915 1006 plura:
1954 929 2011 981 et
2040 917 2153 981 hoc
2183 939 2323 981 con-

340 1023 636 1087 firmatum
663 1031 752 1085 est
780 1043 884 1110 per
910 1019 1026 1088 hoc
1060 1019 1298 1086 effatum
1342 1022 1400 1085 in
1439 1023 1620 1087 Libro
1647 1020 2004 1095 creationis,
2046 1017 2321 1084 Jehovah

327 1125 499 1191 Deus
524 1127 835 1216 inspiravit
861 1127 924 1187 in
955 1121 1381 1188 nam-Adami
1398 1123 1672 1189 ARmAM
1699 1141 2010 1197 vrrARUM,
2037 1117 2322 1209 etfactus

329 1240 423 1292 est
460 1223 638 1290 homo
677 1229 737 1289 in
768 1224 1044 1290 Amnum
1067 1244 1414 1300 vivom-Em,
1455 1223 1665 1289 Genes.
1703 1223 1799 1287 II:
1841 1228 1896 1286 7.
1946 1224 2045 1307 [nx
2075 1215 2250 1313 69Ἷ]

226 1326 507 1394 LXXVI.
562 1326 735 1408 Quod
766 1326 923 1391 visus
946 1325 1017 1388 sit
1045 1323 1303 1412 Angelus
1331 1344 1463 1389 cum
1510 1324 1682 1400 tuba,
1739 1347 1844 1410 per
1882 1345 2057 1410 quam
2103 1344 2322 1387 convo·

330 1428 489 1492 cavit
529 1427 804 1491 Celebres
845 1426 1171 1491 eruditione
1219 1426 1372 1490 inter
1426 1425 1821 1500 Christianos,
1877 1433 1940 1488 ut
1991 1423 2324 1511 'proferrent

329 1530 471 1614 quid
499 1529 558 1590 in
589 1529 811 1591 Mundo
839 1528 997 1616 prius
1024 1527 1392 1591 crediderant
1428 1528 1500 1589 de
1539 1525 1812 1615 GAumts
1851 1526 2070 1599 cim,
2123 1544 2201 1587 Εἰ·
2238 1545 2322 1588 m:
2346 1564 2365 1577 κ

331 1622 704 1695 Furorum
727 1648 1045 1705 Atreum,
1097 1628 1211 1692 hoc
1239 1627 1447 1702 fiebat,
1503 1629 1640 1712 quia
1669 1629 1886 1693 dictum
1916 1635 2003 1690 est
2030 1627 2087 1688 in
2120 1625 2320 1711 Caelo,

333 1731 494 1817 quod
538 1751 709 1809 nemu
750 1732 807 1793 in
849 1726 1183 1794 Christiano
1219 1729 1387 1793 Orbe
1442 1730 1586 1794 sciat
1636 1729 1852 1815 aliquid
1921 1728 1993 1791 de
2059 1726 2198 1790 illis:
2263 1735 2323 1788 et

331 1843 460 1918 post
504 1831 771 1897 horulam
819 1831 978 1894 visae
1019 1840 1156 1895 sunt
1192 1851 1264 1897 ex
1302 1828 1645 1894 Christianis
1693 1829 1936 1895 eruditis
1977 1828 2179 1891 adesse
2219 1847 2322 1891 sex

334 1933 653 2009 cohortes,
703 1931 804 2018 qui
834 1932 1113 2017 quaesiti,
1168 1931 1306 2019 quid
1335 1933 1629 1995 sciverant
1660 1931 1731 1994 de
1761 1929 2004 1995 Gaudiis
2030 1924 2189 1993 Caeli
2208 1978 2221 2001 .
2264 1938 2323 1990 et

331 2034 404 2097 de
434 2034 736 2099 Felicitate
765 2041 1035 2109 aeterna,
1087 2033 1225 2099 dixit
1266 2034 1478 2098 Poma
1528 2031 1812 2105 Conons,
1860 2031 2016 2118 quod
2062 2029 2322 2094 credide—

328 2135 448 2199 rint
473 2132 601 2198 sore
630 2134 806 2198 modo
847 2132 1345 2199 Intromissionem
1390 2132 1764 2208 in·Caelum,
1820 2143 1878 2197 et
1918 2140 2059 2195 tunc
2096 2130 2155 2192 in
2197 2130 2322 2216 eju‘s

330 2235 539 2299 festiva
568 2234 817 2309 Gaudia,
855 2235 1001 2299 sicut
1028 2235 1157 2321 quis
1190 2234 1601 2300 intromittitur
1626 2234 1686 2296 in
1716 2234 1954 2297 domum
1981 2231 2322 2318 nuptiarum

332 2336 475 2402 etin
505 2337 628 2421 ejus
654 2335 1018 2410 festivitates.
1090 2334 1339 2402 Amani
1367 2334 1620 2401 Conons
1647 2335 1845 2411 dixit„
1872 2334 2029 2420 quod
2062 2331 2323 2398 credide·

334 2439 452 2503 rint
484 2460 608 2503 esse
636 2437 950 2503 laetissima
979 2438 1286 2504 consortia
1305 2472 1344 2511 ‚·
1374 2458 1446 2500 ac
1481 2438 1854 2502 suavissimas
1881 2433 2326 2500 Consabulatio·

333 2560 436 2605 nes
474 2561 606 2603 cum
648 2536 903 2624 Angelis.
986 2539 1227 2604 Teum
1256 2538 1509 2603 Conons
1544 2538 1719 2615 dixit,
1772 2537 1928 2625 quod
1970 2535 2326 2599 crediderint

333 2662 455 2705 esse
487 2640 869 2728 Epulatioues
896 2663 1026 2706 cum
1056 2636 1433 2716 Abrahamo,
1489 2639 1654 2703 Isaeo
1692 2637 2030 2703 et.Jacobo.
2109 2635 2325 2716 Quan-

334 2762 418 2805 u
444 2741 696 2806 Conons
738 2741 913 2815 dixit,
968 2739 1122 2828 quod
1172 2740 1524 2806 crediderint
1564 2760 1686 2804 esse
1713 2730 1958 2805 Delitias
1996 2737 2327 2821 Par-adisia·

242 2881 247 2886 ·
334 2863 449 2912 cas.
526 2843 775 2922 Qumu
804 2842 1071 2917 conons,
1110 2843 1265 2928 quod
1295 2849 1483 2907 essent
1511 2838 1998 2926 supereminentia
2028 2836 2326 2910 Dominia‚

246 2982 252 2988 -
332 2942 802 3028 opulentissimae
838 2942 1064 3017 Gazae,
1117 2953 1178 3007 et
1213 2943 1551 3029 supertegia
1579 2938 2036 3029 magnificentia.
2112 2936 2326 3001 Snxu

334 3044 619 3118 conon-s,
673 3045 832 3129 quod
863 3054 1011 3110 esset
1038 3042 1406 3108 Glorificatio
1433 3044 1573 3118 Dei,
1627 3052 1684 3105 et
1724 3043 1957 3110 Festum
1995 3056 2325 3126 perennans

332 3147 392 3207 in
434 3155 755 3209 aeternum.
848 3147 929 3210 Ut
970 3165 1112 3230 ergo
1156 3144 1385 3209 Eruditi
1426 3145 1505 3207 illi
1553 3145 1797 3218 scirent,
1853 3162 1988 3205 num
2032 3140 2128 3203 illa
2171 3158 2325 3222 quae

336 3246 709 3311 crediderant
738 3268 863 3311 esse
891 3245 1122 3311 Gaudia
1152 3246 1328 3319 caeli,
1381 3236 1582 3308 datum
1613 3256 1698 3308 est
1727 3245 1836 3308 illis
1867 3244 2088 3308 intrare
2131 3240 2186 3301 in
2227 3238 2324 3301 illa

332 3368 436 3412 sua
471 3345 736 3422 Gaudia,
788 3361 845 3411 et
884 3348 1068 3411 cuivis
1115 3346 1340 3411 cohorti
1390 3367 1494 3434 per
1535 3367 1632 3420 se,
1686 3346 1763 3409 ob
1795 3364 2063 3417 causam,
2117 3350 2180 3404 ut
2225 3362 2327 3426 per
2444 3369 2453 3384 .

332 3449 530 3514 vivam
573 3449 990 3534 experientiam
1022 3449 1344 3521 discerent,
1392 3459 1532 3510 num
1569 3444 1799 3510 Gaudia
1840 3442 2195 3529 imaginaria,
2234 3442 2327 3504 vel

330 3571 470 3612 num
499 3548 680 3613 realia
708 3560 926 3623 essent;
980 3550 1095 3613 hoc
1121 3548 1184 3613 fit
1222 3570 1354 3611 cum
1386 3549 1673 3638 plerisque
1703 3548 1800 3633 qui
1830 3568 1862 3608 e
1891 3545 2120 3610 Mundo
2153 3552 2324 3606 natu-

329 3650 439 3715 rali
469 3649 697 3714 alluunt
726 3651 784 3714 in
812 3651 1206 3737 spiritualem,
1259 3672 1327 3712 n:
1379 3654 1526 3714 731.
1561 3652 1705 3714 732.
1739 3651 1886 3711 733.

223 3796 327 3809 -.
378 3747 457 3816 Et
495 3770 629 3813 mox
672 3761 810 3814 tunc
850 3752 947 3816 illa
990 3752 1250 3825 Cohors,
1301 3774 1453 3838 quae
1493 3758 1802 3840 putaverat
1847 3746 2078 3811 Gaudia
2119 3744 2326 3808 Caele-

326 3851 438 3917 stia
465 3873 589 3915 esse
618 3852 929 3918 laetissima
960 3852 1267 3917 Consortia
1298 3863 1355 3916 et
1395 3874 1606 3917 suaves
1634 3848 2153 3916 Confahulationes
2192 3868 2322 3909 cum

225 4001 234 4008 .
328 3950 604 4041 Angelis,
651 3953 903 4019 immissa
933 3963 1020 4018 est
1047 3954 1105 4017 in
1133 3954 1567 4040 imaginationis
1593 3974 1731 4018 suae
1762 3951 2004 4037 gaudia;
2056 3947 2157 4013 sed
2187 3947 2323 4033 quia

328 4062 499 4119 erant
527 4053 739 4140 gaudia
769 4065 1046 4131 externa,
1095 4064 1155 4118 et
1184 4076 1302 4117 uon
1328 4056 1591 4131 interna,
1646 4063 1778 4142 post
1802 4052 2028 4139 aliquot
2055 4049 2178 4120 dies
2205 4057 2326 4109 tae-

330 4154 426 4219 dio
454 4154 647 4221 affecti
673 4165 837 4233 sunt,
892 4164 950 4219 et
978 4165 1373 4231 recesserunt,
1427 4176 1500 4215 n:
1554 4157 1700 4218 7:34.
2176 4197 2185 4206 -

223 4297 324 4314 --
380 4256 593 4322 Postea
622 4255 735 4333 illi,
787 4258 884 4344 qui
915 4256 1312 4332 crediderant,
1367 4253 1526 4344 quod
1555 4254 1784 4320 Gaudia
1815 4250 2101 4317 Caelestia
2132 4257 2324 4313 essent
