2750 4775
425 369 528 418 332
675 356 1132 412 UNlVERsA
1176 356 1712 410 THEOLOGIA
1755 357 1825 410 N.
1866 354 1934 412 C.
1974 356 2081 410 ET
2122 357 2191 413 N.
2233 356 2300 411 E.

417 512 550 576 illos
600 520 720 587 est,
787 531 892 597 per
934 531 1116 596 qnam
1156 529 1436 577 ascensus
1472 511 1533 575 in
1574 512 1842 597 superius
1876 509 2120 575 Caelum
2166 510 2279 575 illis
2325 531 2358 572 a
2404 510 2534 575 Do-

422 609 583 676 mino
624 612 818 676 datur.
1007 663 1014 668 ,

576 715 722 778 833.
806 712 982 792 Quod
1025 711 1260 798 Religio
1302 711 1745 779 Mahumedana
1787 721 2025 800 recepta
2063 712 2139 775 sit
2184 734 2221 776 a
2268 710 2538 797 pluribus

423 813 679 901 Regnis,
731 833 910 898 quani
966 811 1202 897 Religio
1246 812 1617 889 Christiana,
1668 822 1861 901 potest
1905 813 2187 877 scandalo
2234 834 2365 876 esse
2408 811 2536 886 illis,

420 914 526 1000 qui
564 914 637 978 de
681 912 900 977 Divina
940 912 1324 977 Providentia
1373 914 1669 999 cogitant,
1720 924 1781 975 et
1820 912 1994 978 simul
2037 914 2323 987 credunt,
2376 911 2536 998 quod

419 1036 540 1078 non
569 1013 778 1100 aliquis
806 1012 1028 1078 salvari
1057 1014 1268 1099 possit,
1322 1034 1500 1100 quarn
1542 1014 1642 1100 qui
1682 1012 2051 1079 Christianus
2081 1023 2258 1077 natus
2298 1024 2419 1076 est:
2476 1020 2539 1075 at

421 1114 658 1200 Religio
687 1112 1128 1182 Mahumedana
1159 1135 1277 1178 non
1304 1124 1392 1179 est
1418 1113 1761 1180 scandalum
1792 1115 1922 1189 illis,
1962 1114 2063 1200 qui
2094 1114 2345 1177 credunt
2377 1112 2535 1198 quod

421 1216 620 1278 omnia
651 1214 1048 1280 sint-Divinae
1077 1215 1531 1286 Providentiam
1582 1214 1640 1278 hi
1669 1215 2007 1301 inquirunt,
2059 1216 2121 1277 in
2159 1237 2281 1301 quo
2312 1223 2434 1286 est,
2480 1222 2538 1276 et

419 1335 658 1401 quoque
711 1314 1041 1378 inveniunt.
1124 1314 1230 1378 Est
1283 1315 1342 1377 in
1395 1314 1542 1391 hoc,
1608 1315 1769 1401 quod
1811 1313 2253 1378 Mahumedana
2299 1312 2538 1399 Religio

421 1425 705 1501 agnoscat
732 1416 1052 1481 Dominum
1095 1436 1203 1502 pro
1241 1416 1502 1480 Maximo
1534 1416 1867 1502 Propheta,
1918 1414 2369 1503 Sapientissimo
2412 1436 2539 1477 om-

421 1517 624 1590 nium,
683 1526 743 1579 et
798 1537 1035 1602 quoque
1081 1538 1187 1603 pro
1244 1516 1394 1580 Filio
1440 1516 1589 1589 Dei;
1657 1525 1719 1579 at
1762 1518 1903 1601 quia
1948 1516 2125 1579 modo
2166 1514 2539 1581 Alcoranunr

420 1616 670 1680 Librum
702 1616 1004 1701 religionis
1027 1637 1169 1681 suae
1196 1616 1496 1692 fecerunt,
1536 1626 1595 1680 et
1621 1617 1758 1679 inde
1787 1616 2198 1692 Mabumedes,
2242 1617 2343 1702 qui
2373 1616 2536 1679 illum

421 1716 788 1802 conscripsit,
828 1718 1285 1803 cogitationibus
1311 1716 1551 1782 illorum
1576 1718 1829 1792 insedit,
1858 1728 1915 1780 et
1946 1718 2146 1802 aliquo
2176 1718 2343 1779 cultu
2369 1716 2534 1780 illurn

423 1827 895 1903 prosequuntur,
965 1817 1098 1880 ideo
1146 1835 1351 1901 parum
1397 1819 1470 1880 de
1514 1818 1771 1881 Domino
1827 1826 2028 1882 nostro
2085 1818 2371 1903 cogitant.
2455 1816 2535 1881 Ut

319 1908 332 1917 “
423 1916 594 2003 plene
622 1919 871 1992 sciatur,
927 1918 1085 2002 quod
1123 1917 1222 1981 illa
1251 1917 1486 2003 Religio
1526 1937 1599 1982 ex
1632 1918 1847 1983 Divina
1877 1919 2116 1982 Domini
2146 1917 2535 1983 Providentia

420 2018 772 2082 exsuscitata
809 2018 911 2094 sit,
966 2018 1040 2080 ad
1069 2018 1383 2083 delendum
1416 2018 1790 2083 Idololatrias
1830 2019 2084 2105 plurium
2114 2017 2434 2094 Gentium,
2480 2019 2536 2080 in

420 2118 621 2205 aliquo
649 2118 858 2183 ordine
893 2118 1154 2193 dicetur,
1206 2120 1308 2183 sed
1353 2097 1605 2204 primiim
1647 2120 1719 2183 de
1765 2120 1991 2204 origine
2031 2118 2537 2208 Idololatriarum.

418 2216 575 2283 Ante
619 2219 779 2282 illam
825 2218 1199 2303 Religionem
1238 2218 1349 2283 fuit
1390 2219 1595 2284 Cultus
1635 2219 2037 2284 idololatricus
2078 2222 2134 2281 in
2176 2219 2537 2304 perplurima

428 2318 642 2404 Regna
689 2328 979 2381 terrarum
1029 2319 1239 2395 Orbis,
1311 2319 1557 2398 effusus,
1626 2342 1800 2384 eausa
1842 2320 1989 2396 fuit,
2048 2321 2192 2406 quia
2234 2319 2536 2384 Ecclesiae

422 2427 559 2483 ante
596 2416 936 2483 Adventum
980 2421 1256 2492 Domini,
1311 2420 1553 2487 fuerunt
1594 2444 1800 2487 omnes
1844 2422 2145 2485 Ecclesiae
2190 2440 2538 2507 repraesen—

425 2519 679 2588 nativam
732 2519 868 2584 talis
893 2522 1072 2585 etiam
1099 2520 1210 2585 fuit
1236 2521 1501 2587 Ecclesia
1533 2523 1874 2599 lsra‘eIitica,
1921 2523 2009 2586 ibi
2032 2522 2539 2596 Tabernaculum,

425 2619 635 2685 Vestes
672 2616 995 2696 Abatonis,
1041 2621 1381 2697 sacrificia,
1436 2624 1653 2688 Omnia
1699 2622 1933 2710 Templi
1981 2622 2536 2712 Hierosolymitaui,

421 2729 482 2783 et
535 2742 773 2807 quoque
829 2722 1063 2787 Statuta
1117 2723 1675 2808 repraesentabant:
1754 2734 1811 2786 et
1861 2724 2018 2808 apud
2076 2720 2374 2808 Antiquos
2430 2721 2539 2785 fuit

425 2821 666 2889 scientia
709 2822 1420 2910 correspondentiarum,
1475 2846 1626 2910 quae
1668 2824 1843 2903 etiam
1884 2834 1970 2889 est
2012 2820 2542 2908 Repraesentatio·

417 2942 571 2986 -num
589 2973 603 2998 ,
642 2923 766 3008 ipsa
793 2924 1052 2988 Scientia
1079 2923 1490 3000 scientiarum,
1533 2925 1819 3012 imprimis
1842 2925 2077 2991 exculta
2105 2924 2183 2986 ab
2211 2920 2544 3012 Aegyptiis,

426 3022 561 3088 inde
607 3022 818 3088 borum
870 3023 1355 3112 Hieroglyphica.
1441 3025 1527 3088 Ex
1570 3025 1666 3089 illa
1705 3025 1962 3093 scientia
2004 3025 2343 3098 sciverunt,
2399 3021 2543 3109 quid

422 3123 837 3209 significabant
865 3125 1057 3188 omnis
1083 3122 1333 3191 Generis
1359 3121 1654 3193 Animalia
1672 3169 1691 3198 ,
1743 3135 1864 3189 tum
1894 3126 2034 3211 quid
2065 3126 2259 3189 omnis
2284 3123 2546 3213 Generis

424 3219 717 3300 Arbores,
773 3235 836 3289 ut
882 3233 940 3287 et
986 3225 1126 3311 quid
1176 3225 1447 3301 Montes»,
1502 3225 1729 3301 Colles,
1780 3225 2008 3301 Fluvii,
2044 3227 2317 3298 ,Fontes5
2373 3232 2448 3286 ut
2487 3233 2546 3287 et

423 3323 564 3408 quid
590 3323 726 3401 Sol,
781 3326 949 3390 Luna
978 3335 1037 3390 et
1063 3324 1317 3397 Stellae;
1374 3326 1667 3411 perillam
1694 3325 2013 3391 Scientiam
2056 3325 2167 3389 fnit
2206 3325 2319 3388 illis
2354 3325 2545 3388 etiam

423 3423 682 3507 cognitio
726 3426 1182 3514 spiritualium„
1238 3427 1517 3511 quoniam
1562 3427 1659 3491 illa
1715 3448 1868 3513 quae
1914 3425 2546 3511 repraesentabantur,

420 3542 574 3607 quae
608 3535 746 3589 sunt
776 3528 913 3593 talia
946 3548 1098 3613 quae
1124 3525 1451 3614 sapientiae
1481 3527 1800 3613 spiritualis
1826 3537 1964 3591 sunt
1992 3526 2145 3613 apud
2174 3522 2449 3611 Angelos
2483 3525 2544 3587 in

422 3621 634 3703 Caelo,
686 3637 856 3690 erant
896 3627 1172 3714 origines.
1252 3626 1432 3691 Nunc
1456 3627 1612 3712 ,qnia
1654 3627 1847 3692 omnis
1878 3625 2083 3692 Cultus
2121 3625 2357 3691 illorum
2398 3635 2547 3690 erat

423 3723 1019 3809 Repraesentativus,
1075 3729 1399 3793 consistens
1438 3748 1508 3790 ex
1556 3727 1731 3793 meris
1758 3725 2341 3812 Correspondentiis,
2400 3725 2543 3790 ideo

419 3845 597 3912 super
625 3827 929 3896 Montibus
957 3837 1016 3891 et
1044 3828 1338 3903 Collibus,
1393 3837 1451 3890 et
1489 3850 1729 3915 quoque
1757 3829 1814 3890 in
1844 3827 2020 3893 Lucis
2044 3836 2112 3890 fet
2141 3826 2375 3900 Hortis,
2432 3825 2551 3890 ha-

421 3925 680 3991 buerunt
732 3927 973 4001 Cultu-‚3
1054 3939 1110 3991 et
1161 3929 1297 3992 ideo
1347 3929 1569 3993 Fontes
1621 3928 2097 4002 sanctificabant,
2165 3936 2234 3994 ‚et
2286 3927 2547 4012 insuper

417 4024 731 4113 sculptiles
759 4026 990 4112 Equos,
1044 4026 1278 4105 Boves,
1331 4028 1590 4105 VitnloS‚
1647 4028 1880 4114 AgnoS,
1936 4028 2052 4091 imo
2081 4018 2268 4103 AveS,
2311 4025 2548 4105 Pisces,

419 4124 739 4209 Serpentes
773 4125 1074 4204 fecerunt,
1113 4137 1187 4190 .et
1216 4128 1328 4192 bos
1353 4138 1679 4217 posuerunt
1700 4130 1891 4216 -juxta
1911 4129 2194 4217 Templa,
2245 4136 2307 4190 et
2337 4127 2404 4189 in
2433 4125 2551 4193 bo-

417 4240 554 4282 rum
596 4218 813 4300 Atriis,
878 4235 937 4289 et
978 4246 1215 4312 quoque
1256 4227 1465 4303 Domi,
1512 4229 1569 4290 in
1616 4228 1820 4293 ordine
1846 4229 2170 4301 secundum
2199 4228 2549 4314 spiritualia

2615 526 2625 535 ·
2683 430 2720 562 <
