2750 4775
492 368 601 418 202
727 354 1190 412 UNIVERSA
1231 355 1771 412 TBEOLOGM
1811 356 1879 410 N.
1923 355 1985 409 C.
2025 354 2133 408 ET
2174 355 2239 411 N.
2277 354 2337 407 E.

488 511 677 577 sciant
702 519 917 575 statum
946 507 1101 576 vitae
1127 508 1383 575 hominis
1411 518 1539 598 post
1565 519 1848 584 mortem3
1900 518 1964 575 at
1991 509 2072 575 illi
2091 508 2211 596 ³qui
2247 508 2394 571 hunc
2415 505 2538 571 scire

493 622 769 702 possunt,
820 610 922 677 sed
963 632 1083 675 non
1128 612 1337 676 volunt
1380 611 1563 687 scire,
1609 619 1669 673 et
1709 609 1843 674 inde
1887 610 2047 675 illum
2086 618 2333 695 negant,
2377 616 2436 672 ut
2468 606 2540 670 ia·

490 714 652 779 ciunt
679 714 844 778 multi
872 734 943 777 ex
967 712 1178 778 vestris
1204 711 1580 788 Christianis,
1632 711 1954 776 assimilare
1994 733 2296 799 possumus
2319 707 2541 773 Inventis

489 818 550 882 in
576 816 787 906 sylvis3
840 823 960 877 non
986 814 1143 901 quod
1174 834 1245 877 ex
1274 807 1606 901 privatione
1634 812 2034 877 instructionis
2072 812 2156 877 ita
2195 810 2401 898 stupidi
2431 807 2542 873 facti

486 917 603 985 sint
622 965 638 993 ,
690 915 791 984 sed
818 915 976 1002 quod
1008 936 1112 1002 per
1138 913 1402 979 fallacias
1426 935 1722 989 sensuum,
1769 929 1920 1000 quae
1950 923 2086 979 sunt
2117 914 2396 979 tenebrae
2419 909 2544 975 veri·

489 1028 676 1086 tatum
693 1069 708 1092 ‚
760 1017 1102 1106 semetipsos
1126 1015 1208 1081 ita
1234 1013 1495 1104 stupidos
1518 1014 1782 1080 fecerint.

641 1118 758 1184 Sed
799 1127 941 1182 tunc
969 1116 1205 1204 quidam
1244 1115 1303 1180 in
1345 1114 1540 1179 medio
1567 1113 1817 1180 Palladii
1844 1125 2040 1193 stans,
2085 1116 2148 1179 in
2179 1122 2547 1179 manutenens

493 1219 785 1309 palmam,
837 1217 1011 1294 dixit,
1065 1217 1323 1282 evolvite
1365 1237 1586 1304 quaeso
1623 1215 1738 1281 hoc
1777 1237 2093 1294 arcanum,
2148 1215 2434 1304 quomodo
2465 1211 2548 1275 ho·

492 1342 597 1385 mo
620 1319 811 1386 forma
841 1320 951 1384 Dei
979 1328 1241 1393 creatus,
1295 1318 1511 1382 mutari
1549 1320 1743 1404 potuit
1782 1318 1842 1381 in
1879 1318 2134 1383 formam
2168 1315 2407 1386 diaboli;
2452 1312 2547 1378 scio

492 1422 651 1509 quod
680 1420 892 1505 Angeli
923 1420 1084 1485 Caeli
1111 1420 1225 1485 sint
1251 1417 1481 1483 formae
1505 1419 1647 1495 Dei,
1698 1430 1762 1484 et·
1799 1420 1957 1506 quod
1996 1420 2196 1506 angeli
2233 1417 2434 1483 inferni
2462 1414 2549 1479 sint

488 1522 719 1589 formae
744 1520 1001 1596 diaboli,
1053 1529 1111 1585 et
1135 1521 1288 1585 duae
1313 1519 1544 1585 formae
1566 1529 1699 1585 sunt
1736 1520 1848 1586 sibi
1889 1521 2227 1609 oppositae,
2277 1519 2386 1583 hae
2419 1517 2549 1581 lnsa-

489 1624 658 1702 niae,
709 1624 842 1689 illae
887 1622 1253 1710 Sapientiae;
1306 1622 1480 1686 dicite
1527 1621 1758 1709 itaque,
1821 1622 2119 1709 quomodo
2166 1622 2349 1686 homo
2394 1619 2550 1683 forma

494 1727 604 1791 Dei
632 1735 864 1791 creatus
891 1744 929 1789 a
953 1723 1048 1787 die
1077 1725 1134 1787 in
1173 1723 1349 1787 talem
1390 1731 1625 1787 noctem
1667 1724 1856 1813 potuit
1889 1724 2178 1799 transire,
2232 1733 2299 1788 ut
2335 1715 2551 1808 potuerit

490 1847 712 1913 negare
740 1827 966 1901 Deum,
1019 1833 1079 1888 et
1112 1824 1288 1889 vitam
1323 1832 1665 1890 aeternam:
1718 1824 1792 1888 ad
1829 1823 1978 1888 haec
2014 1817 2439 1912 responderunt
2469 1817 2551 1882 Di·

490 1927 711 1998 dascali
751 1927 814 1989 in
865 1925 1105 2001 ordine,
1159 1926 1413 2010 primum
1464 1924 1902 2015 Pythagoraei,
1954 1925 2088 1989 dein
2140 1924 2451 1998 Socratici,
2504 1924 2551 1981 et

489 2039 694 2118 postea
721 2026 960 2114 reliqui;
1012 2023 1113 2090 sed
1151 2024 1306 2089 iuter
1346 2025 1475 2091 illos
1518 2036 1648 2092 erat
1676 2025 1911 2113 quidam
1943 2025 2317 2103 Platonicus,
2366 2024 2453 2089 hic
2484 2019 2553 2083 ul-

489 2130 647 2194 timo·
676 2129 951 2215 loquutus
995 2136 1116 2203 est,
1170 2136 1230 2190 et
1273 2124 1449 2214 hujus
1482 2127 1773 2193 sententia
1812 2127 2178 2214 praevaluit,
2231 2147 2381 2214 quae
2416 2129 2547 2190 eratz

491 2230 652 2318 quod
700 2228 967 2292 homines
1008 2223 1155 2291 Aevi
1197 2227 1502 2293 Saturnini
1545 2250 1649 2295 seu
1690 2228 1922 2294 Saeculi
1961 2230 2161 2305 aurei,
2213 2228 2475 2300 sciverint
2509 2226 2553 2284 et

494 2329 847 2418 agnoverint
892 2327 1048 2416 quod
1096 2338 1286 2394 essent
1329 2329 1585 2395 Formae
1630 2331 1977 2418 recipientes
2019 2330 2179 2397 vitae
2226 2351 2261 2395 a
2307 2329 2458 2403 Deo,
2505 2328 2551 2384 el

491 2432 651 2519 quod
678 2430 813 2494 ideo
839 2429 1124 2520 sapientia
1152 2431 1463 2497 animabus
1490 2441 1549 2496 et
1578 2432 1853 2496 cordibus
1891 2431 2125 2495 illorum
2157 2431 2433 2516 inscripta
2456 2425 2553 2491 fue·

495 2534 605 2607 rit,
657 2541 717 2593 et
745 2530 912 2606 inde,
963 2531 1120 2618 quod
1163 2554 1235 2596 ex
1274 2532 1404 2595 luce
1444 2535 1569 2597 veri
1610 2532 1865 2598 viderint
1901 2554 2142 2609 verum,
2195 2544 2260 2598 et
2303 2553 2403 2619 per
2442 2542 2552 2594 vera

493 2632 858 2720 perceperint
888 2633 1110 2696 bonum
1137 2655 1207 2696 ex
1234 2634 1492 2721 jucundo
1520 2634 1737 2698 amoris
1762 2633 1917 2719 ejus:
1971 2642 2033 2698 at
2064 2634 2214 2698 sicut
2246 2635 2551 2698 Humanum

497 2732 698 2799 Genus
739 2733 1218 2821 insequentibus
1255 2734 1519 2799 Saeculis
1565 2745 1886 2799 recesserat
1924 2736 2001 2799 ab
2046 2735 2380 2822 agnitione,
2429 2723 2554 2817 quod

494 2854 902 2900 omne‘verum
930 2835 1251 2923 sapientiae
1279 2844 1339 2898 et
1365 2835 1500 2899 inde
1529 2824 1749 2900 bonum
1781 2836 1999 2901 amoris
2037 2835 2194 2925 apud
2234 2837 2396 2909 illos,
2444 2847 2554 2894 con-

492 2937 658 3001 tinue
688 2934 959 3002 influeret
987 2957 1022 3000 a
1049 2937 1212 3012 Deo,
1252 2947 1632 3003 cessaverunt
1657 2957 1782 3001 esse
1810 2937 2143 3002 habitacula
2172 2937 2318 3012 Dei,
2356 2945 2412 2999 et
2436 2949 2553 3020 quo·

494 3056 609 3125 que
636 3048 775 3103 tunc
802 3037 1053 3104 cessavit
1078 3037 1312 3124 loquela
1341 3059 1474 3101 cum
1502 3038 1670 3114 Deo,
1724 3047 1782 3101 et
1822 3037 2180 3102 consociatio
2222 3060 2358 3103 cum
2394 3033 2554 3118 Ange·

493 3138 595 3211 lis;
647 3139 929 3205 interiora
971 3140 1127 3202 enim
1167 3137 1381 3202 mentis
1402 3138 1637 3203 illorum
1668 3161 1702 3203 a
1732 3138 2057 3205 directione
2082 3158 2219 3214 sua,
2274 3156 2422 3226 quae
2458 3133 2555 3199 fue·

493 3248 590 3303 rat
615 3263 843 3305 sursum
873 3241 1102 3305 elevata
1130 3239 1205 3303 ad
1230 3239 1423 3303 Deum
1450 3260 1486 3303 a
1513 3240 1674 3315 Deo,
1726 3238 1940 3303 inflexa
1982 3249 2070 3305 est
2106 3241 2166 3303 in
2206 3240 2553 3306 directionem

495 3340 794 3428 obliquam
824 3341 951 3430 plus
975 3349 1033 3404 et
1061 3338 1218 3426 plus,
1271 3349 1598 3405 extrorsum
1627 3340 1686 3404 in
1714 3340 2034 3417 Mundum,
2087 3351 2147 3405 et
2184 3341 2269 3406 sic
2296 3343 2371 3406 ad
2396 3339 2553 3404 Deum

494 3463 529 3505 a
557 3441 688 3511 Deo
717 3464 821 3531 per
849 3439 1169 3529 Mundum,
1219 3450 1278 3505 et
1315 3441 1595 3507 tandem
1577 3461 1812 3506 inversa
1851 3442 1909 3505 in
1950 3442 2334 3506 directionem
2363 3453 2556 3529 eppo-5¹·

495 3549 652 3619 tam,
704 3564 858 3627 quae
903 3550 1008 3605 est0
1029 3540 1302 3604 deorsum
1347 3542 1423 3606 ad
1466 3542 1704 3618 Semet;
1753 3551 1813 3606 et
1851 3543 1987 3630 quia
2034 3543 2198 3608 Deus
2236 3565 2356 3608 non
2400 3538 2554 3629 potest

494 3644 745 3729 spectari
775 3643 851 3706 ab
878 3635 1115 3704 homine
1142 3639 1389 3707 interius
1423 3643 1662 3709 inverso
1704 3653 1762 3708 et
1803 3642 1887 3709 sic
1927 3662 2171 3720 averso,
2223 3642 2478 3709 homines
2506 3651 2557 3698 se

494 3749 922 3828 separaverunt
949 3762 980 3804 a
1013 3741 1176 3816 Deo,
1229 3751 1290 3805 et
1325 3742 1466 3807 sacti
1497 3754 1635 3809 sunt
1676 3743 1903 3810 formae
1943 3743 2202 3822 Inferni,
2254 3756 2314 3810 et
2349 3745 2428 3809 sic
2463 3737 2558 3802 dia·

494 3842 635 3907 boli.
714 3842 804 3906 Ex
831 3841 921 3906 his
945 3841 1240 3948 sequitur,
1294 3844 1453 3929 quod
1481 3845 1695 3911 Primis
1720 3843 1900 3909 Aevis
1939 3847 2290 3933 agnoverint
2334 3840 2494 3910 corde
2514 3839 2559 3898 el

493 3943 724 4020 anima,
778 3943 936 4030 quod
976 3964 1151 4008 omne
1179 3945 1399 4009 bonum
1444 3948 1690 4023 amoris,
1743 3955 1804 4010 et
1846 3945 1981 4010 inde
2022 3967 2231 4014 verum
2272 3939 2554 4035 sapientiae

490 4042 604 4108 illis
627 4055 819 4111 essent
845 4066 881 4110 a
906 4044 1072 4121 Deo,
1121 4056 1180 4111 et
1206 4067 1443 4134 quoque
1467 4046 1625 4134 quod
1654 4046 1754 4112 ina
1783 4056 1978 4113 essent
2005 4046 2160 4112 Dei
2144 4069 2204 4111 in
2230 4047 2375 4126 illis,
2425 4052 2476 4108 et
2493 4036 2556 4103 sic

489 4145 648 4229 quod
673 4146 756 4211 illi
780 4155 971 4213 essent
1013 4169 1177 4213 mera
1217 4147 1589 4235 receptacula
1633 4149 1788 4215 vitae
1831 4169 1867 4213 a
1909 4148 2075 4224 Deo,
2128 4152 2187 4212 et
2217 4148 2355 4213 inde
2395 4133 2555 4214 vocali

499 4244 791 4335 Imagines
816 4247 958 4327 Dei,
1014 4248 1148 4313 Filii
1176 4247 1322 4323 Dei,
1376 4257 1436 4311 et
1473 4247 1617 4313 Nati
1657 4269 1691 4312 a
1730 4247 1888 4313 Deo:
1920 4249 2045 4316 'sed
2086 4249 2246 4336 quod
2292 4250 2354 4313 in
2394 4241 2553 4314 subet·
