2750 4775
817 349 972 408 xul.
1053 349 1398 408 SANCTA
1456 349 1774 405 GOENA.
2235 363 2341 412 227

254 528 393 569 vum
418 502 583 569 daho
613 507 674 567 in
703 501 899 569 medio
922 506 1142 578 vestri,
1194 517 1251 567 et
1275 504 1582 570 removebo
1617 503 1735 569 Cor
1771 503 2028 597 lapidis,
2079 519 2136 571 et
2179 504 2343 573 dabo

255 603 376 669 illis
433 603 557 670 Cor
603 607 878 680 earni5‚“
932 602 1144 670 Ezech.
1187 604 1303 669 XI:
1367 608 1467 669 19.
1546 604 1686 693 Cap.
1736 605 2021 672 XXXVI:
2070 610 2182 680 2&
2239 628 2345 695 per

252 706 368 771 Cor
409 705 475 769 in
518 706 717 772 Verbo
761 704 1126 793 significatur
1167 727 1364 781 amor,
1421 706 1556 770 inde
1597 725 1700 793 per
1740 706 1858 771 Cor
1898 705 2122 781 carnis,
2176 727 2345 772 amor

250 808 401 874 boni.
489 807 841 882 Praeterea,
895 808 1052 894 quod
1094 828 1196 894 per
1224 807 1473 871 Carnem
1516 816 1574 870 et
1611 806 2005 893 Sanguinem,
2053 805 2347 895 intelliga-

125 909 136 931 ⁶
247 919 342 973 tur
362 909 595 984 bonum
626 917 685 971 et
711 930 917 973 verum
938 956 955 983 ,
1004 917 1319 995 utrumque
1349 908 1682 995 spirituale,
1736 908 1983 993 amplius
2021 916 2251 972 constat
2277 929 2346 972 ex

222 1010 674 1095 ‘significatione
703 1009 881 1074 Panis
907 1010 1128 1075 etvini
1156 1009 1215 1072 in
1257 1029 1412 1073 nunc
1450 1009 1857 1095 sequentibus,
1914 1007 2192 1094 quoniam
2223 1008 2349 1073 Do·

249 1112 440 1176 minus
471 1109 643 1184 dicit,
698 1110 854 1196 quod
890 1109 1045 1174 Caro
1077 1110 1266 1195 Ipsius
1304 1110 1378 1175 sit
1414 1110 1624 1185 Panis,
1674 1119 1731 1174 et
1772 1110 1931 1196 qnod
1963 1107 2216 1197 Sanguis
2253 1109 2348 1197 Ip-
2431 1175 2436 1186 ,

242 1212 359 1277 sius
383 1212 465 1278 sit
489 1211 744 1284 Vinum,
790 1210 947 1298 quod
979 1232 1011 1274 e
1040 1210 1263 1278 Poculo
1294 1211 1621 1276 hibebatur.

398 1309 548 1377 700.
606 1311 782 1391 Quod
831 1333 935 1399 per
969 1311 1327 1399 Sanguinem
1366 1312 1609 1384 Domini
1652 1311 2015 1396 intelligatur
2057 1310 2342 1377 Divinum

243 1416 469 1480 Verum
500 1412 686 1500 Ipsius
713 1422 771 1476 et
797 1412 1008 1488 Verbi,
1065 1423 1151 1478 est
1177 1413 1312 1500 quia
1344 1435 1449 1500 per
1476 1411 1728 1478 Carnem
1761 1412 1944 1500 Ipsius
1968 1413 2348 1500 spiritualiter

244 1515 596 1601 intelligitur
636 1514 923 1578 Divinum
963 1513 1196 1578 Bonum
1235 1514 1485 1585 amotis:
1538 1524 1599 1579 et
1636 1514 1787 1579 haec
1826 1513 1943 1579 duo
1983 1513 2045 1576 in
2084 1513 2343 1580 Domino

201 1618 421 1688 ,uuita
455 1625 606 1682 sunt.
684 1615 910 1682 Notum
950 1625 1068 1691 est,
1114 1616 1281 1703 -quod
1322 1614 1617 1680 Dominus
1656 1617 1729 1680 sit
1769 1615 2060 1690 Verbum,
2113 1625 2189 1679 ac
2225 1614 2345 1678 duo

237 1727 407 1793 sunt,
465 1717 538 1782 ad
578 1738 728 1802 quae
769 1717 966 1780 omnia
1008 1718 1187 1782 Verbi
1214 1738 1295 1781 -se
1332 1715 1632 1793 referunt,
1682 1716 1964 1782 Divinum
2005 1715 2244 1780 Bonum
2283 1724 2346 1779 et

243 1819 532 1884 Divinum
582 1818 834 1894 Verum,
903 1839 1087 1904 quare
1134 1819 1182 1881 si
1236 1818 1496 1884 Verbum
1550 1840 1656 1903 pro
1706 1816 1963 1882 Domino
2008 1803 2344 1892 assumitur,

241 1929 440 2007 patet,
494 1919 651 2005 quod
689 1918 786 1986 illa
816 1919 934 1983 duo
974 1940 1082 2005 per.
1105 1918 1355 1984 Carnem
1400 1928 1459 1981 et
1500 1917 1858 2004 Sanguinem
1901 1916 2087 2005 Ipsius
2127 1917 2343 1986 intelli-

241 2031 479 2106 gantur.
578 2019 753 2099 Quod
815 2040 918 2106 per
959 2019 1317 2104 Sanguinem
1371 2018 1733 2105 intelligatur
1785 2018 2068 2083 Divinum,
2118 2020 2342 2100 Verum

240 2121 486 2186 Domini
514 2144 617 2187 seu
641 2120 857 2196 Verbi,
912 2128 1138 2183 constat
1166 2141 1235 2182 ex
1264 2120 1527 2205 pluribus
1565 2119 1740 2195 locis,
1791 2129 1864 2182 ut-
1892 2119 2049 2206 quod
2090 2119 2344 2206 Sanguis

236 2223 435 2287 dictus
462 2222 638 2286 fuerit
664 2221 916 2306 Sanguis
943 2220 1225 2293 faederis,
1266 2229 1322 2282 et
1349 2219 1554 2284 faedus
1582 2230 1667 2285 est
1696 2221 2066 2306 conjunctio,
2110 2230 2169 2285 et
2195 2220 2345 2285 baec

236 2322 307 2391 fit
338 2345 373 2384 a
402 2323 657 2389 Domino
700 2341 803 2406 per
843 2316 1123 2387 Divinum
1153 2320 1370 2384 Verum
1416 2319 1630 2408 Ipsius,
1686 2332 1745 2385 ut
1784 2321 1939 2411 apud
1978 2321 2340 2402 Sachariam,

239 2425 381 2490 Per
400 2441 769 2488 SANGUINEM
792 2441 1089 2486 PAEDssms
1116 2424 1206 2486 tui
1227 2427 1486 2487 emittam
1515 2427 1755 2489 vinctos
1781 2447 1815 2489 e
1815 2419 2032 2513 fovea,
2075 2425 2190 2503 IX:
2236 2426 2337 2490 11.

243 2532 310 2585 et
352 2524 504 2611 apud
544 2523 750 2587 Mosen
790 2524 1044 2599 „Moses
1061 2537 1385 2615 postquam
1412 2523 1635 2614 legerat
1657 2525 1904 2591 Librum
1941 2523 2095 2616 legis
2136 2531 2199 2592 in
2229 2551 2341 2593 au-

238 2623 416 2689 ribus
445 2623 695 2717 populi,
749 2627 974 2717 sparsit
998 2622 1306 2701 dinu‘dium
1332 2623 1664 2715 Sanguinis
1701 2650 1882 2720 super
1908 2626 2201 2719 populum
2216 2674 2233 2703 ,
2282 2635 2342 2694 eit

237 2726 440 2802 deecit,
502 2745 656 2792 ECCE
703 2745 965 2791 SANGms
1014 2745 1313 2791 raum-:ms
1329 2775 1345 2802 ,
1397 2728 1566 2815 quod
1604 2732 1833 2821 pepigit
1882 2725 2156 2797 Jehovah
2206 2752 2340 2794 eum

240 2828 429 2895 vobis.
468 2850 652 2920 super
687 2830 893 2892 omnia
929 2827 1122 2895 verba
1161 2824 1339 2903 haec,
1395 2828 1578 2893 Exod.
1628 2830 1860 2897 XXIV:
1918 2834 1955 2893 3
2000 2831 2074 2893 ad
2121 2835 2176 2893 8.
2255 2830 2343 2894 Et

238 2930 429 2995 Jesus
458 2932 760 3021 accipiens
779 2927 1064 3020 poculum
1082 2974 1097 3004 ,
1149 2942 1205 2993 et
1238 2927 1411 2995 dedit
1436 2926 1589 3007 illis,
1645 2929 1850 2995 dicens
1864 2978 1882 3006 ,
1934 2927 2046 2994 hoc
2067 2942 2158 2994 est
2182 2927 2340 2993 San-

234 3035 380 3121 guis
408 3054 587 3104 meus,
631 3028 736 3095 ille
764 3029 928 3096 Νονί
950 3029 1303 3106 Faederi5,“
1344 3030 1553 3095 Manli.
1582 3031 1815 3097 XXVI:
1866 3034 1966 3093 27.
2003 3034 2107 3093 28.
2148 3030 2334 3094 Marc.

239 3132 421 3199 XIV:
469 3136 572 3195 24.
628 3131 770 3195 Luc.
800 3130 1007 3197 XXII:
1055 3137 1169 3195 20:
1227 3153 1330 3220 per
1359 3131 1715 3218 Sanguinem
1744 3132 1904 3197 Novi
1933 3130 2211 3196 Faederis
2235 3152 2341 3196 seu

241 3233 648 3302 Testamenti,
703 3253 820 3296 non
851 3232 1009 3297 aliud
1037 3230 1432 3319 significatur,
1483 3254 1658 3319 quam
1692 3232 1985 3308 Verbum,
2039 3231 2194 3316 quod
2238 3252 2343 3297 vo-

237 3344 413 3400 catur
440 3334 676 3400 Faedus
702 3345 762 3396 et
785 3332 1226 3421 Testamentum
1243 3380 1260 3409 ,
1312 3334 1498 3398 Vetus
1542 3343 1600 3395 et
1626 3331 1898 3410 Novum,
1948 3334 2029 3398 ita
2056 3332 2340 3403 Divinum

240 3434 615 3501 Verum-ibi:
667 3434 960 3514 Quoniiim
993 3455 1094 3521 per
1122 3432 1479 3520 Sanguinem
1520 3434 1579 3497 id
1618 3433 2009 3521 significatur,
2060 3433 2190 3501 ideo
2217 3434 2343 3500 De-

238 3537 437 3603 minus
488 3535 648 3599 dedit
699 3535 809 3599 illis
859 3533 1106 3609 Vinum,
1162 3535 1390 3609 dicens,
1444 3533 1555 3599 hoc
1600 3543 1687 3600 est
1731 3527 1995 3622 Sanguis
2026 3557 2226 3613 meus,
2278 3522 2338 3601 et

239 3639 458 3703 Vinum
510 3635 800 3722 significat
848 3635 1129 3700 Divinum
1181 3636 1436 3708 Verum:
1508 3657 1694 3722 quare
1748 3636 1805 3700 id
1862 3638 2036 3701 etiam
2090 3649 2340 3707 vocatur

237 3736 509 3828 Sanguis
572 3760 852 3810 uvarum,
920 3735 1130 3802 GeneS.
1189 3736 1417 3802 XLIX:
1469 3739 1569 3807 11.
1650 3738 1855 3803 Deutr.
1910 3739 2173 3806 XXXII:
2237 3745 2333 3806 14.

241 3841 380 3905 Hoc
409 3848 568 3927 patet
598 3836 793 3903 adbuc
819 3859 889 3902 ex
920 3837 1159 3903 Domini
1185 3838 1386 3903 verbis
1427 3830 1666 3913 „Amen
1688 3889 1701 3910 ‚
1762 3862 1936 3904 amen
1976 3840 2109 3906 dieo
2136 3841 2337 3917 vobiS,

240 3942 365 4006 nisi
385 3939 762 4005 comederitis
791 3938 1044 4013 Carnem
1075 3936 1503 4004 Filii-hominis
1519 3985 1534 4012 ,
1572 3950 1629 4003 et
1654 3937 1920 4004 biberitis
1945 3942 2155 4034 Ipsius
2180 3939 2336 4007 San·

235 4046 478 4133 guinem
495 4086 537 4116 ‚.
566 4064 688 4105 non
732 4039 1025 4107 habebitis
1070 4042 1260 4104 w’tam
1312 4043 1372 4104 in
1426 4038 1606 4103 vobis
1622 4090 1635 4114 ,
1691 4062 1829 4104 nam
1869 4039 2025 4107 Caro
2077 4065 2205 4107 mea
2248 4054 2340 4106 est

238 4167 387 4210 vere
430 4142 613 4208 Cibus
633 4172 661 4217 ‚·
698 4155 756 4208 et
795 4138 1063 4231 Sanguis
1109 4164 1272 4208 meus
1294 4186 1303 4195 ,
1323 4152 1412 4207 est
1453 4161 1598 4209 vere
1635 4139 1867 4207 Polus.-
1935 4146 2041 4232 qui
2084 4140 2337 4207 eomedit

240 4268 428 4312 meam
464 4243 713 4309 Carnem
732 4292 750 4321 ,
801 4256 858 4308 et
882 4241 1027 4309 bibit
1056 4264 1244 4307 meum
1273 4238 1670 4328 Sanguinem,
1724 4237 1829 4303 ille
1870 4243 1931 4302 in
1974 4241 2081 4304 Me
2120 4251 2334 4311 manet,

1804 4337 1856 4397 P
1878 4337 1915 4370 ³!-
