2750 4775
487 324 553 378 X.
632 327 1237 380 REFORMATIO
1290 325 1398 382 ET
1452 328 2132 385 REGENERA'HQ
2283 340 2351 389 95

262 485 336 547 tis
377 484 685 575 spiritum,
741 480 1065 556 Creamur,
1119 480 1333 546 Psalm.
1378 480 1540 546 clv:
1582 486 1687 546 28.
1733 485 1831 547 80.
1885 458 2193 574 Popitlus,
2250 488 2360 574 qui

262 583 610 658 Coeabitur,
662 581 940 648 laudabit
964 580 1124 657 Jalz,
1178 581 1395 653 Psalm.
1426 581 1567 646 cll:
1604 588 1702 648 19.
1757 583 1915 647 Ecce
1939 584 2078 674 Ego
2108 584 2353 650 Creatu·

256 709 367 750 rus
414 709 549 749 sum
590 682 1079 772 Hierosobrmam
1125 681 1558 751 exultationem
1579 732 1596 760 ,
1663 684 1817 767 Esaj.
1858 684 2048 751 LXV:
2092 688 2189 748 18.
2252 683 2353 751 Sic

258 785 426 852 dixit
461 783 769 860 Jehovah,
837 784 1086 849 Creator
1120 797 1260 848 tuus
1299 784 1528 859 Jacob,
1595 784 1919 849 Formator
1960 798 2097 849 tuus
2135 785 2354 864 Israel,

256 886 489 952 redemi
512 900 597 961 te,
651 909 881 951 omnem
921 899 1205 950 vocatum
1246 910 1287 950 a
1313 888 1554 950 nomine
1581 907 1745 959 meo,
1797 888 1859 948 in
1880 882 2138 975 gloriam
2168 910 2355 952 meam

264 989 478 1054 Creavi
500 1010 652 1062 eum,
709 987 860 1068 Esaj.
891 984 1119 1050 XLlIl:
1158 990 1213 1049 1.
1247 992 1303 1048 7.
1366 985 1450 1051 Ul
1479 985 1764 1061 videant,
1816 999 2217 1075 cognoscant,
2270 1001 2360 1052 at·

259 1089 514 1154 tendant
546 1101 608 1151 et
627 1085 1017 1178 intelligant,
1081 1085 1247 1176 quod
1283 1084 1544 1152 Sanctus
1575 1085 1834 1151 Israelis
1866 1086 2160 1152 Creaven't
2186 1085 2360 1163 hoc,“

259 1191 420 1276 Esaj.
465 1188 633 1253 XLI:
676 1193 799 1261 ‘2032
849 1197 1081 1277 praeter
1121 1188 1406 1262 alihiset
1444 1189 1543 1251 ubi
1572 1187 1863 1253 Dominus
1906 1198 2154 1252 vocatur
2180 1187 2361 1253 Crea-

258 1301 393 1367 tor,
447 1291 763 1354 Formator
808 1300 866 1353 et
912 1290 1145 1354 Factor.
1204 1289 1349 1353 Inde
1396 1287 1628 1376 patefit,
1684 1289 1824 1374 quid
1867 1288 2215 1376 intelligitur
2257 1311 2362 1377 per

258 1391 415 1457 haec
454 1391 691 1455 Domini
733 1390 805 1454 ad
848 1387 1159 1477 discipulos
1209 1390 1484 1466 ,3Euntes
1530 1392 1592 1453 in
1636 1390 1943 1455 Mundum
1989 1390 2362 1466 Universum,

250 1491 609 1588 praedicate
660 1490 1056 1582 Evangelium
1113 1494 1279 1556 omni
1327 1490 1726 1566 Creaturae,“·
1785 1491 1974 1557 Marc.
2020 1490 2194 1555 XVI:
2243 1497 2358 1566 15;

268 1615 376 1682 per
403 1593 717 1658 Creaturas
744 1594 1147 1679 intelliguntur
1173 1614 1379 1657 omnes
1407 1593 1507 1678 qui
1534 1592 1873 1679 regenerari
1899 1601 2159 1680 possunt,
2209 1591 2364 1681 pari-

263 1707 360 1761 ter
397 1691 720 1780 Apoc.111.
757 1697 855 1758 14.
890 1694 949 1758 11
977 1692 1114 1757 Cor.
1142 1694 1226 1758 V:
1260 1698 1360 1758 16.
1398 1697 1497 1757 1Ἶ.

421 1799 568 1859 5Ἶ4.
623 1794 800 1874 Quod
836 1795 1015 1859 homo
1054 1793 1495 1880 regenerandus
1536 1793 1640 1868 sit,
1695 1801 1857 1880 patet
1888 1814 1960 1857 ex
1987 1794 2145 1856 omni
2177 1794 2359 1857 ratio-

252 1918 372 1972 ne3
433 1896 693 1960 nascitur
721 1897 874 1959 enim
904 1896 967 1957 in
995 1894 1147 1959 mala
1178 1895 1369 1958 omnis
1396 1895 1626 1979 generis
1655 1916 1689 1959 a
1721 1894 2081 1982 parentibus,
2134 1903 2194 1958 et
2220 1894 2365 1959 haec

254 1996 522 2081 'insident
559 1996 814 2059 naturali
855 1997 979 2082 ejus
1018 1994 1277 2069 homini,
1330 1995 1531 2082 quiex
1554 2015 1617 2058 se
1643 2018 1676 2059 e
1708 1996 1997 2060 diametro
2029 2005 2117 2059 est
2158 2005 2361 2060 contra

265 2096 634 2186 spiritualem
671 2095 1000 2167 hominem;
1057 2105 1115 2158 et
1155 2105 1356 2161 tamen
1399 2105 1571 2161 natus
1612 2106 1698 2161 est
1743 2097 1816 2160 ad
1854 2095 2131 2175 Caelum,
2184 2106 2243 2162 et
2286 2097 2360 2161 ad

269 2197 517 2262 Caelum
547 2217 666 2259 non
693 2199 887 2271 venit,
941 2196 1049 2260 nisi
1087 2195 1401 2282 spiritualis
1429 2194 1565 2270 fiat,
1616 2196 1773 2282 quod
1814 2199 1984 2261 unice
2024 2196 2089 2260 fit
2129 2220 2246 2284 per
2271 2220 2365 2262 re-

271 2295 752 2384 generationem:
804 2296 941 2359 inde
969 2296 1298 2359 necessario
1324 2298 1622 2383 sequitur,
1674 2298 1828 2383 quod
1856 2299 2140 2364 naturalis
2180 2299 2359 2364 homo

272 2420 410 2463 cum
435 2398 552 2462 suis
579 2398 1060 2486 concupiscentiis
1084 2399 1157 2462 sit
1186 2399 1539 2474 domandus,
1592 2400 1992 2487 subjugandus
2010 2447 2027 2477 ,
2080 2412 2140 2465 et
2166 2403 2361 2468 inver-

269 2500 499 2573 tendus‚
554 2508 615 2562 et
641 2500 797 2585 quod
826 2499 1085 2585 alioquin
1114 2499 1273 2564 nullo
1302 2521 1469 2587 passu
1502 2501 1974 2589 appropinquare
2013 2503 2086 2567 ad
2115 2503 2358 2568 Caelum

266 2602 483 2688 possit,
536 2601 638 2664 sed
668 2600 794 2687 plus
820 2610 878 2663 et
901 2600 1034 2687 'plus
1060 2622 1121 2665 se
1148 2600 1525 2665 ininfernum
1558 2602 1856 2666 demittatz
1908 2603 2038 2688 quis
2079 2603 2198 2669 hoc
2235 2619 2357 2668 n'on

266 2701 464 2776 videt,
517 2701 622 2786 qui.
645 2702 828 2765 credit
854 2702 1022 2788 quod·
1053 2702 1114 2765 in
1150 2701 1309 2766 -mala
1343 2703 1533 2767 omnis
1562 2703 1795 2788 generis
1822 2713 1996 2768 natus
2020 2706 2126 2781 sit,
2173 2715 2234 2769 et
2262 2705 2361 2791 qui

263 2802 533 2890 agnoscit
574 2803 732 2887 quod
777 2804 999 2867 bonum
1032 2811 1091 2867 et
1119 2805 1335 2868 malum
1362 2805 1515 2880 sint,
1568 2813 1626 2868 et
1653 2804 1813 2890 quod
1842 2825 2024 2868 unum
2050 2806 2127 2870 sit
2152 2815 2360 2871 contra

263 2902 552 2975 alterum3
604 2912 663 2965 et
690 2904 737 2967 si
766 2904 951 2968 credit
977 2906 1157 2969 vitam
1191 2906 1321 2990 post
1355 2915 1642 2980 mortem,
1696 2925 1767 2968 ac
1794 2902 2085 2970 infernum
2129 2915 2187 2971 et
2228 2927 2358 2970 cae·

262 3004 422 3080 lum,
475 3005 634 3091 quod
663 3006 814 3069 mala
844 3005 1062 3069 faciant
1093 3004 1420 3081 infernum,
1473 3015 1532 3069 et
1558 3007 1715 3070 hona
1742 3005 2003 3070 Caelum.
2057 3006 2362 3073 Naturalis

266 3103 449 3169 homo
488 3107 545 3168 in
585 3127 649 3170 se
692 3117 990 3190 spectatus
1025 3107 1220 3193 quoad
1261 3115 1534 3171 naturam
1574 3128 1738 3171 suam
1782 3127 1855 3170 ne
1893 3106 2077 3172 hilum
2106 3106 2296 3173 differt
2323 3129 2358 3171 a

263 3214 481 3270 natura
512 3206 1290 3281 bestiarum,.est-similiter
1329 3206 1521 3283 serus,
1572 3210 1673 3271 sed
1716 3207 1847 3272 talis
1886 3217 1973 3272 est
2014 3207 2209 3296 quoad
2254 3229 2361 3272 vo-

262 3306 585 3379 luntatem;
639 3317 699 3371 at
727 3305 918 3371 differt
947 3330 977 3371 a
1010 3308 1206 3373 bestiis
1231 3309 1428 3395 quoad
1456 3309 1814 3374 intellectum
1834 3359 1849 3385 ,
1891 3307 2000 3372 hic
2025 3317 2224 3392 potest
2242 3307 2362 3372 ele·

265 3408 400 3472 vari
425 3430 602 3495 supra
632 3409 1131 3493 concupiscentias
1159 3409 1496 3486 voluntatis,
1548 3419 1606 3472 et
1635 3432 1753 3474 non
1783 3409 1958 3474 modo
1988 3409 2186 3475 videre
2215 3409 2361 3486 illas,

263 3509 369 3574 sed
399 3510 576 3573 etiam
606 3510 899 3573 moderari
928 3511 1084 3583 illas;
1138 3510 1272 3573 inde
1302 3519 1419 3584 est,
1473 3510 1628 3598 quod
1657 3510 1837 3576 homo
1868 3510 2045 3597 possit
2077 3531 2148 3574 ex
2186 3510 2358 3574 intel·

265 3609 426 3673 lectu
455 3614 733 3694 cogitare,
785 3621 844 3672 et
870 3632 937 3674 ex
980 3611 1333 3695 cogitatione
1362 3613 1558 3697 loqui,
1611 3633 1766 3696 quae
1794 3611 2014 3676 bestiae
2043 3625 2357 3698 nequeunt.

266 3710 476 3791 Qualis
502 3711 681 3775 homo
708 3721 796 3775 est
824 3732 858 3774 a
886 3712 1212 3787 nativitate,
1266 3722 1325 3776 et
1351 3713 1543 3797 qualis
1572 3708 1727 3776 soret
1753 3714 1797 3776 si
1828 3733 1946 3778 non
1980 3733 2362 3799 regenerare-

265 3820 396 3888 tur,
451 3812 640 3876 videri
682 3821 868 3898 potest
907 3813 983 3877 ab
1009 3813 1199 3878 omnis
1232 3815 1469 3899 generis
1508 3812 1747 3888 belluis,
1799 3814 1956 3900 quod
1985 3812 2139 3879 soret
2178 3814 2362 3899 tigriS,

267 3912 603 3999 panthera„
670 3913 917 4002 pardus,
997 3936 1208 4001 porcus
1268 3914 1604 4004 sylvestris,
1673 3915 1966 4002 scorpius,
2042 3914 2363 3990 tarantula,

267 4014 503 4103 vipera,
558 4014 921 4091 crocodilus,
973 4024 1094 4088 etc;
1149 4036 1335 4100 quare
1365 4014 1474 4081 nisi
1503 4035 1608 4101 per
1635 4013 2146 4103 regenerationem
2172 4023 2362 4078 trans·-

262 4114 625 4182 formaretur
676 4116 734 4178 in
764 4137 994 4193 ovem,
1070 4115 1207 4204 quid
1258 4115 1415 4180 aliud
1463 4124 1615 4181 esset
1662 4137 1845 4202 quam
1891 4114 2162 4179 diabolus
2207 4113 2363 4175 inter

265 4216 537 4285 diabolos
563 4216 626 4282 in
651 4215 916 4288 inferunt
969 4237 1169 4281 annon
1198 4226 1372 4293 tunc,
1417 4216 1464 4283 si
1494 4236 1613 4280 non
1640 4215 1802 4302 leges
1826 4213 1993 4299 regni
2021 4215 2364 4277 coercerent
