<?xml version="1.0" encoding="UTF-8"?>
<!DOCTYPE html PUBLIC "-//W3C//DTD XHTML 1.0 Transitional//EN"
    "http://www.w3.org/TR/xhtml1/DTD/xhtml1-transitional.dtd">
<html xmlns="http://www.w3.org/1999/xhtml" xml:lang="en" lang="en">
 <head>
  <title>
</title>
<meta http-equiv="Content-Type" content="text/html;charset=utf-8" />
  <meta name='ocr-system' content='tesseract 3.04.00' />
  <meta name='ocr-capabilities' content='ocr_page ocr_carea ocr_par ocr_line ocrx_word'/>
</head>
<body>
  <div class='ocr_page' id='page_1' title='image "./verachristianar00unkngoog_0067.png"; bbox 0 0 2750 4775; ppageno 0'>
   <div class='ocr_carea' id='block_1_1' title="bbox 911 324 2375 387">
    <p class='ocr_par' dir='ltr' id='par_1_1' title="bbox 911 324 2375 387">
     <span class='ocr_line' id='line_1_1' title="bbox 911 324 2375 387; baseline 0.007 -10"><span class='ocrx_word' id='word_1_1' title='bbox 911 326 1006 377; x_wconf 84' lang='lat' dir='ltr'><strong>lx.</strong></span> <span class='ocrx_word' id='word_1_2' title='bbox 1090 324 1723 381; x_wconf 73' lang='lat' dir='ltr'><strong>PAENlTEN&#39;rlA.</strong></span> <span class='ocrx_word' id='word_1_3' title='bbox 2303 339 2375 387; x_wconf 76' lang='lat'><strong>59</strong></span> 
     </span>
    </p>
   </div>
   <div class='ocr_carea' id='block_1_2' title="bbox 258 478 2421 4311">
    <p class='ocr_par' dir='ltr' id='par_1_2' title="bbox 265 478 2375 771">
     <span class='ocr_line' id='line_1_2' title="bbox 270 478 2375 574; baseline 0 -29"><span class='ocrx_word' id='word_1_4' title='bbox 270 482 588 573; x_wconf 71' lang='lat' dir='ltr'><strong>perantia,-</strong></span> <span class='ocrx_word' id='word_1_5' title='bbox 659 478 994 548; x_wconf 64' lang='lat' dir='ltr'><strong>Phar-isaac</strong></span> <span class='ocrx_word' id='word_1_6' title='bbox 1044 501 1217 546; x_wconf 83' lang='lat' dir='ltr'><strong>caeoe</strong></span> <span class='ocrx_word' id='word_1_7' title='bbox 1230 493 1266 555; x_wconf 86' lang='lat'><strong>,·</strong></span> <span class='ocrx_word' id='word_1_8' title='bbox 1310 502 1516 571; x_wconf 79' lang='lat' dir='ltr'><strong>purga</strong></span> <span class='ocrx_word' id='word_1_9' title='bbox 1548 484 1724 571; x_wconf 81' lang='lat' dir='ltr'><strong>prius</strong></span> <span class='ocrx_word' id='word_1_10' title='bbox 1774 484 2021 548; x_wconf 79' lang='lat' dir='ltr'><strong>imerius</strong></span> <span class='ocrx_word' id='word_1_11' title='bbox 2066 480 2281 574; x_wconf 75' lang='lat' dir='ltr'><strong>poculi</strong></span> <span class='ocrx_word' id='word_1_12' title='bbox 2317 495 2375 546; x_wconf 77' lang='lat' dir='ltr'><strong>et</strong></span> 
     </span>
     <span class='ocr_line' id='line_1_3' title="bbox 265 578 2371 675; baseline -0 -29"><span class='ocrx_word' id='word_1_13' title='bbox 265 585 541 675; x_wconf 74' lang='lat' dir='ltr'><strong>patinae,</strong></span> <span class='ocrx_word' id='word_1_14' title='bbox 569 580 774 672; x_wconf 80' lang='lat' dir='ltr'><strong>utfiat</strong></span> <span class='ocrx_word' id='word_1_15' title='bbox 798 584 975 647; x_wconf 80' lang='lat' dir='ltr'><strong>etiam</strong></span> <span class='ocrx_word' id='word_1_16' title='bbox 1000 584 1269 646; x_wconf 76' lang='lat' dir='ltr'><strong>exterius</strong></span> <span class='ocrx_word' id='word_1_17' title='bbox 1291 578 1635 657; x_wconf 75' lang='lat' dir='ltr'><strong>mundum,“</strong></span> <span class='ocrx_word' id='word_1_18' title='bbox 1674 581 1813 670; x_wconf 78' lang='lat' dir='ltr'><strong>Cap.</strong></span> <span class='ocrx_word' id='word_1_19' title='bbox 1837 582 2076 648; x_wconf 86' lang='lat' dir='ltr'>XXIII:</span> <span class='ocrx_word' id='word_1_20' title='bbox 2107 586 2211 647; x_wconf 78' lang='lat'><strong>25.</strong></span> <span class='ocrx_word' id='word_1_21' title='bbox 2241 588 2371 659; x_wconf 65' lang='lat'><strong>26„</strong></span> 
     </span>
     <span class='ocr_line' id='line_1_4' title="bbox 274 682 1113 771; baseline -0.004 -24"><span class='ocrx_word' id='word_1_22' title='bbox 274 692 338 747; x_wconf 85' lang='lat' dir='ltr'><strong>et</strong></span> <span class='ocrx_word' id='word_1_23' title='bbox 363 682 532 771; x_wconf 85' lang='lat' dir='ltr'><strong>plura</strong></span> <span class='ocrx_word' id='word_1_24' title='bbox 569 682 629 744; x_wconf 89' lang='lat' dir='ltr'><strong>in</strong></span> <span class='ocrx_word' id='word_1_25' title='bbox 658 683 867 746; x_wconf 87' lang='lat' dir='ltr'><strong>eodem</strong></span> <span class='ocrx_word' id='word_1_26' title='bbox 893 682 1113 770; x_wconf 82' lang='lat' dir='ltr'><strong>Capite.</strong></span> 
     </span>
    </p>

    <p class='ocr_par' dir='ltr' id='par_1_3' title="bbox 258 782 2421 4209">
     <span class='ocr_line' id='line_1_5' title="bbox 308 782 2374 873; baseline 0 -26"><span class='ocrx_word' id='word_1_27' title='bbox 308 801 315 804; x_wconf 86' lang='grc'><strong><em>·</em></strong></span> <span class='ocrx_word' id='word_1_28' title='bbox 422 787 581 847; x_wconf 75' lang='grc'><strong>518.</strong></span> <span class='ocrx_word' id='word_1_29' title='bbox 639 783 704 845; x_wconf 89' lang='lat' dir='ltr'><strong>In</strong></span> <span class='ocrx_word' id='word_1_30' title='bbox 731 783 902 847; x_wconf 83' lang='lat' dir='ltr'><strong>simili</strong></span> <span class='ocrx_word' id='word_1_31' title='bbox 929 783 1298 873; x_wconf 77' lang='lat' dir='ltr'><strong>hypocritico</strong></span> <span class='ocrx_word' id='word_1_32' title='bbox 1325 782 1486 846; x_wconf 85' lang='lat' dir='ltr'><strong>cultu</strong></span> <span class='ocrx_word' id='word_1_33' title='bbox 1514 792 1651 847; x_wconf 88' lang='lat' dir='ltr'><strong>sunt</strong></span> <span class='ocrx_word' id='word_1_34' title='bbox 1677 782 1758 846; x_wconf 89' lang='lat' dir='ltr'><strong>illi</strong></span> <span class='ocrx_word' id='word_1_35' title='bbox 1798 783 1896 868; x_wconf 87' lang='lat' dir='ltr'><strong>qui</strong></span> <span class='ocrx_word' id='word_1_36' title='bbox 1937 784 2092 871; x_wconf 84' lang='lat' dir='ltr'><strong>apud</strong></span> <span class='ocrx_word' id='word_1_37' title='bbox 2131 804 2194 847; x_wconf 83' lang='lat' dir='ltr'><strong>se</strong></span> <span class='ocrx_word' id='word_1_38' title='bbox 2235 806 2374 848; x_wconf 86' lang='lat' dir='ltr'><strong>con·</strong></span> 
     </span>
     <span class='ocr_line' id='line_1_6' title="bbox 270 883 2372 971; baseline -0.001 -20"><span class='ocrx_word' id='word_1_39' title='bbox 270 884 665 951; x_wconf 82' lang='lat' dir='ltr'><strong>firmaverunt</strong></span> <span class='ocrx_word' id='word_1_40' title='bbox 707 885 912 950; x_wconf 82' lang='lat' dir='ltr'>Fidem</span> <span class='ocrx_word' id='word_1_41' title='bbox 939 884 1317 957; x_wconf 71' lang='lat' dir='ltr'>hodiernam,</span> <span class='ocrx_word' id='word_1_42' title='bbox 1371 884 1530 968; x_wconf 86' lang='lat' dir='ltr'><strong>quod</strong></span> <span class='ocrx_word' id='word_1_43' title='bbox 1558 883 1849 948; x_wconf 86' lang='lat' dir='ltr'>Dominus</span> <span class='ocrx_word' id='word_1_44' title='bbox 1893 907 1993 971; x_wconf 85' lang='lat' dir='ltr'><strong>per</strong></span> <span class='ocrx_word' id='word_1_45' title='bbox 2032 884 2372 949; x_wconf 81' lang='lat' dir='ltr'><strong>Passionem</strong></span> 
     </span>
     <span class='ocr_line' id='line_1_7' title="bbox 270 984 2378 1074; baseline -0.001 -23"><span class='ocrx_word' id='word_1_46' title='bbox 270 987 470 1051; x_wconf 84' lang='lat' dir='ltr'><strong>erucis</strong></span> <span class='ocrx_word' id='word_1_47' title='bbox 511 986 808 1052; x_wconf 81' lang='lat' dir='ltr'><strong>sustulerit</strong></span> <span class='ocrx_word' id='word_1_48' title='bbox 849 985 1045 1050; x_wconf 87' lang='lat' dir='ltr'><strong>omnia</strong></span> <span class='ocrx_word' id='word_1_49' title='bbox 1093 995 1332 1074; x_wconf 86' lang='lat' dir='ltr'><strong>peccata</strong></span> <span class='ocrx_word' id='word_1_50' title='bbox 1376 984 1622 1061; x_wconf 87' lang='lat' dir='ltr'><strong>Mundi,</strong></span> <span class='ocrx_word' id='word_1_51' title='bbox 1688 994 1745 1048; x_wconf 87' lang='lat' dir='ltr'><strong>et</strong></span> <span class='ocrx_word' id='word_1_52' title='bbox 1796 1007 1901 1071; x_wconf 88' lang='lat' dir='ltr'><strong>per</strong></span> <span class='ocrx_word' id='word_1_53' title='bbox 1939 986 1999 1049; x_wconf 88' lang='lat' dir='ltr'><strong>id</strong></span> <span class='ocrx_word' id='word_1_54' title='bbox 2044 986 2378 1070; x_wconf 81' lang='lat' dir='ltr'><strong>intelligunt</strong></span> 
     </span>
     <span class='ocr_line' id='line_1_8' title="bbox 274 1084 2377 1175; baseline -0.001 -22"><span class='ocrx_word' id='word_1_55' title='bbox 274 1088 566 1175; x_wconf 80' lang='lat' dir='ltr'><strong>cujusvis,</strong></span> <span class='ocrx_word' id='word_1_56' title='bbox 619 1087 797 1151; x_wconf 87' lang='lat' dir='ltr'><strong>modo</strong></span> <span class='ocrx_word' id='word_1_57' title='bbox 825 1096 996 1150; x_wconf 85' lang='lat' dir='ltr'><strong>orent</strong></span> <span class='ocrx_word' id='word_1_58' title='bbox 1024 1084 1308 1156; x_wconf 81' lang='lat' dir='ltr'><strong>formulas</strong></span> <span class='ocrx_word' id='word_1_59' title='bbox 1337 1086 1414 1149; x_wconf 86' lang='lat' dir='ltr'><strong>de</strong></span> <span class='ocrx_word' id='word_1_60' title='bbox 1438 1086 1867 1173; x_wconf 85' lang='lat' dir='ltr'><strong>Propitiatione</strong></span> <span class='ocrx_word' id='word_1_61' title='bbox 1894 1096 1953 1149; x_wconf 83' lang='lat' dir='ltr'><strong>et</strong></span> <span class='ocrx_word' id='word_1_62' title='bbox 1981 1086 2377 1159; x_wconf 81' lang='lat' dir='ltr'><strong>Mediatione;</strong></span> 
     </span>
     <span class='ocr_line' id='line_1_9' title="bbox 270 1187 2421 1282; baseline -0 -30"><span class='ocrx_word' id='word_1_63' title='bbox 270 1190 514 1280; x_wconf 85' lang='lat' dir='ltr'><strong>quidam</strong></span> <span class='ocrx_word' id='word_1_64' title='bbox 555 1211 626 1252; x_wconf 83' lang='lat' dir='ltr'><strong>ex</strong></span> <span class='ocrx_word' id='word_1_65' title='bbox 664 1188 753 1252; x_wconf 86' lang='lat' dir='ltr'><strong>his</strong></span> <span class='ocrx_word' id='word_1_66' title='bbox 800 1198 1040 1273; x_wconf 75' lang='lat' dir='ltr'>possunt</span> <span class='ocrx_word' id='word_1_67' title='bbox 1080 1208 1256 1276; x_wconf 84' lang='lat' dir='ltr'><strong>super</strong></span> <span class='ocrx_word' id='word_1_68' title='bbox 1279 1187 1584 1273; x_wconf 74' lang='lat' dir='ltr'><strong>suggestis</strong></span> <span class='ocrx_word' id='word_1_69' title='bbox 1619 1187 1778 1250; x_wconf 84' lang='lat' dir='ltr'><strong>elata</strong></span> <span class='ocrx_word' id='word_1_70' title='bbox 1820 1208 1969 1252; x_wconf 82' lang='lat' dir='ltr'><strong>voce</strong></span> <span class='ocrx_word' id='word_1_71' title='bbox 2006 1197 2065 1250; x_wconf 92' lang='lat' dir='ltr'><strong>et</strong></span> <span class='ocrx_word' id='word_1_72' title='bbox 2099 1187 2252 1256; x_wconf 79' lang='lat' dir='ltr'><strong>sicut</strong></span> <span class='ocrx_word' id='word_1_73' title='bbox 2278 1208 2376 1251; x_wconf 84' lang='lat' dir='ltr'><strong>ar-</strong></span> <span class='ocrx_word' id='word_1_74' title='bbox 2413 1274 2421 1282; x_wconf 19' lang='grc' dir='ltr'><strong><em>ι</em></strong></span> 
     </span>
     <span class='ocr_line' id='line_1_10' title="bbox 270 1285 2407 1380; baseline -0.001 -27"><span class='ocrx_word' id='word_1_75' title='bbox 270 1290 454 1354; x_wconf 82' lang='lat' dir='ltr'><strong>dente</strong></span> <span class='ocrx_word' id='word_1_76' title='bbox 481 1290 607 1354; x_wconf 88' lang='lat' dir='ltr'><strong>zelo</strong></span> <span class='ocrx_word' id='word_1_77' title='bbox 625 1336 642 1364; x_wconf 95' lang='lat'><strong>,</strong></span> <span class='ocrx_word' id='word_1_78' title='bbox 684 1287 994 1353; x_wconf 77' lang='lat' dir='ltr'><strong>effundere</strong></span> <span class='ocrx_word' id='word_1_79' title='bbox 1033 1289 1215 1353; x_wconf 86' lang='lat' dir='ltr'><strong>multa</strong></span> <span class='ocrx_word' id='word_1_80' title='bbox 1255 1297 1457 1352; x_wconf 78' lang='lat' dir='ltr'><strong>sancta</strong></span> <span class='ocrx_word' id='word_1_81' title='bbox 1483 1288 1556 1354; x_wconf 78' lang='lat' dir='ltr'><strong>de</strong></span> <span class='ocrx_word' id='word_1_82' title='bbox 1584 1288 1954 1380; x_wconf 80' lang='lat' dir='ltr'><strong>Paenitentia</strong></span> <span class='ocrx_word' id='word_1_83' title='bbox 1982 1298 2042 1352; x_wconf 86' lang='lat' dir='ltr'><strong>et</strong></span> <span class='ocrx_word' id='word_1_84' title='bbox 2066 1290 2140 1353; x_wconf 87' lang='lat' dir='ltr'><strong>de</strong></span> <span class='ocrx_word' id='word_1_85' title='bbox 2168 1285 2407 1354; x_wconf 83' lang='lat' dir='ltr'><strong>Chari-&#39;</strong></span> 
     </span>
     <span class='ocr_line' id='line_1_11' title="bbox 269 1390 2376 1477; baseline -0.002 -22"><span class='ocrx_word' id='word_1_86' title='bbox 269 1400 427 1467; x_wconf 76' lang='lat' dir='ltr'><strong>tate,</strong></span> <span class='ocrx_word' id='word_1_87' title='bbox 479 1412 551 1455; x_wconf 88' lang='lat' dir='ltr'><strong>ac</strong></span> <span class='ocrx_word' id='word_1_88' title='bbox 589 1401 904 1476; x_wconf 80' lang='lat' dir='ltr'><strong>utramque</strong></span> <span class='ocrx_word' id='word_1_89' title='bbox 935 1391 1252 1477; x_wconf 73' lang='lat' dir='ltr'><strong>opinantur</strong></span> <span class='ocrx_word' id='word_1_90' title='bbox 1289 1410 1502 1456; x_wconf 77' lang='lat' dir='ltr'><strong>vanam</strong></span> <span class='ocrx_word' id='word_1_91' title='bbox 1545 1390 1620 1454; x_wconf 79' lang='lat' dir='ltr'><strong>ad</strong></span> <span class='ocrx_word' id='word_1_92' title='bbox 1661 1390 1946 1465; x_wconf 83' lang='lat' dir='ltr'><strong>salutem,</strong></span> <span class='ocrx_word' id='word_1_93' title='bbox 1999 1412 2134 1454; x_wconf 83' lang='lat' dir='ltr'><strong>nam</strong></span> <span class='ocrx_word' id='word_1_94' title='bbox 2173 1391 2376 1477; x_wconf 71' lang='lat' dir='ltr'><strong>poeni-</strong></span> 
     </span>
     <span class='ocr_line' id='line_1_12' title="bbox 270 1490 2375 1578; baseline -0 -22"><span class='ocrx_word' id='word_1_95' title='bbox 270 1495 520 1558; x_wconf 76' lang='lat' dir='ltr'><strong>tentiam</strong></span> <span class='ocrx_word' id='word_1_96' title='bbox 548 1514 667 1556; x_wconf 88' lang='lat' dir='ltr'><strong>non</strong></span> <span class='ocrx_word' id='word_1_97' title='bbox 694 1492 1267 1578; x_wconf 79' lang='lat' dir='ltr'><strong>aliamintelligunt,</strong></span> <span class='ocrx_word' id='word_1_98' title='bbox 1320 1512 1498 1575; x_wconf 81' lang='lat' dir='ltr'><strong>qnam</strong></span> <span class='ocrx_word' id='word_1_99' title='bbox 1530 1490 1975 1566; x_wconf 76' lang='lat' dir='ltr'><strong>Confessionem</strong></span> <span class='ocrx_word' id='word_1_100' title='bbox 2005 1490 2261 1566; x_wconf 82' lang='lat' dir='ltr'><strong>oralem,</strong></span> <span class='ocrx_word' id='word_1_101' title='bbox 2314 1502 2375 1555; x_wconf 86' lang='lat' dir='ltr'><strong>et</strong></span> 
     </span>
     <span class='ocr_line' id='line_1_13' title="bbox 272 1591 2376 1680; baseline -0.001 -22"><span class='ocrx_word' id='word_1_102' title='bbox 272 1594 639 1664; x_wconf 70' lang='lat' dir='ltr'><strong>Chai-itatem</strong></span> <span class='ocrx_word' id='word_1_103' title='bbox 667 1615 798 1661; x_wconf 61' lang='lat' dir='ltr'><strong>‚non</strong></span> <span class='ocrx_word' id='word_1_104' title='bbox 827 1593 1002 1657; x_wconf 86' lang='lat' dir='ltr'><strong>aliam</strong></span> <span class='ocrx_word' id='word_1_105' title='bbox 1030 1615 1209 1679; x_wconf 82' lang='lat' dir='ltr'><strong>quam</strong></span> <span class='ocrx_word' id='word_1_106' title='bbox 1236 1591 1566 1663; x_wconf 70' lang='lat' dir='ltr'><strong>forensetm</strong></span> <span class='ocrx_word' id='word_1_107' title='bbox 1607 1594 1722 1680; x_wconf 22' lang='lat' dir='ltr'><strong>ised</strong></span> <span class='ocrx_word' id='word_1_108' title='bbox 1751 1593 1893 1656; x_wconf 83' lang='lat' dir='ltr'><strong>illud</strong></span> <span class='ocrx_word' id='word_1_109' title='bbox 1924 1592 2149 1656; x_wconf 79' lang='lat' dir='ltr'><strong>faciunt</strong></span> <span class='ocrx_word' id='word_1_110' title='bbox 2175 1593 2376 1679; x_wconf 88' lang='lat' dir='ltr'><strong>populi</strong></span> 
     </span>
     <span class='ocr_line' id='line_1_14' title="bbox 274 1692 2373 1782; baseline 0 -24"><span class='ocrx_word' id='word_1_111' title='bbox 274 1697 501 1782; x_wconf 61' lang='lat' dir='ltr'><strong>gratia:</strong></span> <span class='ocrx_word' id='word_1_112' title='bbox 567 1696 648 1759; x_wconf 91' lang='lat' dir='ltr'><strong>Hi</strong></span> <span class='ocrx_word' id='word_1_113' title='bbox 691 1704 826 1759; x_wconf 81' lang='lat' dir='ltr'><strong>sunt</strong></span> <span class='ocrx_word' id='word_1_114' title='bbox 847 1742 864 1769; x_wconf 91' lang='lat'><strong>,</strong></span> <span class='ocrx_word' id='word_1_115' title='bbox 933 1694 1032 1779; x_wconf 88' lang='lat' dir='ltr'><strong>qui</strong></span> <span class='ocrx_word' id='word_1_116' title='bbox 1090 1715 1194 1779; x_wconf 85' lang='lat' dir='ltr'><strong>per</strong></span> <span class='ocrx_word' id='word_1_117' title='bbox 1232 1692 1380 1758; x_wconf 85' lang='lat' dir='ltr'><strong>haec</strong></span> <span class='ocrx_word' id='word_1_118' title='bbox 1423 1693 1665 1758; x_wconf 85' lang='lat' dir='ltr'><strong>Domini</strong></span> <span class='ocrx_word' id='word_1_119' title='bbox 1725 1695 1906 1757; x_wconf 83' lang='lat' dir='ltr'><strong>verba</strong></span> <span class='ocrx_word' id='word_1_120' title='bbox 1962 1692 2373 1780; x_wconf 78' lang='lat' dir='ltr'><strong>intelliguntur</strong></span> 
     </span>
     <span class='ocr_line' id='line_1_15' title="bbox 272 1793 2380 1886; baseline 0 -27"><span class='ocrx_word' id='word_1_121' title='bbox 272 1794 511 1873; x_wconf 75' lang='lat' dir='ltr'><strong>„Multi</strong></span> <span class='ocrx_word' id='word_1_122' title='bbox 535 1794 733 1861; x_wconf 82' lang='lat' dir='ltr'><strong>dicent</strong></span> <span class='ocrx_word' id='word_1_123' title='bbox 757 1793 924 1861; x_wconf 74' lang='lat' dir='ltr'><strong>Mihi</strong></span> <span class='ocrx_word' id='word_1_124' title='bbox 948 1799 1010 1859; x_wconf 81' lang='lat' dir='ltr'><strong>in</strong></span> <span class='ocrx_word' id='word_1_125' title='bbox 1038 1793 1149 1859; x_wconf 79' lang='lat' dir='ltr'><strong>illo</strong></span> <span class='ocrx_word' id='word_1_126' title='bbox 1175 1794 1307 1870; x_wconf 86' lang='lat' dir='ltr'><strong>die,</strong></span> <span class='ocrx_word' id='word_1_127' title='bbox 1363 1794 1650 1871; x_wconf 77' lang='lat' dir='ltr'><strong>Domine,</strong></span> <span class='ocrx_word' id='word_1_128' title='bbox 1701 1795 1994 1870; x_wconf 78' lang='lat' dir='ltr'><strong>Domine,</strong></span> <span class='ocrx_word' id='word_1_129' title='bbox 2046 1817 2246 1860; x_wconf 79' lang='lat' dir='ltr'><strong>nonne</strong></span> <span class='ocrx_word' id='word_1_130' title='bbox 2262 1816 2380 1886; x_wconf 81' lang='lat' dir='ltr'><strong>per</strong></span> 
     </span>
     <span class='ocr_line' id='line_1_16' title="bbox 271 1894 2373 1989; baseline -0.002 -25"><span class='ocrx_word' id='word_1_131' title='bbox 271 1897 721 1966; x_wconf 54' lang='lat' dir='ltr'><strong>Nomentuum</strong></span> <span class='ocrx_word' id='word_1_132' title='bbox 750 1897 1272 1989; x_wconf 74' lang='lat' dir='ltr'><strong>prophetavimus,</strong></span> <span class='ocrx_word' id='word_1_133' title='bbox 1323 1909 1381 1959; x_wconf 73' lang='lat' dir='ltr'><strong>et</strong></span> <span class='ocrx_word' id='word_1_134' title='bbox 1406 1899 1468 1959; x_wconf 81' lang='lat' dir='ltr'><strong>in</strong></span> <span class='ocrx_word' id='word_1_135' title='bbox 1494 1896 1762 1962; x_wconf 81' lang='lat' dir='ltr'><strong>Nomine</strong></span> <span class='ocrx_word' id='word_1_136' title='bbox 1786 1909 1889 1962; x_wconf 83' lang='lat' dir='ltr'><strong>tuo</strong></span> <span class='ocrx_word' id='word_1_137' title='bbox 1918 1899 2188 1961; x_wconf 65' lang='lat' dir='ltr'><strong>virtutes,</strong></span> <span class='ocrx_word' id='word_1_138' title='bbox 2219 1894 2373 1960; x_wconf 80' lang='lat' dir='ltr'><strong>mul·</strong></span> 
     </span>
     <span class='ocr_line' id='line_1_17' title="bbox 272 1989 2377 2087; baseline -0.001 -23"><span class='ocrx_word' id='word_1_139' title='bbox 272 2012 372 2064; x_wconf 83' lang='lat' dir='ltr'><strong>tas</strong></span> <span class='ocrx_word' id='word_1_140' title='bbox 393 1996 698 2086; x_wconf 80' lang='lat' dir='ltr'><strong>fecimus,</strong></span> <span class='ocrx_word' id='word_1_141' title='bbox 751 1999 863 2061; x_wconf 85' lang='lat' dir='ltr'><strong>sed</strong></span> <span class='ocrx_word' id='word_1_142' title='bbox 899 2011 1039 2064; x_wconf 77' lang='lat' dir='ltr'><strong>tunc</strong></span> <span class='ocrx_word' id='word_1_143' title='bbox 1080 1994 1418 2087; x_wconf 77' lang='lat' dir='ltr'><strong>confitebor</strong></span> <span class='ocrx_word' id='word_1_144' title='bbox 1446 1989 1573 2061; x_wconf 81' lang='lat' dir='ltr'><strong>illis</strong></span> <span class='ocrx_word' id='word_1_145' title='bbox 1594 2047 1607 2068; x_wconf 88' lang='lat'><strong>‚</strong></span> <span class='ocrx_word' id='word_1_146' title='bbox 1662 2021 1782 2062; x_wconf 82' lang='lat' dir='ltr'><strong>non</strong></span> <span class='ocrx_word' id='word_1_147' title='bbox 1810 1999 1947 2060; x_wconf 74' lang='lat' dir='ltr'><strong>novi</strong></span> <span class='ocrx_word' id='word_1_148' title='bbox 1971 2021 2128 2072; x_wconf 78' lang='lat' dir='ltr'><strong>vos,</strong></span> <span class='ocrx_word' id='word_1_149' title='bbox 2181 1995 2377 2061; x_wconf 77' lang='lat' dir='ltr'><strong>disce-</strong></span> 
     </span>
     <span class='ocr_line' id='line_1_18' title="bbox 274 2095 2374 2191; baseline -0.001 -27"><span class='ocrx_word' id='word_1_150' title='bbox 274 2097 405 2176; x_wconf 78' lang='lat' dir='ltr'><strong>dite</strong></span> <span class='ocrx_word' id='word_1_151' title='bbox 444 2123 485 2163; x_wconf 92' lang='lat' dir='ltr'><strong><em>a</em></strong></span> <span class='ocrx_word' id='word_1_152' title='bbox 513 2100 622 2163; x_wconf 87' lang='lat' dir='ltr'><strong>Me</strong></span> <span class='ocrx_word' id='word_1_153' title='bbox 653 2101 919 2191; x_wconf 70' lang='lat' dir='ltr'><strong>operarii</strong></span> <span class='ocrx_word' id='word_1_154' title='bbox 954 2099 1358 2187; x_wconf 80' lang='lat' dir='ltr'><strong>iniquitatis‚“</strong></span> <span class='ocrx_word' id='word_1_155' title='bbox 1412 2095 1620 2160; x_wconf 74' lang='lat' dir='ltr'><strong>Matth.</strong></span> <span class='ocrx_word' id='word_1_156' title='bbox 1652 2097 1799 2161; x_wconf 81' lang='lat' dir='ltr'><strong>Vll:</strong></span> <span class='ocrx_word' id='word_1_157' title='bbox 1832 2102 1956 2161; x_wconf 66' lang='lat'><strong>‘22</strong></span> <span class='ocrx_word' id='word_1_158' title='bbox 2000 2103 2107 2162; x_wconf 76' lang='lat'><strong>23.</strong></span> <span class='ocrx_word' id='word_1_159' title='bbox 2168 2098 2374 2178; x_wconf 83' lang='lat' dir='ltr'><strong>Quon-</strong></span> 
     </span>
     <span class='ocr_line' id='line_1_19' title="bbox 275 2196 2373 2288; baseline 0 -27"><span class='ocrx_word' id='word_1_160' title='bbox 275 2198 425 2263; x_wconf 42' lang='lat' dir='ltr'><strong>dam,</strong></span> <span class='ocrx_word' id='word_1_161' title='bbox 456 2199 519 2260; x_wconf 89' lang='lat' dir='ltr'><strong>in</strong></span> <span class='ocrx_word' id='word_1_162' title='bbox 560 2198 788 2264; x_wconf 87' lang='lat' dir='ltr'><strong>Mundo</strong></span> <span class='ocrx_word' id='word_1_163' title='bbox 828 2197 1126 2283; x_wconf 72' lang='lat' dir='ltr'><strong>spirituali</strong></span> <span class='ocrx_word' id='word_1_164' title='bbox 1173 2196 1371 2262; x_wconf 84' lang='lat' dir='ltr'><strong>audivi</strong></span> <span class='ocrx_word' id='word_1_165' title='bbox 1428 2197 1682 2283; x_wconf 77' lang='lat' dir='ltr'><strong>aliquem</strong></span> <span class='ocrx_word' id='word_1_166' title='bbox 1735 2208 2002 2288; x_wconf 74' lang='lat' dir='ltr'><strong>orantem</strong></span> <span class='ocrx_word' id='word_1_167' title='bbox 2049 2200 2163 2263; x_wconf 83' lang='lat' dir='ltr'><strong>ita:</strong></span> <span class='ocrx_word' id='word_1_168' title='bbox 2219 2198 2373 2263; x_wconf 77' lang='lat' dir='ltr'><strong>Sum</strong></span> 
     </span>
     <span class='ocr_line' id='line_1_20' title="bbox 272 2296 2373 2389; baseline 0.002 -29"><span class='ocrx_word' id='word_1_169' title='bbox 272 2299 489 2387; x_wconf 41' lang='lat' dir='ltr'><strong>:plenus</strong></span> <span class='ocrx_word' id='word_1_170' title='bbox 513 2298 742 2374; x_wconf 85' lang='lat' dir='ltr'><strong>scabie,</strong></span> <span class='ocrx_word' id='word_1_171' title='bbox 795 2298 1088 2384; x_wconf 73' lang='lat' dir='ltr'><strong>leprosus,</strong></span> <span class='ocrx_word' id='word_1_172' title='bbox 1141 2296 1345 2362; x_wconf 80' lang='lat' dir='ltr'><strong>faedus</strong></span> <span class='ocrx_word' id='word_1_173' title='bbox 1370 2298 1448 2361; x_wconf 86' lang='lat' dir='ltr'><strong>ab</strong></span> <span class='ocrx_word' id='word_1_174' title='bbox 1478 2308 1647 2364; x_wconf 85' lang='lat' dir='ltr'><strong>utero</strong></span> <span class='ocrx_word' id='word_1_175' title='bbox 1676 2300 1895 2375; x_wconf 83' lang='lat' dir='ltr'><strong>matris,</strong></span> <span class='ocrx_word' id='word_1_176' title='bbox 1946 2323 2066 2364; x_wconf 88' lang='lat' dir='ltr'><strong>non</strong></span> <span class='ocrx_word' id='word_1_177' title='bbox 2093 2300 2250 2389; x_wconf 85' lang='lat' dir='ltr'><strong>apud</strong></span> <span class='ocrx_word' id='word_1_178' title='bbox 2279 2321 2373 2364; x_wconf 87' lang='lat' dir='ltr'><strong>me</strong></span> 
     </span>
     <span class='ocr_line' id='line_1_21' title="bbox 276 2400 2372 2487; baseline 0.002 -24"><span class='ocrx_word' id='word_1_179' title='bbox 276 2400 574 2483; x_wconf 84' lang='lat' dir='ltr'><strong>integrum</strong></span> <span class='ocrx_word' id='word_1_180' title='bbox 617 2410 706 2464; x_wconf 88' lang='lat' dir='ltr'><strong>est</strong></span> <span class='ocrx_word' id='word_1_181' title='bbox 744 2421 779 2463; x_wconf 83' lang='lat' dir='ltr'><strong>a</strong></span> <span class='ocrx_word' id='word_1_182' title='bbox 820 2401 1010 2487; x_wconf 78' lang='lat' dir='ltr'><strong>capite</strong></span> <span class='ocrx_word' id='word_1_183' title='bbox 1051 2400 1123 2463; x_wconf 88' lang='lat' dir='ltr'><strong>ad</strong></span> <span class='ocrx_word' id='word_1_184' title='bbox 1159 2400 1351 2463; x_wconf 79' lang='lat' dir='ltr'><strong>volam</strong></span> <span class='ocrx_word' id='word_1_185' title='bbox 1381 2401 1575 2485; x_wconf 87' lang='lat' dir='ltr'><strong>pedis,</strong></span> <span class='ocrx_word' id='word_1_186' title='bbox 1630 2410 1747 2465; x_wconf 87' lang='lat' dir='ltr'><strong>non</strong></span> <span class='ocrx_word' id='word_1_187' title='bbox 1778 2401 1987 2487; x_wconf 79' lang='lat' dir='ltr'><strong>dignus</strong></span> <span class='ocrx_word' id='word_1_188' title='bbox 2013 2425 2139 2466; x_wconf 87' lang='lat' dir='ltr'><strong>sum</strong></span> <span class='ocrx_word' id='word_1_189' title='bbox 2170 2404 2372 2467; x_wconf 86' lang='lat' dir='ltr'><strong>levare</strong></span> 
     </span>
     <span class='ocr_line' id='line_1_22' title="bbox 276 2501 2373 2576; baseline 0.001 -11"><span class='ocrx_word' id='word_1_190' title='bbox 276 2501 481 2565; x_wconf 81' lang='lat' dir='ltr'><strong>oculos</strong></span> <span class='ocrx_word' id='word_1_191' title='bbox 505 2523 737 2565; x_wconf 84' lang='lat' dir='ltr'><strong>sursum</strong></span> <span class='ocrx_word' id='word_1_192' title='bbox 767 2502 842 2564; x_wconf 85' lang='lat' dir='ltr'><strong>ad</strong></span> <span class='ocrx_word' id='word_1_193' title='bbox 873 2501 1083 2576; x_wconf 81' lang='lat' dir='ltr'><strong>Deum,</strong></span> <span class='ocrx_word' id='word_1_194' title='bbox 1128 2523 1257 2564; x_wconf 89' lang='lat' dir='ltr'><strong>sum</strong></span> <span class='ocrx_word' id='word_1_195' title='bbox 1283 2523 1417 2566; x_wconf 89' lang='lat' dir='ltr'><strong>reus</strong></span> <span class='ocrx_word' id='word_1_196' title='bbox 1446 2503 1652 2566; x_wconf 89' lang='lat' dir='ltr'><strong>mortis</strong></span> <span class='ocrx_word' id='word_1_197' title='bbox 1676 2513 1734 2567; x_wconf 93' lang='lat' dir='ltr'><strong>et</strong></span> <span class='ocrx_word' id='word_1_198' title='bbox 1764 2503 2155 2569; x_wconf 77' lang='lat' dir='ltr'><strong>damnationis</strong></span> <span class='ocrx_word' id='word_1_199' title='bbox 2180 2513 2373 2569; x_wconf 82' lang='lat' dir='ltr'><strong>aeter·</strong></span> 
     </span>
     <span class='ocr_line' id='line_1_23' title="bbox 272 2600 2368 2692; baseline 0.002 -27"><span class='ocrx_word' id='word_1_200' title='bbox 272 2623 404 2678; x_wconf 82' lang='lat' dir='ltr'><strong>nae,</strong></span> <span class='ocrx_word' id='word_1_201' title='bbox 459 2603 733 2666; x_wconf 79' lang='lat' dir='ltr'><strong>miserere</strong></span> <span class='ocrx_word' id='word_1_202' title='bbox 764 2602 875 2665; x_wconf 87' lang='lat' dir='ltr'><strong>mei</strong></span> <span class='ocrx_word' id='word_1_203' title='bbox 905 2611 1144 2689; x_wconf 87' lang='lat' dir='ltr'><strong>propter</strong></span> <span class='ocrx_word' id='word_1_204' title='bbox 1174 2600 1384 2666; x_wconf 88' lang='lat' dir='ltr'><strong>Filium</strong></span> <span class='ocrx_word' id='word_1_205' title='bbox 1417 2612 1613 2676; x_wconf 88' lang='lat' dir='ltr'><strong>tunm,</strong></span> <span class='ocrx_word' id='word_1_206' title='bbox 1657 2604 1945 2690; x_wconf 81' lang='lat' dir='ltr'><strong>sanguine</strong></span> <span class='ocrx_word' id='word_1_207' title='bbox 1974 2605 2099 2691; x_wconf 85' lang='lat' dir='ltr'><strong>ejus</strong></span> <span class='ocrx_word' id='word_1_208' title='bbox 2125 2603 2368 2692; x_wconf 86' lang='lat' dir='ltr'><strong>purifica</strong></span> 
     </span>
     <span class='ocr_line' id='line_1_24' title="bbox 269 2704 2371 2792; baseline 0.001 -26"><span class='ocrx_word' id='word_1_209' title='bbox 269 2724 397 2777; x_wconf 89' lang='lat' dir='ltr'><strong>me,</strong></span> <span class='ocrx_word' id='word_1_210' title='bbox 451 2705 510 2781; x_wconf 82' lang='lat' dir='ltr'><strong>in</strong></span> <span class='ocrx_word' id='word_1_211' title='bbox 540 2704 908 2792; x_wconf 86' lang='lat' dir='ltr'><strong>beneplacito</strong></span> <span class='ocrx_word' id='word_1_212' title='bbox 949 2714 1050 2766; x_wconf 87' lang='lat' dir='ltr'><strong>tuo</strong></span> <span class='ocrx_word' id='word_1_213' title='bbox 1090 2713 1179 2768; x_wconf 91' lang='lat' dir='ltr'><strong>est</strong></span> <span class='ocrx_word' id='word_1_214' title='bbox 1215 2704 1372 2768; x_wconf 82' lang='lat' dir='ltr'><strong>salus</strong></span> <span class='ocrx_word' id='word_1_215' title='bbox 1412 2706 1705 2779; x_wconf 86' lang='lat' dir='ltr'><strong>omnium,</strong></span> <span class='ocrx_word' id='word_1_216' title='bbox 1758 2705 2011 2792; x_wconf 84' lang='lat' dir='ltr'><strong>imploro</strong></span> <span class='ocrx_word' id='word_1_217' title='bbox 2039 2705 2371 2771; x_wconf 84' lang='lat' dir='ltr'><strong>misericor·</strong></span> 
     </span>
     <span class='ocr_line' id='line_1_25' title="bbox 264 2804 2371 2893; baseline 0.001 -24"><span class='ocrx_word' id='word_1_218' title='bbox 264 2805 442 2886; x_wconf 78' lang='lat' dir='ltr'><strong>diam.</strong></span> <span class='ocrx_word' id='word_1_219' title='bbox 497 2804 813 2870; x_wconf 84' lang='lat' dir='ltr'><strong>Adstantes</strong></span> <span class='ocrx_word' id='word_1_220' title='bbox 852 2804 940 2869; x_wconf 90' lang='lat' dir='ltr'><strong>his</strong></span> <span class='ocrx_word' id='word_1_221' title='bbox 981 2806 1191 2869; x_wconf 85' lang='lat' dir='ltr'><strong>auditis</strong></span> <span class='ocrx_word' id='word_1_222' title='bbox 1221 2807 1674 2890; x_wconf 84' lang='lat' dir='ltr'><strong>quaesiverunt,</strong></span> <span class='ocrx_word' id='word_1_223' title='bbox 1725 2805 1882 2868; x_wconf 88' lang='lat' dir='ltr'><strong>unde</strong></span> <span class='ocrx_word' id='word_1_224' title='bbox 1909 2806 2022 2871; x_wconf 88' lang='lat' dir='ltr'><strong>scis</strong></span> <span class='ocrx_word' id='word_1_225' title='bbox 2049 2807 2206 2893; x_wconf 86' lang='lat' dir='ltr'><strong>quod</strong></span> <span class='ocrx_word' id='word_1_226' title='bbox 2234 2806 2371 2871; x_wconf 82' lang='lat' dir='ltr'><strong>talis</strong></span> 
     </span>
     <span class='ocr_line' id='line_1_26' title="bbox 263 2905 2369 2992; baseline 0.001 -21"><span class='ocrx_word' id='word_1_227' title='bbox 263 2906 391 2980; x_wconf 63' lang='lat' dir='ltr'><strong>sis„</strong></span> <span class='ocrx_word' id='word_1_228' title='bbox 430 2907 765 2990; x_wconf 87' lang='lat' dir='ltr'><strong>respondit,</strong></span> <span class='ocrx_word' id='word_1_229' title='bbox 813 2907 933 2970; x_wconf 87' lang='lat' dir='ltr'><strong>scio</strong></span> <span class='ocrx_word' id='word_1_230' title='bbox 963 2906 1100 2990; x_wconf 86' lang='lat' dir='ltr'><strong>quia</strong></span> <span class='ocrx_word' id='word_1_231' title='bbox 1129 2906 1360 2979; x_wconf 82' lang='lat' dir='ltr'><strong>audivi;</strong></span> <span class='ocrx_word' id='word_1_232' title='bbox 1414 2908 1515 2971; x_wconf 88' lang='lat' dir='ltr'><strong>sed</strong></span> <span class='ocrx_word' id='word_1_233' title='bbox 1549 2917 1689 2970; x_wconf 86' lang='lat' dir='ltr'><strong>tunc</strong></span> <span class='ocrx_word' id='word_1_234' title='bbox 1715 2907 1926 2972; x_wconf 84' lang='lat' dir='ltr'><strong>missus</strong></span> <span class='ocrx_word' id='word_1_235' title='bbox 1952 2919 2037 2975; x_wconf 86' lang='lat' dir='ltr'><strong>est</strong></span> <span class='ocrx_word' id='word_1_236' title='bbox 2066 2909 2140 2972; x_wconf 86' lang='lat' dir='ltr'><strong>ad</strong></span> <span class='ocrx_word' id='word_1_237' title='bbox 2167 2905 2369 2992; x_wconf 78' lang='lat' dir='ltr'><strong>Ange-</strong></span> 
     </span>
     <span class='ocr_line' id='line_1_27' title="bbox 258 3006 2370 3094; baseline 0.001 -24"><span class='ocrx_word' id='word_1_238' title='bbox 258 3007 357 3071; x_wconf 76' lang='lat' dir='ltr'><strong>los</strong></span> <span class='ocrx_word' id='word_1_239' title='bbox 387 3006 820 3093; x_wconf 82' lang='lat' dir='ltr'><strong>exploratores,</strong></span> <span class='ocrx_word' id='word_1_240' title='bbox 873 3028 1072 3072; x_wconf 82' lang='lat' dir='ltr'><strong>eoram</strong></span> <span class='ocrx_word' id='word_1_241' title='bbox 1106 3006 1319 3092; x_wconf 85' lang='lat' dir='ltr'><strong>quibus</strong></span> <span class='ocrx_word' id='word_1_242' title='bbox 1345 3008 1554 3072; x_wconf 85' lang='lat' dir='ltr'><strong>similia</strong></span> <span class='ocrx_word' id='word_1_243' title='bbox 1586 3008 1865 3094; x_wconf 87' lang='lat' dir='ltr'><strong>loquutus</strong></span> <span class='ocrx_word' id='word_1_244' title='bbox 1892 3018 2010 3085; x_wconf 82' lang='lat' dir='ltr'><strong>est,</strong></span> <span class='ocrx_word' id='word_1_245' title='bbox 2065 3019 2121 3073; x_wconf 82' lang='lat' dir='ltr'><strong>ot</strong></span> <span class='ocrx_word' id='word_1_246' title='bbox 2143 3008 2207 3070; x_wconf 78' lang='lat' dir='ltr'><strong>hi</strong></span> <span class='ocrx_word' id='word_1_247' title='bbox 2239 3018 2370 3093; x_wconf 84' lang='lat' dir='ltr'><strong>post</strong></span> 
     </span>
     <span class='ocr_line' id='line_1_28' title="bbox 263 3107 2367 3196; baseline 0.001 -27"><span class='ocrx_word' id='word_1_248' title='bbox 263 3107 706 3193; x_wconf 78' lang='lat' dir='ltr'><strong>inquisitionem</strong></span> <span class='ocrx_word' id='word_1_249' title='bbox 750 3109 964 3172; x_wconf 86' lang='lat' dir='ltr'><strong>saetam</strong></span> <span class='ocrx_word' id='word_1_250' title='bbox 987 3156 1003 3183; x_wconf 93' lang='lat'><strong>,</strong></span> <span class='ocrx_word' id='word_1_251' title='bbox 1058 3108 1420 3183; x_wconf 87' lang='lat' dir='ltr'><strong>retulerunt,</strong></span> <span class='ocrx_word' id='word_1_252' title='bbox 1474 3108 1631 3195; x_wconf 86' lang='lat' dir='ltr'><strong>quod</strong></span> <span class='ocrx_word' id='word_1_253' title='bbox 1665 3111 1940 3173; x_wconf 60' lang='lat' dir='ltr'><strong>“veritates</strong></span> <span class='ocrx_word' id='word_1_254' title='bbox 1967 3111 2038 3173; x_wconf 87' lang='lat' dir='ltr'><strong>de</strong></span> <span class='ocrx_word' id='word_1_255' title='bbox 2067 3133 2130 3175; x_wconf 88' lang='lat' dir='ltr'><strong>se</strong></span> <span class='ocrx_word' id='word_1_256' title='bbox 2158 3111 2367 3196; x_wconf 84' lang='lat' dir='ltr'><strong>loquu-</strong></span> 
     </span>
     <span class='ocr_line' id='line_1_29' title="bbox 261 3209 2365 3298; baseline 0.001 -27"><span class='ocrx_word' id='word_1_257' title='bbox 261 3217 360 3284; x_wconf 75' lang='lat' dir='ltr'><strong>tus</strong></span> <span class='ocrx_word' id='word_1_258' title='bbox 386 3210 488 3285; x_wconf 64' lang='lat' dir='ltr'><strong>sin</strong></span> <span class='ocrx_word' id='word_1_259' title='bbox 541 3210 831 3297; x_wconf 27' lang='lat' dir='ltr'><strong>sedtquod</strong></span> <span class='ocrx_word' id='word_1_260' title='bbox 859 3226 1042 3296; x_wconf 86' lang='lat' dir='ltr'><strong>usque</strong></span> <span class='ocrx_word' id='word_1_261' title='bbox 1071 3229 1191 3274; x_wconf 90' lang='lat' dir='ltr'><strong>non</strong></span> <span class='ocrx_word' id='word_1_262' title='bbox 1226 3209 1374 3273; x_wconf 82' lang='lat' dir='ltr'><strong>sciat</strong></span> <span class='ocrx_word' id='word_1_263' title='bbox 1414 3231 1595 3273; x_wconf 88' lang='lat' dir='ltr'><strong>unum</strong></span> <span class='ocrx_word' id='word_1_264' title='bbox 1639 3211 1853 3274; x_wconf 88' lang='lat' dir='ltr'><strong>malum</strong></span> <span class='ocrx_word' id='word_1_265' title='bbox 1895 3212 2050 3298; x_wconf 79' lang='lat' dir='ltr'><strong>apud</strong></span> <span class='ocrx_word' id='word_1_266' title='bbox 2077 3233 2172 3285; x_wconf 86' lang='lat' dir='ltr'><strong>se,</strong></span> <span class='ocrx_word' id='word_1_267' title='bbox 2228 3210 2365 3295; x_wconf 79' lang='lat' dir='ltr'><strong>quia</strong></span> 
     </span>
     <span class='ocr_line' id='line_1_30' title="bbox 264 3310 2369 3398; baseline 0.001 -26"><span class='ocrx_word' id='word_1_268' title='bbox 264 3329 560 3397; x_wconf 83' lang='lat' dir='ltr'><strong>nusquam</strong></span> <span class='ocrx_word' id='word_1_269' title='bbox 582 3311 1012 3397; x_wconf 74' lang='lat' dir='ltr'><strong>exploraverat</strong></span> <span class='ocrx_word' id='word_1_270' title='bbox 1052 3331 1147 3384; x_wconf 83' lang='lat' dir='ltr'><strong>se,</strong></span> <span class='ocrx_word' id='word_1_271' title='bbox 1197 3320 1259 3373; x_wconf 90' lang='lat' dir='ltr'><strong>et</strong></span> <span class='ocrx_word' id='word_1_272' title='bbox 1287 3310 1647 3398; x_wconf 84' lang='lat' dir='ltr'><strong>crediderat,</strong></span> <span class='ocrx_word' id='word_1_273' title='bbox 1703 3312 1861 3398; x_wconf 84' lang='lat' dir='ltr'><strong>quod</strong></span> <span class='ocrx_word' id='word_1_274' title='bbox 1890 3311 2044 3375; x_wconf 84' lang='lat' dir='ltr'><strong>mala</strong></span> <span class='ocrx_word' id='word_1_275' title='bbox 2076 3320 2204 3397; x_wconf 86' lang='lat' dir='ltr'><strong>post</strong></span> <span class='ocrx_word' id='word_1_276' title='bbox 2231 3331 2369 3375; x_wconf 85' lang='lat' dir='ltr'><strong>ora·</strong></span> 
     </span>
     <span class='ocr_line' id='line_1_31' title="bbox 263 3409 2368 3499; baseline 0.003 -27"><span class='ocrx_word' id='word_1_277' title='bbox 263 3409 383 3474; x_wconf 87' lang='lat' dir='ltr'><strong>lem</strong></span> <span class='ocrx_word' id='word_1_278' title='bbox 425 3410 848 3476; x_wconf 83' lang='lat' dir='ltr'><strong>confessionem</strong></span> <span class='ocrx_word' id='word_1_279' title='bbox 891 3434 1011 3476; x_wconf 90' lang='lat' dir='ltr'><strong>non</strong></span> <span class='ocrx_word' id='word_1_280' title='bbox 1056 3421 1249 3475; x_wconf 85' lang='lat' dir='ltr'><strong>essent</strong></span> <span class='ocrx_word' id='word_1_281' title='bbox 1296 3411 1546 3499; x_wconf 82' lang='lat' dir='ltr'><strong>amplius</strong></span> <span class='ocrx_word' id='word_1_282' title='bbox 1592 3414 1748 3476; x_wconf 80' lang='lat' dir='ltr'><strong>mala</strong></span> <span class='ocrx_word' id='word_1_283' title='bbox 1785 3434 1984 3478; x_wconf 84' lang='lat' dir='ltr'><strong>coram</strong></span> <span class='ocrx_word' id='word_1_284' title='bbox 2030 3411 2191 3486; x_wconf 87' lang='lat' dir='ltr'><strong>Deo,</strong></span> <span class='ocrx_word' id='word_1_285' title='bbox 2246 3420 2368 3479; x_wconf 81' lang='lat' dir='ltr'><strong>tarn</strong></span> 
     </span>
     <span class='ocr_line' id='line_1_32' title="bbox 263 3500 2371 3600; baseline 0.001 -24"><span class='ocrx_word' id='word_1_286' title='bbox 263 3512 405 3598; x_wconf 90' lang='lat' dir='ltr'><strong>quia</strong></span> <span class='ocrx_word' id='word_1_287' title='bbox 436 3513 600 3577; x_wconf 84' lang='lat' dir='ltr'><strong>Deus</strong></span> <span class='ocrx_word' id='word_1_288' title='bbox 627 3515 845 3587; x_wconf 81' lang='lat' dir='ltr'><strong>avertit·</strong></span> <span class='ocrx_word' id='word_1_289' title='bbox 868 3511 1075 3579; x_wconf 75' lang='lat' dir='ltr'><strong>oeulos</strong></span> <span class='ocrx_word' id='word_1_290' title='bbox 1095 3512 1173 3575; x_wconf 85' lang='lat' dir='ltr'><strong>ab</strong></span> <span class='ocrx_word' id='word_1_291' title='bbox 1198 3512 1347 3586; x_wconf 82' lang='lat' dir='ltr'><strong>illis,</strong></span> <span class='ocrx_word' id='word_1_292' title='bbox 1389 3534 1566 3599; x_wconf 88' lang='lat' dir='ltr'><strong>quam</strong></span> <span class='ocrx_word' id='word_1_293' title='bbox 1597 3516 1734 3600; x_wconf 88' lang='lat' dir='ltr'><strong>quia</strong></span> <span class='ocrx_word' id='word_1_294' title='bbox 1765 3500 2112 3600; x_wconf 85' lang='lat' dir='ltr'><strong>propitiatus</strong></span> <span class='ocrx_word' id='word_1_295' title='bbox 2138 3524 2257 3589; x_wconf 78' lang='lat' dir='ltr'><strong>est,</strong></span> <span class='ocrx_word' id='word_1_296' title='bbox 2312 3523 2371 3583; x_wconf 87' lang='lat' dir='ltr'><strong>et</strong></span> 
     </span>
     <span class='ocr_line' id='line_1_33' title="bbox 264 3596 2369 3700; baseline 0.002 -24"><span class='ocrx_word' id='word_1_297' title='bbox 264 3613 428 3699; x_wconf 85' lang='lat' dir='ltr'><strong>quod</strong></span> <span class='ocrx_word' id='word_1_298' title='bbox 457 3596 913 3700; x_wconf 60' lang='lat' dir='ltr'><strong>propterea&#39;non</strong></span> <span class='ocrx_word' id='word_1_299' title='bbox 943 3613 1250 3699; x_wconf 82' lang='lat' dir='ltr'><strong>resipuerit</strong></span> <span class='ocrx_word' id='word_1_300' title='bbox 1285 3613 1362 3676; x_wconf 81' lang='lat' dir='ltr'><strong>ab</strong></span> <span class='ocrx_word' id='word_1_301' title='bbox 1396 3613 1546 3688; x_wconf 90' lang='lat' dir='ltr'><strong>ullo,</strong></span> <span class='ocrx_word' id='word_1_302' title='bbox 1601 3616 1830 3679; x_wconf 88' lang='lat' dir='ltr'><strong>tametsi</strong></span> <span class='ocrx_word' id='word_1_303' title='bbox 1859 3623 2010 3678; x_wconf 85' lang='lat' dir='ltr'><strong>esset</strong></span> <span class='ocrx_word' id='word_1_304' title='bbox 2037 3615 2267 3680; x_wconf 82' lang='lat' dir='ltr'><strong>adulter</strong></span> <span class='ocrx_word' id='word_1_305' title='bbox 2298 3638 2369 3680; x_wconf 84' lang='lat' dir='ltr'><strong>ex</strong></span> 
     </span>
     <span class='ocr_line' id='line_1_34' title="bbox 265 3713 2369 3801; baseline 0.001 -23"><span class='ocrx_word' id='word_1_306' title='bbox 265 3713 600 3801; x_wconf 86' lang='lat' dir='ltr'><strong>proposito,</strong></span> <span class='ocrx_word' id='word_1_307' title='bbox 654 3716 906 3799; x_wconf 85' lang='lat' dir='ltr'><strong>praedo,</strong></span> <span class='ocrx_word' id='word_1_308' title='bbox 959 3714 1197 3779; x_wconf 85' lang='lat' dir='ltr'><strong>dolosus</strong></span> <span class='ocrx_word' id='word_1_309' title='bbox 1236 3715 1636 3791; x_wconf 81' lang='lat' dir='ltr'><strong>obtrectator,</strong></span> <span class='ocrx_word' id='word_1_310' title='bbox 1692 3716 1989 3781; x_wconf 80' lang='lat' dir='ltr'><strong>etardens</strong></span> <span class='ocrx_word' id='word_1_311' title='bbox 2016 3716 2369 3792; x_wconf 82' lang='lat' dir='ltr'><strong>vindicator,</strong></span> 
     </span>
     <span class='ocr_line' id='line_1_35' title="bbox 265 3814 2370 3904; baseline 0.001 -27"><span class='ocrx_word' id='word_1_312' title='bbox 265 3824 327 3878; x_wconf 85' lang='lat' dir='ltr'><strong>et</strong></span> <span class='ocrx_word' id='word_1_313' title='bbox 355 3814 511 3901; x_wconf 87' lang='lat' dir='ltr'><strong>quod</strong></span> <span class='ocrx_word' id='word_1_314' title='bbox 546 3815 676 3885; x_wconf 82' lang='lat' dir='ltr'><strong>talis</strong></span> <span class='ocrx_word' id='word_1_315' title='bbox 702 3828 852 3880; x_wconf 89' lang='lat' dir='ltr'><strong>esset</strong></span> <span class='ocrx_word' id='word_1_316' title='bbox 886 3814 1198 3879; x_wconf 76' lang='lat' dir='ltr'><strong>voluntate</strong></span> <span class='ocrx_word' id='word_1_317' title='bbox 1222 3823 1281 3879; x_wconf 85' lang='lat' dir='ltr'><strong>et</strong></span> <span class='ocrx_word' id='word_1_318' title='bbox 1314 3814 1525 3890; x_wconf 85' lang='lat' dir='ltr'><strong>corde,</strong></span> <span class='ocrx_word' id='word_1_319' title='bbox 1569 3825 1635 3879; x_wconf 87' lang='lat' dir='ltr'><strong>et</strong></span> <span class='ocrx_word' id='word_1_320' title='bbox 1661 3815 1798 3881; x_wconf 87' lang='lat' dir='ltr'><strong>inde</strong></span> <span class='ocrx_word' id='word_1_321' title='bbox 1819 3817 1956 3881; x_wconf 83' lang='lat' dir='ltr'><strong>talis</strong></span> <span class='ocrx_word' id='word_1_322' title='bbox 1985 3816 2140 3881; x_wconf 77' lang='lat' dir='ltr'><strong>soret</strong></span> <span class='ocrx_word' id='word_1_323' title='bbox 2167 3817 2370 3904; x_wconf 84' lang='lat' dir='ltr'><strong>loque·</strong></span> 
     </span>
     <span class='ocr_line' id='line_1_36' title="bbox 264 3913 2371 4003; baseline 0.003 -26"><span class='ocrx_word' id='word_1_324' title='bbox 264 3914 335 3981; x_wconf 87' lang='lat' dir='ltr'><strong>lis</strong></span> <span class='ocrx_word' id='word_1_325' title='bbox 361 3924 422 3979; x_wconf 87' lang='lat' dir='ltr'><strong>et</strong></span> <span class='ocrx_word' id='word_1_326' title='bbox 444 3913 644 3992; x_wconf 82' lang='lat' dir='ltr'><strong>factis,</strong></span> <span class='ocrx_word' id='word_1_327' title='bbox 698 3917 811 3982; x_wconf 85' lang='lat' dir='ltr'><strong>nisi</strong></span> <span class='ocrx_word' id='word_1_328' title='bbox 837 3917 1015 3982; x_wconf 83' lang='lat' dir='ltr'><strong>timor</strong></span> <span class='ocrx_word' id='word_1_329' title='bbox 1041 3916 1191 4003; x_wconf 77' lang='lat' dir='ltr'><strong>legis</strong></span> <span class='ocrx_word' id='word_1_330' title='bbox 1214 3924 1276 3980; x_wconf 90' lang='lat' dir='ltr'><strong>et</strong></span> <span class='ocrx_word' id='word_1_331' title='bbox 1298 3917 1565 4001; x_wconf 74' lang='lat' dir='ltr'><strong>jacturae</strong></span> <span class='ocrx_word' id='word_1_332' title='bbox 1592 3916 1793 3985; x_wconf 76' lang='lat' dir='ltr'><strong>famae</strong></span> <span class='ocrx_word' id='word_1_333' title='bbox 1811 3918 1976 3983; x_wconf 85' lang='lat' dir='ltr'><strong>illum</strong></span> <span class='ocrx_word' id='word_1_334' title='bbox 2002 3917 2140 3982; x_wconf 82' lang='lat' dir='ltr'><strong>inde</strong></span> <span class='ocrx_word' id='word_1_335' title='bbox 2180 3927 2371 3983; x_wconf 81' lang='lat' dir='ltr'><strong>retra-</strong></span> 
     </span>
     <span class='ocr_line' id='line_1_37' title="bbox 264 4014 2368 4167; baseline 0.001 -88"><span class='ocrx_word' id='word_1_336' title='bbox 264 4014 463 4091; x_wconf 76' lang='lat' dir='ltr'><strong>heret3</strong></span> <span class='ocrx_word' id='word_1_337' title='bbox 519 4025 830 4105; x_wconf 82' lang='lat' dir='ltr'><strong>&#39;postquam</strong></span> <span class='ocrx_word' id='word_1_338' title='bbox 875 4029 1243 4104; x_wconf 81' lang='lat' dir='ltr'><strong>compertum</strong></span> <span class='ocrx_word' id='word_1_339' title='bbox 1288 4026 1408 4094; x_wconf 86' lang='lat' dir='ltr'><strong>est,</strong></span> <span class='ocrx_word' id='word_1_340' title='bbox 1466 4017 1624 4104; x_wconf 84' lang='lat' dir='ltr'><strong>quod</strong></span> <span class='ocrx_word' id='word_1_341' title='bbox 1668 4019 1802 4086; x_wconf 86' lang='lat' dir='ltr'><strong>talis</strong></span> <span class='ocrx_word' id='word_1_342' title='bbox 1841 4029 2023 4096; x_wconf 85' lang='lat' dir='ltr'><strong>esset,</strong></span> <span class='ocrx_word' id='word_1_343' title='bbox 2076 4018 2368 4167; x_wconf 74' lang='lat' dir='ltr'><strong>judicatus</strong></span> 
     </span>
     <span class='ocr_line' id='line_1_38' title="bbox 265 4115 1619 4209; baseline -0.002 -23"><span class='ocrx_word' id='word_1_344' title='bbox 265 4127 383 4192; x_wconf 78' lang='lat' dir='ltr'><strong>est,</strong></span> <span class='ocrx_word' id='word_1_345' title='bbox 433 4129 499 4183; x_wconf 85' lang='lat' dir='ltr'><strong>et</strong></span> <span class='ocrx_word' id='word_1_346' title='bbox 520 4118 592 4184; x_wconf 86' lang='lat' dir='ltr'><strong>ad</strong></span> <span class='ocrx_word' id='word_1_347' title='bbox 622 4118 1005 4209; x_wconf 76' lang='lat' dir='ltr'><strong>hypocritas</strong></span> <span class='ocrx_word' id='word_1_348' title='bbox 988 4142 1049 4184; x_wconf 92' lang='grc' dir='ltr'><strong>ιιι</strong></span> <span class='ocrx_word' id='word_1_349' title='bbox 1077 4115 1322 4183; x_wconf 81' lang='lat' dir='ltr'><strong>Inferno</strong></span> <span class='ocrx_word' id='word_1_350' title='bbox 1349 4117 1619 4203; x_wconf 82' lang='lat' dir='ltr'><strong>rejectus.</strong></span> 
     </span>
    </p>

    <p class='ocr_par' dir='ltr' id='par_1_4' title="bbox 345 4215 2363 4311">
     <span class='ocr_line' id='line_1_39' title="bbox 345 4215 2363 4311; baseline -0.002 -24.889"><span class='ocrx_word' id='word_1_351' title='bbox 345 4222 569 4286; x_wconf 83' lang='grc'><strong>5»19.</strong></span> <span class='ocrx_word' id='word_1_352' title='bbox 594 4220 848 4300; x_wconf 76' lang='lat' dir='ltr'><strong>Quales</strong></span> <span class='ocrx_word' id='word_1_353' title='bbox 871 4220 955 4285; x_wconf 88' lang='lat' dir='ltr'><strong>illi</strong></span> <span class='ocrx_word' id='word_1_354' title='bbox 980 4229 1141 4294; x_wconf 85' lang='lat' dir='ltr'><strong>sunt,</strong></span> <span class='ocrx_word' id='word_1_355' title='bbox 1191 4219 1469 4295; x_wconf 75' lang='lat' dir='ltr'><strong>illustrari</strong></span> <span class='ocrx_word' id='word_1_356' title='bbox 1499 4228 1690 4311; x_wconf 86' lang='lat' dir='ltr'><strong>potest</strong></span> <span class='ocrx_word' id='word_1_357' title='bbox 1718 4243 1824 4310; x_wconf 83' lang='lat' dir='ltr'><strong>per</strong></span> <span class='ocrx_word' id='word_1_358' title='bbox 1852 4215 2363 4304; x_wconf 65' lang='lat' dir='ltr'><strong>Comparationes</strong></span> 
     </span>
    </p>
   </div>
  </div>
 </body>
</html>
