2750 4775
872 341 965 393 IX.
1045 339 1686 398 PAENFPENTM.
2271 352 2341 403 67

241 493 496 583 pendeat
536 495 691 560 salus
731 493 1015 571 hominis,
1080 515 1149 558 ex
1200 493 1400 559 multis
1450 495 1595 558 locis
1634 504 1694 557 et
1738 495 2104 561 evidentibus
2149 493 2342 564 effatis

240 594 487 661 Domini
526 597 587 658 in
628 595 863 670 Verbo,
914 604 1178 671 constat,
1231 617 1263 658 e
1304 595 1518 682 quihus
1545 593 1700 659 haec
1737 598 1796 659 in
1835 598 2123 683 praesenti
2152 597 2340 663 addu-

240 707 453 762 centur
469 745 482 768 ,
535 695 854 763 Iohannes
871 696 1248 789 praedicavit
1273 697 1574 788 baptisma
1593 701 1993 787 paenitentiae
2008 746 2024 773 ,
2074 713 2133 763 et
2157 697 2338 774 dixit,

214 796 427 887 facite
437 792 695 884 fructus
720 797 940 889 dignos
961 801 1363 890 paenitentia,
1420 797 1561 861 Luc.
1593 796 1719 860 111:
1759 801 1816 861 3.
1849 802 1905 860 8.
1948 798 2135 863 Marc.
2178 798 2234 862 l:
2275 804 2333 864 4.

239 901 478 992 Incepit
518 899 708 966 Jesus
746 899 1107 991 praedicare
1146 913 1206 963 et
1255 898 1453 963 dicere
1469 897 1516 972 ,⁷
1549 902 1855 989 paeniteat
1903 922 2054 973 vos,
2125 898 2335 965 matth.

240 1001 360 1070 IV:
410 1005 439 1064 1
454 1005 488 1063 't
499 1052 510 1064 .
536 1061 541 1066 ,
563 1014 623 1065 et
661 999 819 1065 dixit
835 1047 852 1075 ‚
903 1004 1051 1091 quia
1085 1003 1586 1094 appropinquavit
1623 998 1899 1088 Regnum
1935 999 2083 1075 Dei,
2128 1003 2342 1093 paeni-

244 1104 490 1167 tentiam
518 1106 701 1193 agite,·
749 1101 938 1165 Marc.
969 1100 1028 1164 1:
1073 1103 1172 1166 14.
1206 1105 1306 1166 15.
1361 1112 1507 1174 tum,
1558 1100 1710 1168 Nisi
1736 1104 2170 1194 paenitentiam
2210 1124 2378 1191 ege·⁸

241 1207 396 1279 ritis,
446 1227 651 1269 omnes
668 1203 957 1296 peribitis,
1012 1201 1365 1266 Luc.X111=
1398 1208 1453 1265 5.
1509 1201 1697 1268 Jesus
1731 1206 2036 1295 praecepit
2079 1200 2344 1297 discipu·

244 1303 348 1381 lis,
400 1304 569 1396 quod
591 1317 886 1396 oporteret
902 1303 1253 1397 praedicari
1286 1307 1353 1367 in·
1375 1303 1642 1370 Nomine
1665 1305 1878 1396 Ipsius
1901 1304 2342 1370 Paenitentiam

241 1420 303 1470 et
347 1405 776 1474 Remis-sionem
812 1421 1193 1500 peccatorum
1235 1404 1514 1471 omnibus
1542 1406 1858 1495 gentibus,
1920 1404 2061 1469 Luc.
2109 1404 2344 1471 XXIV:

248 1512 354 1570 Η.
408 1508 595 1572 Marc.
643 1506 759 1573 vl:
807 1505 907 1570 12ss
980 1508 1181 1587 Quare
1235 1507 1460 1571 Petrus
1499 1505 1878 1599 praedicavit
1912 1509 2345 1599 paenitentiam

244 1622 304 1673 et
342 1607 643 1701 baptisma
682 1612 749 1671 in
788 1610 1025 1673 nomine
1057 1606 1235 1682 Jesur
1261 1606 1485 1672 Christi
1523 1612 1585 1671 in
1630 1611 2037 1674 remissionem
2067 1621 2348 1700 peccato-

246 1734 409 1784 rum,
462 1709 590 1774 Act.
625 1709 724 1772 U:
770 1712 867 1772 38.
931 1721 987 1772 et
1030 1730 1271 1795 qnoque
1316 1709 1493 1781 dixit,
1547 1706 1735 1799 Agite
1770 1710 2239 1801 paenitentiam,
2286 1722 2346 1774 et

245 1814 571 1877 convertite
599 1834 750 1892 vos,
804 1824 869 1876 ut
898 1808 1216 1875 deleantur
1247 1809 1430 1875 vobis
1461 1823 1715 1902 peccata
1748 1823 1992 1885 vestra,
2042 1804 2174 1874 Act.
2213 1808 2344 1873 111:

255 1916 351 1976 19.
407 1910 630 1977 Paulus
651 1909 1022 2002 praedicauit
1050 1910 1329 1975 omnibus
1358 1911 1548 1975 ubiuis
1566 1958 1581 1986 ,
1634 1924 1700 1976 ut
1728 1909 2165 2003 paenitentiam
2201 1932 2346 2002 age·

247 2028 407 2088 rent,
458 2009 590 2082 Act.
625 2010 833 2076 XVII:
875 2015 977 2074 ³0.
1033 2011 1256 2077 Paulus
1279 2014 1460 2090 etiam
1488 2015 1549 2074 in
1574 2011 1909 2087 Damasco,
1962 2015 2026 2077 in
2053 2012 2345 2080 Hieroso·

248 2113 438 2201 lyma,
485 2136 598 2204 per
623 2126 808 2176 totam
833 2115 1130 2200 regionem
1157 2109 1470 2186 Iudaeae,
1520 2126 1578 2175 et
1599 2114 1893 2202 gentibus,
1948 2116 2342 2190 annuntiavit,

251 2228 316 2280 ut
353 2216 784 2305 paenitentiam
825 2226 1103 2300 agerent,
1152 2226 1208 2277 et
1251 2227 1650 2278 converterent
1686 2236 1752 2278 se
1787 2213 1875 2279 ad
1898 2213 2125 2293 Deum,
2172 2237 2250 2281 ac
2276 2228 2344 2281 ut

252 2313 444 2403 digna
483 2313 857 2405 paenitentia
896 2323 1083 2405 opera
1103 2308 1423 2399 facerent,
1474 2313 1602 2380 Aet.
1645 2314 1882 2380 XXVI:
1927 2319 2027 2380 20.
2081 2314 2158 2381 Et
2196 2337 2345 2411 quo·

252 2416 370 2508 que
393 2427 765 2479 contestatus
789 2426 848 2477 et
868 2414 1130 2480 Iudaeis
1167 2429 1223 2479 et
1255 2412 1507 2480 Graecis
1535 2421 1965 2508 paenitentiam
2003 2415 2093 2483 ad
2128 2417 2342 2497 Deum,

250 2532 310 2581 et
332 2514 534 2603 'fidem
564 2519 637 2579 —in
665 2515 986 2580 Dominum
1025 2515 1236 2582 Jesum
1265 2514 1591 2591 Christum«,
1648 2518 1775 2583 Act.
1804 2517 1950 2583 XX:
1980 2522 2083 2585 21.
2135 2519 2342 2585 Domi-

251 2603 361 2683 nus
417 2617 558 2680 dixit
613 2616 688 2680 ad
733 2616 1055 2680 Ecclesiam
1109 2615 1492 2704 Ephesinam,
1556 2617 1749 2686 haheo
1787 2632 1997 2685 contra
2038 2633 2130 2698 te,
2178 2619 2346 2714 quod

246 2717 601 2785 charitatem
631 2719 888 2810 primam
931 2717 1242 2810 reliqueris
1256 2765 1274 2793 ,
1335 2743 1449 2807 age
1484 2723 1915 2812 paenitentiam
1930 2766 1947 2794 ‚
2007 2723 2108 2785 sin
2146 2726 2352 2787 minus·

246 2813 531 2886 emoveb'o‘
566 2817 994 2887 camlelabrum
1034 2833 1197 2885 tuum
1237 2843 1272 2885 e
1314 2818 1449 2885 loco
1487 2845 1601 2886 suo
1620 2873 1634 2897 ,
1688 2823 1747 2885 si-
1773 2844 1894 2885 non
1914 2825 2347 2914 paenitentiam

246 2925 473 3010 egeris,
526 2917 707 3009 Apoc.
751 2918 843 2984 11:
886 2925 942 2983 2.
988 2922 1043 2984 4.
1086 2926 1151 2985 5.
1206 2918 1303 2986 Ad
1341 2920 1666 2987 Ecclesiam
1713 2923 1771 2984 in
1797 2922 2126 3009 Pergamo,
2177 2923 2351 2990 Novi

246 3042 434 3113 opera
459 3038 584 3095 tua,
603 3024 1031 3113 paenitentiam
1064 3044 1198 3112 age,
1225 3020 1408 3110 Apoc.
1438 3020 1531 3086 ll:
1562 3017 1622 3115 [1
1634 3016 1720 3114 3.]
1743 3026 1843 3087 16.
1897 3020 1988 3087 Ad
2015 3022 2342 3090 Ecclesiam

249 3124 309 3185 in
336 3122 668 3213 Thyatiris,
721 3123 781 3188 T
775 3121 987 3191 radam
1016 3121 1187 3187 illam
1206 3126 1281 3200 ⁸in
1325 3125 1734 3216 fictionem,
1783 3127 1843 3187 si
1877 3148 2004 3189 non
2032 3130 2346 3217 paeniten-

248 3228 396 3291 tiam
420 3226 604 3315 egerit
628 3247 710 3288 ex
736 3222 1016 3314 operibus
1039 3228 1202 3298 suis,
1253 3220 1441 3310 Apoc.
1470 3223 1560 3287 11:
1593 3227 1694 3289 19.
1724 3228 1829 3288 22.
1860 3229 1963 3289 23.
2017 3225 2111 3289 Ad
2139 3225 2358 3291 Eccle-⁴

247 3324 393 3389 siam
434 3325 915 3400 Laodicensium,
966 3324 1139 3391 Novi
1169 3338 1366 3418 opera‘
1400 3338 1505 3389 tua
1524 3374 1540 3401 ‚
1594 3323 1787 3390 zelum
1833 3348 2077 3401 exerce,
2127 3340 2184 3390 et
2228 3349 2342 3416 age

243 3428 708 3518 paenitentiam,
759 3423 943 3512 Apoc.
987 3424 1119 3491 1112*
1151 3429 1250 3491 15.
1285 3430 1387 3489 19.
1440 3425 1560 3493 Est
1593 3426 1900 3516 gaudium·
1924 3429 1989 3490 in
2015 3425 2201 3493 Caelo
2239 3451 2344 3491 su-

240 3550 349 3619 pe!
383 3551 506 3592 uno
526 3540 840 3619 peccatore
864 3529 1292 3618 paenitentiam
1329 3541 1570 3616 agente,
1622 3528 1766 3593 Luc.
1808 3527 1948 3596 XV:
1993 3533 2050 3592 7.
2106 3539 2354 3616 praeter·

247 3628 410 3694 alibi.
459 3628 556 3692 «Ex
592 3627 681 3692 his
723 3636 911 3715 patet,
964 3628 1122 3714 quod
1151 3628 1521 3692 Paenitentia
1551 3630 1789 3693 omniuo
1830 3628 2058 3713 agenda
2085 3631 2190 3708 sit,
2239 3631 2344 3696 sed

247 3730 438 3817 qualis
463 3740 521 3792 et
548 3728 845 3817 quomodo
864 3779 877 3802 ,
931 3728 991 3793 in
1015 3751 1114 3815 seq
1125 3729 1396 3793 mentibus
1423 3729 1907 3795 manifestabitur.

401 3834 549 3895 529.
603 3830 749 3911 Quis
777 3851 898 3893 non.
920 3842 1109 3919 potest
1137 3853 1208 3893 ex
1233 3830 1472 3903 ratione¹
1491 3831 1603 3895 sihi
1629 3830 1767 3896 data
1795 3831 2145 3920 intelligere,
2183 3832 2346 3919 quod

244 3954 364 3996 non
403 3931 491 3996 sit.
520 3932 876 4018 paenitentia
916 3933 1105 3997 sotum
1145 3951 1250 3996 ore
1290 3929 1561 3995 confiteri
1598 3933 1759 4017 quod
1799 3943 2075 4021 peccator
2111 3935 2216 4009 sit,
2270 3954 2343 3997 ac

242 4034 555 4098 enuntiare
584 4031 752 4120 plura
793 4032 866 4095 de
905 4056 1010 4110 eo,
1060 4033 1210 4097 sicut
1232 4032 1584 4122 hypocrita,
1633 4033 1705 4096 de
1737 4054 1858 4122 quo
1881 4054 2061 4123 supra
2093 4056 2163 4096 n:
2194 4035 2345 4108 518,

245 4143 641 4200 memoratum
679 4143 799 4209 est,
852 4132 1167 4220 namquid
1205 4131 1435 4197 facilius
1472 4131 1695 4201 homini
1738 4156 1872 4198 cnm
1915 4137 1978 4199 in
2015 4153 2241 4221 angore
2282 4141 2340 4194 et

245 4250 434 4322 agone
477 4243 599 4312 est,
664 4250 849 4320 quam·
895 4255 965 4300 ex
1010 4233 1286 4321 pulmone
1325 4232 1702 4321 texspirareJ
1731 4243 1791 4296 et
1817 4234 1971 4392 ἑιιέο
2021 4252 2125 4317 per
2171 4231 2340 4294 labra
