2750 4775
432 429 451 444 ‚
489 361 558 412 w
730 347 1193 405 UNIVERSA
1237 349 1770 404 'faxohac-u
1812 351 1879 404 N.
1921 349 1985 404 C.
2026 351 2136 404 ΕΤ
2173 352 2239 405 Ν.
2278 352 2341 404 Ε.

641 507 787 567 58Ί.
839 502 1153 569 Sciendum
1182 514 1300 581 est,
1351 504 1513 593 quod
1541 504 1657 582 illi,
1708 506 1812 592 qui
1846 525 1918 569 ex
1956 504 2082 570 sola
2113 504 2372 572 bonitate
2395 513 2549 572 ualu—

486 605 599 670 rali
626 603 846 668 bonum
881 604 1138 684 faciunt,
1188 617 1247 670 et
1284 627 1406 670 uon
1447 606 1619 672 simul
1658 626 1731 670 ex
1769 605 2091 692 religione,
2143 616 2275 694 post
2317 616 2552 671 mortem

484 726 606 769 uon
652 714 1059 793 acceptentur,
1130 705 1267 795 quia
1309 706 1500 773 solum
1548 707 1765 772 bonum
1820 706 2088 771 naturale
2133 720 2191 771 et
2233 729 2353 772 non
2395 708 2554 773 simul

484 805 786 892 spirituale
814 795 1084 876 charitati
1122 807 1354 872 illorum
1396 810 1592 884 inest,
1629 817 1687 872 et
1725 807 2028 896 spirituale
2068 818 2187 884 est,
2239 808 2398 897 quod
2433 830 2556 873 con·

485 909 675 994 jungit
703 907 1022 972 Dominum
1050 908 1302 985 homini,
1355 918 1415 973 et
1442 901 1561 973 non
1589 908 1858 974 naturale
1884 909 2105 997 absque
2134 910 2251 974 illo.
2330 909 2559 978 Bonitas

485 1010 773 1074 naturalis
816 1010 1127 1074 est‘solius
1173 1010 1397 1084 carnis,
1462 1011 1676 1074 adnata
1724 1030 1756 1074 a
1803 1012 2180 1095 parentibus,
2229 1020 2288 1075 at
2329 1010 2558 1084 Bonitas

480 1110 800 1198 spiritualis
839 1119 927 1175 est
955 1111 1191 1197 spiritus
1230 1132 1263 1173 e
1302 1132 1462 1178 novo
1501 1121 1639 1175 nata
1678 1133 1713 1174 a
1745 1112 2019 1178 Domino.
2099 1111 2221 1188 Illi,
2274 1112 2375 1199 qui
2414 1113 2556 1176 bona

353 1261 359 1267 .
480 1210 805 1275 Charitatis
841 1231 914 1275 ex
955 1211 1239 1297 religione
1276 1210 1533 1286 faciunt,
1586 1224 1645 1277 et
1681 1213 1817 1275 inde
1857 1234 1973 1277 non
2016 1213 2202 1290 mala,
2233 1223 2557 1299 antequam

484 1312 831 1377 Doctrinam
857 1312 1071 1378 Novae
1102 1313 1405 1377 Ecclesiae
1431 1313 1502 1377 de
1530 1311 1790 1378 Domino
1818 1324 2230 1402 acceptarunt,
2271 1313 2559 1382 assimilari

484 1422 725 1499 possunt
751 1414 1080 1487 arboribus,
1122 1434 1276 1499 quae
1311 1412 1502 1478 bonos
1530 1412 1771 1491 fructus,
1814 1417 2044 1479 tametsi
2078 1437 2319 1501 paucos,
2358 1416 2558 1491 ferunt,

484 1523 545 1577 et
570 1535 806 1600 quoque
834 1514 1149 1578 arboribus
1173 1534 1326 1597 quae
1363 1512 1588 1579 fructus
1613 1516 1842 1580 nobiles
1870 1536 2117 1603 parvos,
2170 1537 2328 1602 quae
2365 1515 2560 1581 nihilo·

484 1616 676 1682 minus
699 1617 759 1678 in
787 1613 975 1679 hortis
999 1614 1434 1678 custodiuntur:
1486 1623 1544 1679 et
1571 1638 1807 1702 quoque
1833 1617 2138 1682 assimilari
2166 1628 2408 1705 possunt
2434 1616 2563 1681 oleis

481 1726 542 1779 et
580 1716 806 1797 ficubus
844 1716 905 1778 in
944 1716 1158 1805 sylvis:
1211 1726 1334 1779 tum
1367 1715 1544 1780 etiam
1584 1716 1784 1783 herbis
1809 1717 2210 1805 fragrantibus
2235 1727 2300 1783 et
2326 1719 2560 1783 arbustis

478 1817 811 1883 balsamicis
835 1838 1015 1903 super
1051 1814 1342 1880 Collibus:
1394 1827 1532 1882 sunt
1568 1818 1717 1882 sicut
1746 1840 1968 1906 parvae
2007 1818 2183 1884 aedes
2219 1841 2325 1884 seu
2366 1821 2558 1884 domus

478 1918 625 1995 Dei,
677 1920 738 1981 in
766 1915 979 2004 quibus
1006 1916 1137 2003 pius
1163 1915 1351 1982 cultus
1380 1918 1606 2005 agitur:
1660 1940 1795 1983 nam
1821 1929 1958 1984 suut
1984 1941 2129 1986 oves
2154 1939 2191 1984 a
2215 1920 2461 1996 dextris,
2504 1928 2559 1983 et

478 2019 695 2084 arietes
721 2038 870 2106 quos
892 2015 1039 2081 birci
1066 2016 1448 2105 impugnant,
1496 2020 1820 2085 secundum
1858 2018 2165 2086 Danielem
2205 2021 2351 2110 Cap.
2395 2019 2557 2087 vul:

481 2124 520 2183 2
551 2121 625 2183 ad
659 2115 909 2183 14.1n
936 2117 1114 2183 Caelo
1141 2120 1339 2184 amicti
1366 2129 1503 2186 suut
1526 2122 1787 2188 vestibus
1812 2121 2027 2186 coloris
2066 2123 2264 2198 rubri,
2319 2132 2384 2186 et
2416 2130 2559 2209 post-

483 2241 662 2307 quam
704 2218 913 2283 initiati
940 2229 1072 2284 sunt
1103 2222 1162 2282 in
1193 2220 1352 2286 bona
1379 2221 1588 2289 Novae
1616 2221 1944 2298 Ecclesiae,
2000 2225 2359 2288 amiciuntur
2401 2220 2559 2288 vesti-

483 2322 596 2384 bus
621 2318 835 2385 coloris
860 2320 1170 2411 purpurei,
1203 2341 1387 2411 quae,
1427 2325 1577 2389 sicut
1607 2343 1749 2387 vera
1778 2323 1956 2391 etiam
1980 2324 2290 2415 recipiunt,
2336 2322 2559 2416 pulchre

482 2421 829 2486 fulvescunt.

490 2645 679 2732 Quod
742 2646 1063 2739 Confessio
1120 2674 1332 2716 coram
1396 2650 1657 2716 Domino
1723 2651 1856 2719 Deo
1926 2651 2239 2721 Salvatore
2306 2662 2562 2750 oporteat

565 2747 756 2841 fieri,
807 2765 863 2817 et
913 2764 1054 2817 tunc
1094 2750 1465 2847 supplicatio
1502 2751 1578 2817 de
1615 2775 1730 2846 ope
1766 2767 1822 2819 et
1851 2757 2122 2848 potentia
2161 2753 2479 2823 resistendi

1415 2851 1611 2919 malis.

639 3035 787 3095 588.
867 3029 1044 3112 Quod
1089 3030 1386 3097 Dominus
1440 3031 1603 3103 Deus
1648 3030 1926 3098 Salvator
1979 3033 2281 3098 adeundus
2322 3035 2433 3110 sit,
2479 3037 2560 3095 est

487 3132 625 3218 quia
669 3141 755 3197 est
797 3133 959 3196 Deus
1000 3130 1161 3196 Caeli
1205 3142 1268 3196 et
1307 3133 1567 3211 Terrae,
1617 3134 1983 3221 Redemptor
2023 3144 2083 3197 et
2119 3133 2427 3211 Salvator,
2476 3129 2562 3195 cui

481 3233 963 3320 omnipotentia,
1014 3231 1476 3309 Omniscienfia,
1543 3234 2088 3322 omnipraesentia„
2158 3234 2292 3322 Ipsa
2342 3231 2559 3300 Miseri-

480 3334 683 3399 cordia
710 3344 769 3399 et
795 3335 967 3400 simul
992 3333 1265 3410 Justitia,
1316 3343 1374 3397 et
1404 3334 1763 3419 quiafhomo
1801 3345 1892 3400 est
1924 3335 2113 3422 Ipsius
2140 3334 2458 3413 creatura,
2505 3339 2562 3395 el

482 3434 744 3501 Ecclesia
771 3435 962 3522 Ipsius
986 3434 1197 3511 ovile,
1249 3454 1321 3499 ac
1345 3444 1415 3498 ut
1441 3434 1638 3522 Ipsum
1666 3437 1882 3501 adeant
1899 3486 1914 3511 ‚
1967 3438 2164 3503 colant
2204 3447 2265 3501 et
2304 3439 2561 3508 adorent,

480 3538 700 3623 pluries
726 3537 786 3598 in
823 3536 1003 3600 Novo
1031 3534 1296 3599 Faedere
1337 3536 1669 3609 mandavit;
1720 3536 1879 3624 quod
1917 3537 2093 3604 Solus
2134 3538 2437 3603 adeundus
2475 3534 2561 3609 sil,

478 3636 571 3701 his
597 3636 796 3700 verbis
825 3635 1073 3719 injunxit
1100 3634 1259 3720 apud
1284 3633 1625 3699 Johannem
1664 3634 1925 3713 „,Anoen
1972 3662 2147 3705 amen
2185 3637 2322 3705 dico
2366 3636 2559 3710 vobis,

480 3738 587 3828 qui
608 3759 730 3800 non
755 3734 1091 3827 ingreditur
1105 3738 1492 3828 perjanuam
1522 3740 1585 3801 in
1616 3735 1818 3815 Ovile,
1867 3738 1981 3805 sed
2004 3739 2276 3806 ascendit
2303 3733 2558 3812 aliunde

482 3840 536 3902 is
573 3848 663 3900 est
680 3836 813 3928 sur
846 3850 903 3901 et
946 3833 1134 3913 latro,
1186 3839 1293 3928 qui
1322 3859 1474 3902 vem
1515 3836 1848 3930 ingreditur·
1878 3863 1995 3934 per
2021 3846 2311 3930 januam,
2354 3850 2564 3935 pastor

477 3952 570 4003 est
592 3940 805 4003 ovium.
883 3936 1024 4029 Ego
1048 3962 1178 4003 sum
1203 3937 1450 4015 Ianua,
1493 3963 1609 4035 per
1630 3940 1742 4006 Me
1778 3945 1838 4007 si
1871 3944 2010 4034 quis
2034 3944 2393 4019 introiverit,
2441 3933 2560 4005 sal·

480 4037 759 4115 vabitur,
805 4052 864 4105 et
877 4062 1176 4133 pascuum
1213 4042 1497 4118 inveniet3
1524 4038 1654 4130 sur
1690 4067 1813 4108 non
1849 4046 2025 4109 venit
2060 4048 2184 4109 nisi
2216 4057 2282 4109 ut
2293 4039 2559 4132 fitetur,

480 4154 695 4206 mactet
714 4157 774 4212 et
790 4138 1013 4237 perdat
1025 4170 1051 4220 ,-
1098 4142 1239 4234 Ego
1264 4147 1413 4211 veni
1434 4158 1501 4211 ut
1515 4147 1712 4212 vitam
1736 4142 2002 4209 habeant
2031 4158 2091 4212 et
2115 4143 2560 4214 abundantiam

438 4336 443 4339 -
480 4240 619 4333 Ego
646 4266 779 4312 sum
805 4243 1035 4313 Pastor
1066 4243 1323 4329 bonus,“
1361 4245 1504 4335 Cap.
1530 4246 1619 4312 X:
1663 4247 1715 4307 1.
1745 4249 1803 4308 2.
1839 4249 1894 4308 9.
1933 4248 2032 4310 10.
2070 4248 2206 4310 11...
2250 4243 2426 4327 Quod
2461 4241 2558 4306 lio-
