<?xml version="1.0" encoding="UTF-8"?>
<!DOCTYPE html PUBLIC "-//W3C//DTD XHTML 1.0 Transitional//EN"
    "http://www.w3.org/TR/xhtml1/DTD/xhtml1-transitional.dtd">
<html xmlns="http://www.w3.org/1999/xhtml" xml:lang="en" lang="en">
 <head>
  <title>
</title>
<meta http-equiv="Content-Type" content="text/html;charset=utf-8" />
  <meta name='ocr-system' content='tesseract 3.04.00' />
  <meta name='ocr-capabilities' content='ocr_page ocr_carea ocr_par ocr_line ocrx_word'/>
</head>
<body>
  <div class='ocr_page' id='page_1' title='image "./verachristianar00unkngoog_0261.png"; bbox 0 0 2750 4775; ppageno 0'>
   <div class='ocr_carea' id='block_1_1' title="bbox 29 850 48 1612">
    <p class='ocr_par' dir='ltr' id='par_1_1' title="bbox 29 850 48 1612">
     <span class='ocr_line' id='line_1_1' title="bbox 29 850 48 1612; textangle 90"><span class='ocrx_word' id='word_1_1' title='bbox 29 850 48 1612; x_wconf 42' lang='lat' dir='ltr'><strong>“uffa—«q‘n-ffl—</strong></span> 
     </span>
    </p>
   </div>
   <div class='ocr_carea' id='block_1_2' title="bbox 29 1880 53 2431">
    <p class='ocr_par' dir='ltr' id='par_1_2' title="bbox 29 1880 53 2431">
     <span class='ocr_line' id='line_1_2' title="bbox 29 1880 53 2431; textangle 90"><span class='ocrx_word' id='word_1_2' title='bbox 29 1880 53 2431; x_wconf 49' lang='lat' dir='ltr'><strong>Qss&#39;ffssffiss*</strong></span> 
     </span>
    </p>
   </div>
   <div class='ocr_carea' id='block_1_3' title="bbox 29 2467 51 2634">
    <p class='ocr_par' dir='ltr' id='par_1_3' title="bbox 29 2467 51 2634">
     <span class='ocr_line' id='line_1_3' title="bbox 29 2467 51 2634; textangle 90"><span class='ocrx_word' id='word_1_3' title='bbox 38 2570 51 2634; x_wconf 57' lang='lat'><strong>102&lt;</strong></span> <span class='ocrx_word' id='word_1_4' title='bbox 29 2467 51 2530; x_wconf 49' lang='grc' dir='ltr'><em>τ</em></span> 
     </span>
    </p>
   </div>
   <div class='ocr_carea' id='block_1_4' title="bbox 824 359 2346 425">
    <p class='ocr_par' dir='ltr' id='par_1_4' title="bbox 824 359 2346 425">
     <span class='ocr_line' id='line_1_4' title="bbox 824 359 2346 425; baseline 0.008 -12"><span class='ocrx_word' id='word_1_5' title='bbox 824 359 975 415; x_wconf 84' lang='lat' dir='ltr'><strong>xm.</strong></span> <span class='ocrx_word' id='word_1_6' title='bbox 1056 359 1405 416; x_wconf 74' lang='lat' dir='ltr'>SANGTA</span> <span class='ocrx_word' id='word_1_7' title='bbox 1462 361 1774 419; x_wconf 82' lang='lat' dir='ltr'><strong>GOENA.</strong></span> <span class='ocrx_word' id='word_1_8' title='bbox 2239 376 2346 425; x_wconf 78' lang='lat'><strong>255</strong></span> 
     </span>
    </p>
   </div>
   <div class='ocr_carea' id='block_1_5' title="bbox 230 513 2352 3515">
    <p class='ocr_par' dir='ltr' id='par_1_5' title="bbox 235 513 2351 1602">
     <span class='ocr_line' id='line_1_5' title="bbox 247 513 2351 605; baseline 0.001 -26"><span class='ocrx_word' id='word_1_9' title='bbox 247 516 571 603; x_wconf 86' lang='lat' dir='ltr'><strong>quicquam</strong></span> <span class='ocrx_word' id='word_1_10' title='bbox 600 513 1045 601; x_wconf 81' lang='lat' dir='ltr'><strong>Redemptionis</strong></span> <span class='ocrx_word' id='word_1_11' title='bbox 1073 516 1307 591; x_wconf 82' lang='lat' dir='ltr'><strong>abesse,</strong></span> <span class='ocrx_word' id='word_1_12' title='bbox 1361 516 1461 580; x_wconf 88' lang='lat' dir='ltr'><strong>ubi</strong></span> <span class='ocrx_word' id='word_1_13' title='bbox 1490 515 1781 581; x_wconf 53' lang='lat' dir='ltr'><strong>Illertotus</strong></span> <span class='ocrx_word' id='word_1_14' title='bbox 1818 525 1933 592; x_wconf 82' lang='lat' dir='ltr'><strong>est;</strong></span> <span class='ocrx_word' id='word_1_15' title='bbox 1985 527 2351 605; x_wconf 84' lang='lat' dir='ltr'><strong>quapropter</strong></span> 
     </span>
     <span class='ocr_line' id='line_1_6' title="bbox 247 615 2351 702; baseline 0 -21"><span class='ocrx_word' id='word_1_16' title='bbox 247 638 462 682; x_wconf 88' lang='lat' dir='ltr'><strong>omnes</strong></span> <span class='ocrx_word' id='word_1_17' title='bbox 496 616 610 693; x_wconf 90' lang='lat' dir='ltr'><strong>illi,</strong></span> <span class='ocrx_word' id='word_1_18' title='bbox 677 616 776 702; x_wconf 88' lang='lat' dir='ltr'><strong>qui</strong></span> <span class='ocrx_word' id='word_1_19' title='bbox 822 615 995 702; x_wconf 79' lang='lat' dir='ltr'><strong>digne</strong></span> <span class='ocrx_word' id='word_1_20' title='bbox 1040 615 1319 681; x_wconf 82' lang='lat' dir='ltr'><strong>Sanctam</strong></span> <span class='ocrx_word' id='word_1_21' title='bbox 1364 616 1854 684; x_wconf 79' lang='lat' dir='ltr'><strong>Communionem</strong></span> <span class='ocrx_word' id='word_1_22' title='bbox 1896 619 2149 694; x_wconf 85' lang='lat' dir='ltr'><strong>obeunt,</strong></span> <span class='ocrx_word' id='word_1_23' title='bbox 2203 619 2351 683; x_wconf 86' lang='lat' dir='ltr'><strong>fiunt</strong></span> 
     </span>
     <span class='ocr_line' id='line_1_7' title="bbox 243 716 2349 806; baseline -0.001 -22"><span class='ocrx_word' id='word_1_24' title='bbox 243 716 571 804; x_wconf 84' lang='lat' dir='ltr'><strong>Redempti</strong></span> <span class='ocrx_word' id='word_1_25' title='bbox 612 717 827 806; x_wconf 84' lang='lat' dir='ltr'>Ipsius:</span> <span class='ocrx_word' id='word_1_26' title='bbox 883 727 939 781; x_wconf 88' lang='lat' dir='ltr'><strong>et</strong></span> <span class='ocrx_word' id='word_1_27' title='bbox 970 717 1105 803; x_wconf 86' lang='lat' dir='ltr'><strong>quia</strong></span> <span class='ocrx_word' id='word_1_28' title='bbox 1148 739 1253 805; x_wconf 87' lang='lat' dir='ltr'><strong>per</strong></span> <span class='ocrx_word' id='word_1_29' title='bbox 1291 717 1782 806; x_wconf 82' lang='lat' dir='ltr'><strong>Redemptionem</strong></span> <span class='ocrx_word' id='word_1_30' title='bbox 1820 718 2225 805; x_wconf 79' lang='lat' dir='ltr'><strong>intelliguntur</strong></span> <span class='ocrx_word' id='word_1_31' title='bbox 2252 720 2349 783; x_wconf 88' lang='lat' dir='ltr'><strong>Li·</strong></span> 
     </span>
     <span class='ocr_line' id='line_1_8' title="bbox 242 817 2350 908; baseline 0 -25"><span class='ocrx_word' id='word_1_32' title='bbox 242 819 487 884; x_wconf 83' lang='lat' dir='ltr'><strong>beratio</strong></span> <span class='ocrx_word' id='word_1_33' title='bbox 531 818 606 883; x_wconf 84' lang='lat' dir='ltr'><strong>ab</strong></span> <span class='ocrx_word' id='word_1_34' title='bbox 650 818 924 894; x_wconf 81' lang='lat' dir='ltr'><strong>Inferno,</strong></span> <span class='ocrx_word' id='word_1_35' title='bbox 991 817 1347 904; x_wconf 74' lang='lat' dir='ltr'><strong>Coniunctio</strong></span> <span class='ocrx_word' id='word_1_36' title='bbox 1396 841 1526 884; x_wconf 89' lang='lat' dir='ltr'><strong>cum</strong></span> <span class='ocrx_word' id='word_1_37' title='bbox 1583 818 1747 908; x_wconf 86' lang='lat' dir='ltr'><strong>Ipso,</strong></span> <span class='ocrx_word' id='word_1_38' title='bbox 1816 828 1876 882; x_wconf 88' lang='lat' dir='ltr'><strong>et</strong></span> <span class='ocrx_word' id='word_1_39' title='bbox 1927 819 2226 894; x_wconf 84' lang='lat' dir='ltr'><strong>Salvatio,</strong></span> <span class='ocrx_word' id='word_1_40' title='bbox 2278 820 2350 883; x_wconf 89' lang='lat' dir='ltr'><strong>de</strong></span> 
     </span>
     <span class='ocr_line' id='line_1_9' title="bbox 242 918 2351 1014; baseline -0 -30"><span class='ocrx_word' id='word_1_41' title='bbox 242 920 473 1006; x_wconf 83' lang='lat' dir='ltr'><strong>quibus</strong></span> <span class='ocrx_word' id='word_1_42' title='bbox 498 919 692 984; x_wconf 80' lang='lat' dir='ltr'><strong>infra</strong></span> <span class='ocrx_word' id='word_1_43' title='bbox 676 941 735 981; x_wconf 89' lang='grc' dir='ltr'><strong>ιιι</strong></span> <span class='ocrx_word' id='word_1_44' title='bbox 760 918 874 983; x_wconf 88' lang='lat' dir='ltr'><strong>hoc</strong></span> <span class='ocrx_word' id='word_1_45' title='bbox 900 918 1137 1006; x_wconf 86' lang='lat' dir='ltr'><strong>Capite,</strong></span> <span class='ocrx_word' id='word_1_46' title='bbox 1191 928 1248 984; x_wconf 84' lang='lat' dir='ltr'><strong>et</strong></span> <span class='ocrx_word' id='word_1_47' title='bbox 1294 920 1562 1014; x_wconf 80' lang='lat' dir='ltr'>plenius</span> <span class='ocrx_word' id='word_1_48' title='bbox 1548 943 1608 983; x_wconf 85' lang='grc' dir='ltr'><strong>ιιι</strong></span> <span class='ocrx_word' id='word_1_49' title='bbox 1637 921 1841 1007; x_wconf 87' lang='lat' dir='ltr'><strong>Capite</strong></span> <span class='ocrx_word' id='word_1_50' title='bbox 1869 921 1941 985; x_wconf 89' lang='lat' dir='ltr'><strong>de</strong></span> <span class='ocrx_word' id='word_1_51' title='bbox 1969 919 2351 1008; x_wconf 73' lang='lat' dir='ltr'>Redemptio</span> 
     </span>
     <span class='ocr_line' id='line_1_10' title="bbox 239 1011 2347 1109; baseline -0.001 -24"><span class='ocrx_word' id='word_1_52' title='bbox 239 1041 358 1095; x_wconf 78' lang='lat' dir='ltr'><strong>ne,</strong></span> <span class='ocrx_word' id='word_1_53' title='bbox 413 1020 545 1085; x_wconf 86' lang='lat' dir='ltr'><strong>ideo</strong></span> <span class='ocrx_word' id='word_1_54' title='bbox 596 1020 677 1084; x_wconf 86' lang='lat' dir='ltr'><strong>illi</strong></span> <span class='ocrx_word' id='word_1_55' title='bbox 723 1020 948 1085; x_wconf 81' lang='lat' dir='ltr'><strong>fructus</strong></span> <span class='ocrx_word' id='word_1_56' title='bbox 989 1011 1339 1085; x_wconf 79' lang='lat' dir='ltr'><strong>addicantur</strong></span> <span class='ocrx_word' id='word_1_57' title='bbox 1381 1020 1635 1095; x_wconf 72' lang='grc' dir='ltr'><strong>Ιιοιιιίιιὶς</strong></span> <span class='ocrx_word' id='word_1_58' title='bbox 1703 1043 1820 1086; x_wconf 88' lang='grc' dir='ltr'><strong>ιιοιι</strong></span> <span class='ocrx_word' id='word_1_59' title='bbox 1865 1042 2012 1086; x_wconf 74' lang='lat' dir='ltr'><strong>vero</strong></span> <span class='ocrx_word' id='word_1_60' title='bbox 2063 1031 2347 1109; x_wconf 88' lang='lat' dir='ltr'><strong>quantum</strong></span> 
     </span>
     <span class='ocr_line' id='line_1_11' title="bbox 239 1121 2348 1206; baseline -0 -20"><span class='ocrx_word' id='word_1_61' title='bbox 239 1121 545 1186; x_wconf 81' lang='lat' dir='ltr'><strong>Dominus</strong></span> <span class='ocrx_word' id='word_1_62' title='bbox 572 1122 730 1199; x_wconf 80' lang='lat' dir='ltr'><strong>vult,</strong></span> <span class='ocrx_word' id='word_1_63' title='bbox 781 1122 918 1206; x_wconf 86' lang='lat' dir='ltr'><strong>quia</strong></span> <span class='ocrx_word' id='word_1_64' title='bbox 965 1142 1037 1185; x_wconf 84' lang='lat' dir='ltr'><strong>ex</strong></span> <span class='ocrx_word' id='word_1_65' title='bbox 1080 1121 1300 1185; x_wconf 87' lang='lat' dir='ltr'><strong>Divino</strong></span> <span class='ocrx_word' id='word_1_66' title='bbox 1337 1139 1446 1187; x_wconf 91' lang='lat' dir='ltr'><strong>suo</strong></span> <span class='ocrx_word' id='word_1_67' title='bbox 1480 1123 1700 1188; x_wconf 83' lang='lat' dir='ltr'><strong>Amore</strong></span> <span class='ocrx_word' id='word_1_68' title='bbox 1742 1122 1867 1188; x_wconf 83' lang='lat' dir='ltr'><strong>vult</strong></span> <span class='ocrx_word' id='word_1_69' title='bbox 1907 1122 2182 1188; x_wconf 86' lang='lat' dir='ltr'><strong>addicare</strong></span> <span class='ocrx_word' id='word_1_70' title='bbox 2222 1144 2348 1187; x_wconf 88' lang='lat' dir='ltr'><strong>om-</strong></span> 
     </span>
     <span class='ocr_line' id='line_1_12' title="bbox 237 1221 2348 1314; baseline 0 -28"><span class='ocrx_word' id='word_1_71' title='bbox 237 1223 382 1299; x_wconf 80' lang='lat' dir='ltr'><strong>nia,</strong></span> <span class='ocrx_word' id='word_1_72' title='bbox 445 1224 545 1287; x_wconf 88' lang='lat' dir='ltr'><strong>sed</strong></span> <span class='ocrx_word' id='word_1_73' title='bbox 600 1233 884 1309; x_wconf 89' lang='lat' dir='ltr'><strong>quantum</strong></span> <span class='ocrx_word' id='word_1_74' title='bbox 932 1221 1110 1286; x_wconf 84' lang='lat' dir='ltr'><strong>homo</strong></span> <span class='ocrx_word' id='word_1_75' title='bbox 1156 1222 1395 1311; x_wconf 79' lang='lat' dir='ltr'><strong>recipit,</strong></span> <span class='ocrx_word' id='word_1_76' title='bbox 1450 1234 1506 1286; x_wconf 89' lang='lat' dir='ltr'><strong>et</strong></span> <span class='ocrx_word' id='word_1_77' title='bbox 1555 1223 1655 1310; x_wconf 88' lang='lat' dir='ltr'><strong>qui</strong></span> <span class='ocrx_word' id='word_1_78' title='bbox 1698 1225 1938 1314; x_wconf 76' lang='lat' dir='ltr'><strong>recipit,</strong></span> <span class='ocrx_word' id='word_1_79' title='bbox 1982 1223 2077 1287; x_wconf 86' lang='lat' dir='ltr'><strong>ille</strong></span> <span class='ocrx_word' id='word_1_80' title='bbox 2123 1233 2207 1289; x_wconf 87' lang='lat' dir='ltr'><strong>est</strong></span> <span class='ocrx_word' id='word_1_81' title='bbox 2254 1247 2348 1289; x_wconf 59' lang='lat' dir='ltr'><strong>re*</strong></span> 
     </span>
     <span class='ocr_line' id='line_1_13' title="bbox 238 1322 2344 1412; baseline 0.001 -25"><span class='ocrx_word' id='word_1_82' title='bbox 238 1323 523 1412; x_wconf 87' lang='lat' dir='ltr'><strong>demptus</strong></span> <span class='ocrx_word' id='word_1_83' title='bbox 556 1324 617 1386; x_wconf 86' lang='lat' dir='ltr'><strong>iu</strong></span> <span class='ocrx_word' id='word_1_84' title='bbox 655 1346 727 1389; x_wconf 88' lang='lat' dir='ltr'><strong>eo</strong></span> <span class='ocrx_word' id='word_1_85' title='bbox 763 1322 984 1410; x_wconf 77' lang='lat' dir='ltr'><strong>gradu,</strong></span> <span class='ocrx_word' id='word_1_86' title='bbox 1037 1345 1157 1409; x_wconf 85' lang='lat' dir='ltr'><strong>quo</strong></span> <span class='ocrx_word' id='word_1_87' title='bbox 1194 1325 1418 1412; x_wconf 52' lang='lat' dir='ltr'><strong>recipit,</strong></span> <span class='ocrx_word' id='word_1_88' title='bbox 1494 1324 1580 1387; x_wconf 86' lang='lat' dir='ltr'><strong>Ex</strong></span> <span class='ocrx_word' id='word_1_89' title='bbox 1621 1324 1852 1412; x_wconf 79' lang='lat' dir='ltr'><strong>quibus,</strong></span> <span class='ocrx_word' id='word_1_90' title='bbox 1875 1335 2135 1400; x_wconf 80' lang='lat' dir='ltr'><strong>constat,</strong></span> <span class='ocrx_word' id='word_1_91' title='bbox 2186 1327 2344 1412; x_wconf 86' lang='lat' dir='ltr'><strong>quod</strong></span> 
     </span>
     <span class='ocr_line' id='line_1_14' title="bbox 239 1419 2346 1513; baseline 0 -24"><span class='ocrx_word' id='word_1_92' title='bbox 239 1423 494 1489; x_wconf 82' lang='lat' dir='ltr'><strong>effectus</strong></span> <span class='ocrx_word' id='word_1_93' title='bbox 537 1435 596 1490; x_wconf 90' lang='lat' dir='ltr'><strong>et</strong></span> <span class='ocrx_word' id='word_1_94' title='bbox 639 1419 864 1491; x_wconf 60' lang='lat' dir='ltr'><strong>finctus</strong></span> <span class='ocrx_word' id='word_1_95' title='bbox 908 1425 1354 1511; x_wconf 87' lang='lat' dir='ltr'><strong>Redemptionis</strong></span> <span class='ocrx_word' id='word_1_96' title='bbox 1396 1426 1634 1490; x_wconf 87' lang='lat' dir='ltr'><strong>Domini</strong></span> <span class='ocrx_word' id='word_1_97' title='bbox 1687 1425 1762 1489; x_wconf 90' lang='lat' dir='ltr'><strong>ad</strong></span> <span class='ocrx_word' id='word_1_98' title='bbox 1800 1425 1961 1501; x_wconf 84' lang='lat' dir='ltr'><strong>illos,</strong></span> <span class='ocrx_word' id='word_1_99' title='bbox 2033 1428 2130 1513; x_wconf 89' lang='lat' dir='ltr'><strong>qui</strong></span> <span class='ocrx_word' id='word_1_100' title='bbox 2172 1427 2346 1513; x_wconf 74' lang='lat' dir='ltr'><strong>digne</strong></span> 
     </span>
     <span class='ocr_line' id='line_1_15' title="bbox 235 1527 1492 1602; baseline -0.003 -10"><span class='ocrx_word' id='word_1_101' title='bbox 235 1527 574 1602; x_wconf 83' lang='lat' dir='ltr'><strong>accedunt,</strong></span> <span class='ocrx_word' id='word_1_102' title='bbox 628 1528 893 1590; x_wconf 83' lang='lat' dir='ltr'><strong>redeant.</strong></span> <span class='ocrx_word' id='word_1_103' title='bbox 1487 1553 1492 1562; x_wconf 90' lang='lat'><strong>·</strong></span> 
     </span>
    </p>

    <p class='ocr_par' dir='ltr' id='par_1_6' title="bbox 230 1625 2352 3515">
     <span class='ocr_line' id='line_1_16' title="bbox 403 1625 2346 1715; baseline 0.002 -24"><span class='ocrx_word' id='word_1_104' title='bbox 403 1633 547 1692; x_wconf 76' lang='lat'><strong>718.</strong></span> <span class='ocrx_word' id='word_1_105' title='bbox 617 1627 795 1714; x_wconf 84' lang='lat' dir='ltr'>Apud</span> <span class='ocrx_word' id='word_1_106' title='bbox 829 1639 1302 1715; x_wconf 79' lang='lat' dir='ltr'><strong>unumquemque</strong></span> <span class='ocrx_word' id='word_1_107' title='bbox 1330 1625 1630 1692; x_wconf 88' lang='lat' dir='ltr'><strong>hominem</strong></span> <span class='ocrx_word' id='word_1_108' title='bbox 1670 1646 1909 1702; x_wconf 84' lang='lat' dir='ltr'><strong>sanum,</strong></span> <span class='ocrx_word' id='word_1_109' title='bbox 1963 1638 2052 1692; x_wconf 86' lang='lat' dir='ltr'><strong>est</strong></span> <span class='ocrx_word' id='word_1_110' title='bbox 2096 1626 2346 1693; x_wconf 73' lang='lat' dir='ltr'><strong>facultas</strong></span> 
     </span>
     <span class='ocr_line' id='line_1_17' title="bbox 236 1727 2341 1818; baseline -0.001 -21"><span class='ocrx_word' id='word_1_111' title='bbox 236 1730 564 1818; x_wconf 85' lang='lat' dir='ltr'><strong>recipiendi</strong></span> <span class='ocrx_word' id='word_1_112' title='bbox 591 1729 938 1817; x_wconf 76' lang='lat' dir='ltr'>sapientiam</span> <span class='ocrx_word' id='word_1_113' title='bbox 967 1751 999 1792; x_wconf 86' lang='lat' dir='ltr'><strong>a</strong></span> <span class='ocrx_word' id='word_1_114' title='bbox 1028 1728 1321 1804; x_wconf 86' lang='lat' dir='ltr'><strong>Domino,</strong></span> <span class='ocrx_word' id='word_1_115' title='bbox 1371 1727 1484 1792; x_wconf 86' lang='lat' dir='ltr'><strong>hoc</strong></span> <span class='ocrx_word' id='word_1_116' title='bbox 1528 1737 1649 1802; x_wconf 83' lang='lat' dir='ltr'><strong>est,</strong></span> <span class='ocrx_word' id='word_1_117' title='bbox 1702 1728 2123 1816; x_wconf 84' lang='lat' dir='ltr'><strong>multiplicandi</strong></span> <span class='ocrx_word' id='word_1_118' title='bbox 2163 1730 2341 1804; x_wconf 85' lang='lat' dir='ltr'><strong>Vera,</strong></span> 
     </span>
     <span class='ocr_line' id='line_1_18' title="bbox 239 1829 2343 1919; baseline -0.001 -23"><span class='ocrx_word' id='word_1_119' title='bbox 239 1833 531 1919; x_wconf 68' lang='lat' dir='ltr'><strong>a‘quibus</strong></span> <span class='ocrx_word' id='word_1_120' title='bbox 554 1832 627 1895; x_wconf 88' lang='lat' dir='ltr'><strong>sit</strong></span> <span class='ocrx_word' id='word_1_121' title='bbox 654 1830 786 1905; x_wconf 82' lang='lat' dir='ltr'><strong>illa,</strong></span> <span class='ocrx_word' id='word_1_122' title='bbox 839 1830 896 1892; x_wconf 90' lang='lat' dir='ltr'><strong>in</strong></span> <span class='ocrx_word' id='word_1_123' title='bbox 925 1840 1265 1900; x_wconf 84' lang='lat' dir='ltr'><strong>aeternum;</strong></span> <span class='ocrx_word' id='word_1_124' title='bbox 1316 1838 1374 1891; x_wconf 88' lang='lat' dir='ltr'><strong>et</strong></span> <span class='ocrx_word' id='word_1_125' title='bbox 1419 1851 1654 1917; x_wconf 87' lang='lat' dir='ltr'><strong>quoque</strong></span> <span class='ocrx_word' id='word_1_126' title='bbox 1693 1829 2012 1916; x_wconf 85' lang='lat' dir='ltr'><strong>recipiendi</strong></span> <span class='ocrx_word' id='word_1_127' title='bbox 2057 1847 2343 1906; x_wconf 85' lang='lat' dir='ltr'><strong>amorem,</strong></span> 
     </span>
     <span class='ocr_line' id='line_1_19' title="bbox 234 1930 2342 2016; baseline -0.002 -18"><span class='ocrx_word' id='word_1_128' title='bbox 234 1933 360 1998; x_wconf 86' lang='lat' dir='ltr'><strong>hoc</strong></span> <span class='ocrx_word' id='word_1_129' title='bbox 403 1942 525 2007; x_wconf 82' lang='lat' dir='ltr'><strong>est,</strong></span> <span class='ocrx_word' id='word_1_130' title='bbox 574 1930 970 1997; x_wconf 76' lang='lat' dir='ltr'><strong>fructificandi</strong></span> <span class='ocrx_word' id='word_1_131' title='bbox 1017 1932 1204 2006; x_wconf 85' lang='lat' dir='ltr'><strong>bona,</strong></span> <span class='ocrx_word' id='word_1_132' title='bbox 1270 1951 1340 1994; x_wconf 84' lang='lat' dir='ltr'><strong>ex</strong></span> <span class='ocrx_word' id='word_1_133' title='bbox 1385 1931 1732 2016; x_wconf 71' lang='lat' dir='ltr'><strong>quibus‘est</strong></span> <span class='ocrx_word' id='word_1_134' title='bbox 1771 1930 1904 2005; x_wconf 88' lang='lat' dir='ltr'><strong>ille,</strong></span> <span class='ocrx_word' id='word_1_135' title='bbox 1969 1932 2235 1996; x_wconf 83' lang='lat' dir='ltr'><strong>similiter</strong></span> <span class='ocrx_word' id='word_1_136' title='bbox 2282 1934 2342 1996; x_wconf 88' lang='lat' dir='ltr'><strong>in</strong></span> 
     </span>
     <span class='ocr_line' id='line_1_20' title="bbox 236 2030 2345 2119; baseline -0.001 -20"><span class='ocrx_word' id='word_1_137' title='bbox 236 2045 586 2099; x_wconf 73' lang='lat' dir='ltr'><strong>aeternumt</strong></span> <span class='ocrx_word' id='word_1_138' title='bbox 641 2042 923 2119; x_wconf 83' lang='lat' dir='ltr'><strong>perpetua</strong></span> <span class='ocrx_word' id='word_1_139' title='bbox 953 2033 1099 2095; x_wconf 87' lang='lat' dir='ltr'><strong>haec</strong></span> <span class='ocrx_word' id='word_1_140' title='bbox 1125 2030 1499 2096; x_wconf 82' lang='lat' dir='ltr'><strong>fructificatio</strong></span> <span class='ocrx_word' id='word_1_141' title='bbox 1531 2031 1667 2096; x_wconf 87' lang='lat' dir='ltr'><strong>boni</strong></span> <span class='ocrx_word' id='word_1_142' title='bbox 1698 2040 1757 2094; x_wconf 90' lang='lat' dir='ltr'><strong>et</strong></span> <span class='ocrx_word' id='word_1_143' title='bbox 1795 2031 1930 2096; x_wconf 86' lang='lat' dir='ltr'><strong>inde</strong></span> <span class='ocrx_word' id='word_1_144' title='bbox 1970 2035 2225 2109; x_wconf 85' lang='lat' dir='ltr'><strong>amoris,</strong></span> <span class='ocrx_word' id='word_1_145' title='bbox 2284 2043 2345 2097; x_wconf 83' lang='lat' dir='ltr'><strong>ct</strong></span> 
     </span>
     <span class='ocr_line' id='line_1_21' title="bbox 234 2132 2345 2225; baseline -0.001 -25"><span class='ocrx_word' id='word_1_146' title='bbox 234 2133 528 2225; x_wconf 85' lang='lat' dir='ltr'><strong>perpetua</strong></span> <span class='ocrx_word' id='word_1_147' title='bbox 555 2135 651 2199; x_wconf 89' lang='lat' dir='ltr'><strong>illa</strong></span> <span class='ocrx_word' id='word_1_148' title='bbox 680 2132 1090 2219; x_wconf 74' lang='lat' dir='ltr'><strong>multiplicatio</strong></span> <span class='ocrx_word' id='word_1_149' title='bbox 1129 2132 1254 2197; x_wconf 84' lang='lat' dir='ltr'><strong>veri</strong></span> <span class='ocrx_word' id='word_1_150' title='bbox 1299 2142 1359 2196; x_wconf 83' lang='lat' dir='ltr'><strong>et</strong></span> <span class='ocrx_word' id='word_1_151' title='bbox 1401 2132 1539 2195; x_wconf 88' lang='lat' dir='ltr'><strong>inde</strong></span> <span class='ocrx_word' id='word_1_152' title='bbox 1577 2133 1930 2220; x_wconf 73' lang='lat' dir='ltr'><strong>sapientiae,</strong></span> <span class='ocrx_word' id='word_1_153' title='bbox 1983 2136 2158 2199; x_wconf 86' lang='lat' dir='ltr'><strong>datur</strong></span> <span class='ocrx_word' id='word_1_154' title='bbox 2184 2135 2345 2220; x_wconf 87' lang='lat' dir='ltr'><strong>apud</strong></span> 
     </span>
     <span class='ocr_line' id='line_1_22' title="bbox 238 2231 2344 2323; baseline -0.001 -21"><span class='ocrx_word' id='word_1_155' title='bbox 238 2235 540 2323; x_wconf 80' lang='lat' dir='ltr'><strong>Angelos,</strong></span> <span class='ocrx_word' id='word_1_156' title='bbox 594 2245 651 2299; x_wconf 86' lang='lat' dir='ltr'><strong>et</strong></span> <span class='ocrx_word' id='word_1_157' title='bbox 683 2256 923 2322; x_wconf 82' lang='lat' dir='ltr'><strong>quoque</strong></span> <span class='ocrx_word' id='word_1_158' title='bbox 950 2234 1125 2298; x_wconf 86' lang='lat' dir='ltr'><strong>datur</strong></span> <span class='ocrx_word' id='word_1_159' title='bbox 1150 2234 1303 2321; x_wconf 89' lang='lat' dir='ltr'><strong>apud</strong></span> <span class='ocrx_word' id='word_1_160' title='bbox 1332 2231 1636 2309; x_wconf 89' lang='lat' dir='ltr'><strong>homines,</strong></span> <span class='ocrx_word' id='word_1_161' title='bbox 1690 2233 1788 2320; x_wconf 89' lang='lat' dir='ltr'><strong>qui</strong></span> <span class='ocrx_word' id='word_1_162' title='bbox 1817 2232 1965 2298; x_wconf 87' lang='lat' dir='ltr'><strong>fiunt</strong></span> <span class='ocrx_word' id='word_1_163' title='bbox 1990 2233 2244 2321; x_wconf 79' lang='lat' dir='ltr'><strong>Angeli.</strong></span> <span class='ocrx_word' id='word_1_164' title='bbox 2284 2244 2344 2299; x_wconf 86' lang='lat' dir='ltr'><strong>et</strong></span> 
     </span>
     <span class='ocr_line' id='line_1_23' title="bbox 241 2332 2339 2425; baseline -0.001 -23"><span class='ocrx_word' id='word_1_165' title='bbox 241 2339 386 2425; x_wconf 85' lang='lat' dir='ltr'><strong>quia</strong></span> <span class='ocrx_word' id='word_1_166' title='bbox 430 2337 714 2403; x_wconf 86' lang='lat' dir='ltr'><strong>Dominus</strong></span> <span class='ocrx_word' id='word_1_167' title='bbox 759 2346 844 2402; x_wconf 87' lang='lat' dir='ltr'><strong>est</strong></span> <span class='ocrx_word' id='word_1_168' title='bbox 885 2336 1008 2424; x_wconf 86' lang='lat' dir='ltr'><strong>ipse</strong></span> <span class='ocrx_word' id='word_1_169' title='bbox 1053 2332 1240 2407; x_wconf 78' lang='lat' dir='ltr'><strong>Amor</strong></span> <span class='ocrx_word' id='word_1_170' title='bbox 1285 2344 1345 2401; x_wconf 86' lang='lat' dir='ltr'><strong>et</strong></span> <span class='ocrx_word' id='word_1_171' title='bbox 1388 2334 1509 2423; x_wconf 84' lang='lat' dir='ltr'><strong>ipsa</strong></span> <span class='ocrx_word' id='word_1_172' title='bbox 1555 2334 1886 2423; x_wconf 76' lang='lat' dir='ltr'><strong>Sapientia,</strong></span> <span class='ocrx_word' id='word_1_173' title='bbox 1957 2337 2339 2425; x_wconf 81' lang='lat' dir='ltr'><strong>consequitur</strong></span> 
     </span>
     <span class='ocr_line' id='line_1_24' title="bbox 243 2436 2339 2524; baseline 0 -22"><span class='ocrx_word' id='word_1_174' title='bbox 243 2439 412 2524; x_wconf 87' lang='lat' dir='ltr'><strong>quod</strong></span> <span class='ocrx_word' id='word_1_175' title='bbox 436 2438 656 2502; x_wconf 88' lang='lat' dir='ltr'><strong>bomini</strong></span> <span class='ocrx_word' id='word_1_176' title='bbox 683 2439 753 2501; x_wconf 86' lang='lat' dir='ltr'><strong>sit</strong></span> <span class='ocrx_word' id='word_1_177' title='bbox 782 2438 1030 2504; x_wconf 81' lang='lat' dir='ltr'><strong>facultas</strong></span> <span class='ocrx_word' id='word_1_178' title='bbox 1067 2436 1458 2524; x_wconf 84' lang='lat' dir='ltr'><strong>conjungendi</strong></span> <span class='ocrx_word' id='word_1_179' title='bbox 1496 2456 1557 2501; x_wconf 82' lang='lat' dir='ltr'><strong>se</strong></span> <span class='ocrx_word' id='word_1_180' title='bbox 1588 2437 1877 2514; x_wconf 88' lang='lat' dir='ltr'><strong>Domino,</strong></span> <span class='ocrx_word' id='word_1_181' title='bbox 1930 2448 1989 2503; x_wconf 88' lang='lat' dir='ltr'><strong>et</strong></span> <span class='ocrx_word' id='word_1_182' title='bbox 2019 2439 2339 2503; x_wconf 89' lang='lat' dir='ltr'><strong>Dominum</strong></span> 
     </span>
     <span class='ocr_line' id='line_1_25' title="bbox 246 2529 2341 2627; baseline 0 -24"><span class='ocrx_word' id='word_1_183' title='bbox 246 2539 452 2603; x_wconf 75' lang='lat' dir='ltr'><strong>sibim</strong></span> <span class='ocrx_word' id='word_1_184' title='bbox 481 2529 854 2624; x_wconf 80' lang='lat' dir='ltr'><strong>perpetuum;</strong></span> <span class='ocrx_word' id='word_1_185' title='bbox 907 2538 1008 2604; x_wconf 82' lang='lat' dir='ltr'><strong>se&#39;d</strong></span> <span class='ocrx_word' id='word_1_186' title='bbox 1040 2560 1224 2625; x_wconf 88' lang='lat' dir='ltr'><strong>usque</strong></span> <span class='ocrx_word' id='word_1_187' title='bbox 1252 2540 1390 2625; x_wconf 89' lang='lat' dir='ltr'><strong>quia</strong></span> <span class='ocrx_word' id='word_1_188' title='bbox 1429 2537 1609 2602; x_wconf 88' lang='lat' dir='ltr'><strong>bomo</strong></span> <span class='ocrx_word' id='word_1_189' title='bbox 1651 2535 1845 2603; x_wconf 83' lang='lat' dir='ltr'><strong>finitus</strong></span> <span class='ocrx_word' id='word_1_190' title='bbox 1877 2549 1996 2616; x_wconf 89' lang='lat' dir='ltr'><strong>est,</strong></span> <span class='ocrx_word' id='word_1_191' title='bbox 2048 2562 2164 2606; x_wconf 88' lang='lat' dir='ltr'><strong>non</strong></span> <span class='ocrx_word' id='word_1_192' title='bbox 2209 2550 2341 2627; x_wconf 85' lang='lat' dir='ltr'><strong>pot-</strong></span> 
     </span>
     <span class='ocr_line' id='line_1_26' title="bbox 241 2639 2339 2729; baseline 0.001 -27"><span class='ocrx_word' id='word_1_193' title='bbox 241 2649 336 2705; x_wconf 80' lang='lat' dir='ltr'><strong>est</strong></span> <span class='ocrx_word' id='word_1_194' title='bbox 367 2639 422 2702; x_wconf 87' lang='lat' dir='ltr'><strong>ei</strong></span> <span class='ocrx_word' id='word_1_195' title='bbox 451 2639 722 2726; x_wconf 81' lang='lat' dir='ltr'><strong>conjungi</strong></span> <span class='ocrx_word' id='word_1_196' title='bbox 752 2640 943 2729; x_wconf 88' lang='lat' dir='ltr'><strong>Ipsum</strong></span> <span class='ocrx_word' id='word_1_197' title='bbox 975 2639 1255 2705; x_wconf 88' lang='lat' dir='ltr'><strong>Divinum</strong></span> <span class='ocrx_word' id='word_1_198' title='bbox 1286 2640 1460 2726; x_wconf 76' lang='lat' dir='ltr'><strong>Eju8‚</strong></span> <span class='ocrx_word' id='word_1_199' title='bbox 1508 2639 1608 2703; x_wconf 83' lang='lat' dir='ltr'><strong>sed</strong></span> <span class='ocrx_word' id='word_1_200' title='bbox 1636 2639 1824 2704; x_wconf 86' lang='lat' dir='ltr'><strong>solum</strong></span> <span class='ocrx_word' id='word_1_201' title='bbox 1854 2639 2128 2728; x_wconf 79' lang='lat' dir='ltr'><strong>adjungi;</strong></span> <span class='ocrx_word' id='word_1_202' title='bbox 2172 2644 2339 2718; x_wconf 84' lang='lat' dir='ltr'><strong>sicut,</strong></span> 
     </span>
     <span class='ocr_line' id='line_1_27' title="bbox 240 2735 2352 2828; baseline 0 -23"><span class='ocrx_word' id='word_1_203' title='bbox 240 2763 358 2828; x_wconf 78' lang='lat' dir='ltr'><strong>pro</strong></span> <span class='ocrx_word' id='word_1_204' title='bbox 401 2741 823 2817; x_wconf 75' lang='lat' dir='ltr'><strong>illustratione,</strong></span> <span class='ocrx_word' id='word_1_205' title='bbox 881 2761 1004 2805; x_wconf 90' lang='lat' dir='ltr'><strong>non</strong></span> <span class='ocrx_word' id='word_1_206' title='bbox 1049 2749 1239 2828; x_wconf 85' lang='lat' dir='ltr'><strong>potest</strong></span> <span class='ocrx_word' id='word_1_207' title='bbox 1282 2742 1412 2805; x_wconf 82' lang='lat' dir='ltr'><strong>Lux</strong></span> <span class='ocrx_word' id='word_1_208' title='bbox 1455 2739 1593 2804; x_wconf 79' lang='lat' dir='ltr'><strong>solis</strong></span> <span class='ocrx_word' id='word_1_209' title='bbox 1638 2742 1912 2828; x_wconf 77' lang='lat' dir='ltr'><strong>conjungi</strong></span> <span class='ocrx_word' id='word_1_210' title='bbox 1953 2743 2178 2816; x_wconf 88' lang='lat' dir='ltr'><strong>Oculo,</strong></span> <span class='ocrx_word' id='word_1_211' title='bbox 2229 2735 2352 2807; x_wconf 73' lang='lat' dir='ltr'><strong>nec&#39;</strong></span> 
     </span>
     <span class='ocr_line' id='line_1_28' title="bbox 236 2841 2339 2930; baseline 0 -22"><span class='ocrx_word' id='word_1_212' title='bbox 236 2843 439 2908; x_wconf 87' lang='lat' dir='ltr'><strong>Sonus</strong></span> <span class='ocrx_word' id='word_1_213' title='bbox 465 2843 617 2907; x_wconf 56' lang='lat' dir='ltr'><strong>aeris</strong></span> <span class='ocrx_word' id='word_1_214' title='bbox 643 2843 918 2930; x_wconf 77' lang='lat' dir='ltr'><strong>conjungi</strong></span> <span class='ocrx_word' id='word_1_215' title='bbox 946 2842 1122 2917; x_wconf 83' lang='lat' dir='ltr'><strong>Auri,</strong></span> <span class='ocrx_word' id='word_1_216' title='bbox 1148 2841 1278 2907; x_wconf 62' lang='lat' dir='ltr'><strong>*sed</strong></span> <span class='ocrx_word' id='word_1_217' title='bbox 1306 2842 1482 2906; x_wconf 87' lang='lat' dir='ltr'><strong>modo</strong></span> <span class='ocrx_word' id='word_1_218' title='bbox 1527 2841 1611 2905; x_wconf 86' lang='lat' dir='ltr'><strong>eis</strong></span> <span class='ocrx_word' id='word_1_219' title='bbox 1649 2841 1919 2930; x_wconf 76' lang='lat' dir='ltr'><strong>adjungi,</strong></span> <span class='ocrx_word' id='word_1_220' title='bbox 1972 2854 2032 2907; x_wconf 86' lang='lat' dir='ltr'><strong>et</strong></span> <span class='ocrx_word' id='word_1_221' title='bbox 2074 2844 2157 2906; x_wconf 88' lang='lat' dir='ltr'><strong>sic</strong></span> <span class='ocrx_word' id='word_1_222' title='bbox 2196 2842 2339 2909; x_wconf 80' lang='lat' dir='ltr'><strong>dare</strong></span> 
     </span>
     <span class='ocr_line' id='line_1_29' title="bbox 234 2942 2338 3018; baseline -0.001 -9"><span class='ocrx_word' id='word_1_223' title='bbox 234 2944 585 3009; x_wconf 82' lang='lat' dir='ltr'><strong>facultatem</strong></span> <span class='ocrx_word' id='word_1_224' title='bbox 613 2944 849 3009; x_wconf 79' lang='lat' dir='ltr'><strong>videndi</strong></span> <span class='ocrx_word' id='word_1_225' title='bbox 881 2953 937 3007; x_wconf 89' lang='lat' dir='ltr'><strong>et</strong></span> <span class='ocrx_word' id='word_1_226' title='bbox 966 2943 1270 3017; x_wconf 79' lang='lat' dir='ltr'><strong>audiendi3</strong></span> <span class='ocrx_word' id='word_1_227' title='bbox 1322 2943 1502 3008; x_wconf 88' lang='lat' dir='ltr'><strong>homo</strong></span> <span class='ocrx_word' id='word_1_228' title='bbox 1531 2942 1685 3011; x_wconf 86' lang='lat' dir='ltr'><strong>enim</strong></span> <span class='ocrx_word' id='word_1_229' title='bbox 1719 2965 1838 3006; x_wconf 91' lang='lat' dir='ltr'><strong>non</strong></span> <span class='ocrx_word' id='word_1_230' title='bbox 1868 2952 1951 3008; x_wconf 88' lang='lat' dir='ltr'><strong>est</strong></span> <span class='ocrx_word' id='word_1_231' title='bbox 1979 2943 2115 3006; x_wconf 87' lang='lat' dir='ltr'><strong>Vita</strong></span> <span class='ocrx_word' id='word_1_232' title='bbox 2159 2943 2219 3004; x_wconf 87' lang='lat' dir='ltr'><strong>in</strong></span> <span class='ocrx_word' id='word_1_233' title='bbox 2257 2964 2338 3018; x_wconf 87' lang='lat' dir='ltr'><strong>se,</strong></span> 
     </span>
     <span class='ocr_line' id='line_1_30' title="bbox 236 3042 2337 3131; baseline -0.002 -21"><span class='ocrx_word' id='word_1_234' title='bbox 236 3045 394 3110; x_wconf 84' lang='lat' dir='ltr'><strong>sicut</strong></span> <span class='ocrx_word' id='word_1_235' title='bbox 420 3046 719 3111; x_wconf 82' lang='lat' dir='ltr'><strong>Dominus·</strong></span> <span class='ocrx_word' id='word_1_236' title='bbox 755 3046 932 3108; x_wconf 86' lang='lat' dir='ltr'><strong>etiam</strong></span> <span class='ocrx_word' id='word_1_237' title='bbox 959 3046 1155 3131; x_wconf 88' lang='lat' dir='ltr'><strong>quoad</strong></span> <span class='ocrx_word' id='word_1_238' title='bbox 1184 3044 1563 3120; x_wconf 87' lang='lat' dir='ltr'><strong>Humanum,</strong></span> <span class='ocrx_word' id='word_1_239' title='bbox 1613 3043 1752 3107; x_wconf 86' lang='lat' dir='ltr'><strong>Joh.</strong></span> <span class='ocrx_word' id='word_1_240' title='bbox 1794 3044 1881 3108; x_wconf 85' lang='lat' dir='ltr'><strong>V:</strong></span> <span class='ocrx_word' id='word_1_241' title='bbox 1926 3047 2052 3119; x_wconf 65' lang='lat'><strong>26„</strong></span> <span class='ocrx_word' id='word_1_242' title='bbox 2102 3042 2204 3106; x_wconf 86' lang='lat' dir='ltr'><strong>sed</strong></span> <span class='ocrx_word' id='word_1_243' title='bbox 2248 3054 2337 3106; x_wconf 84' lang='lat' dir='ltr'><strong>cst</strong></span> 
     </span>
     <span class='ocr_line' id='line_1_31' title="bbox 236 3143 2338 3235; baseline -0.001 -25"><span class='ocrx_word' id='word_1_244' title='bbox 236 3148 684 3235; x_wconf 83' lang='lat' dir='ltr'><strong>receptaculum</strong></span> <span class='ocrx_word' id='word_1_245' title='bbox 713 3146 900 3221; x_wconf 81' lang='lat' dir='ltr'><strong>vitae,</strong></span> <span class='ocrx_word' id='word_1_246' title='bbox 953 3155 1012 3209; x_wconf 86' lang='lat' dir='ltr'><strong>et</strong></span> <span class='ocrx_word' id='word_1_247' title='bbox 1040 3146 1162 3232; x_wconf 85' lang='lat' dir='ltr'><strong>ipsa</strong></span> <span class='ocrx_word' id='word_1_248' title='bbox 1188 3146 1326 3211; x_wconf 83' lang='lat' dir='ltr'><strong>Vita</strong></span> <span class='ocrx_word' id='word_1_249' title='bbox 1353 3155 1474 3220; x_wconf 87' lang='lat' dir='ltr'><strong>est,</strong></span> <span class='ocrx_word' id='word_1_250' title='bbox 1527 3165 1679 3231; x_wconf 88' lang='lat' dir='ltr'><strong>quae</strong></span> <span class='ocrx_word' id='word_1_251' title='bbox 1716 3145 1940 3209; x_wconf 86' lang='lat' dir='ltr'><strong>homini</strong></span> <span class='ocrx_word' id='word_1_252' title='bbox 1981 3143 2338 3230; x_wconf 77' lang='lat' dir='ltr'><strong>adjungitur,</strong></span> 
     </span>
     <span class='ocr_line' id='line_1_32' title="bbox 231 3244 2337 3335; baseline -0.004 -21"><span class='ocrx_word' id='word_1_253' title='bbox 231 3248 346 3314; x_wconf 78' lang='lat' dir='ltr'><strong>sed</strong></span> <span class='ocrx_word' id='word_1_254' title='bbox 373 3269 493 3312; x_wconf 90' lang='lat' dir='ltr'><strong>non</strong></span> <span class='ocrx_word' id='word_1_255' title='bbox 522 3248 918 3335; x_wconf 80' lang='lat' dir='ltr'><strong>conjungitur.</strong></span> <span class='ocrx_word' id='word_1_256' title='bbox 1000 3248 1169 3312; x_wconf 84' lang='lat' dir='ltr'><strong>Haec</strong></span> <span class='ocrx_word' id='word_1_257' title='bbox 1194 3246 1393 3310; x_wconf 87' lang='lat' dir='ltr'><strong>addita</strong></span> <span class='ocrx_word' id='word_1_258' title='bbox 1424 3257 1593 3320; x_wconf 86' lang='lat' dir='ltr'><strong>sunt,</strong></span> <span class='ocrx_word' id='word_1_259' title='bbox 1638 3255 1876 3333; x_wconf 83' lang='lat' dir='ltr'><strong>propter</strong></span> <span class='ocrx_word' id='word_1_260' title='bbox 1902 3244 2124 3321; x_wconf 85' lang='lat' dir='ltr'><strong>finem,</strong></span> <span class='ocrx_word' id='word_1_261' title='bbox 2157 3254 2226 3308; x_wconf 84' lang='lat' dir='ltr'><strong>ut</strong></span> <span class='ocrx_word' id='word_1_262' title='bbox 2251 3245 2337 3307; x_wconf 90' lang='lat' dir='ltr'><strong>in-</strong></span> 
     </span>
     <span class='ocr_line' id='line_1_33' title="bbox 232 3346 2336 3436; baseline -0.002 -24"><span class='ocrx_word' id='word_1_263' title='bbox 232 3348 563 3436; x_wconf 74' lang='lat' dir='ltr'><strong>telligatur</strong></span> <span class='ocrx_word' id='word_1_264' title='bbox 554 3369 685 3435; x_wconf 87' lang='lat' dir='ltr'><strong>qua</strong></span> <span class='ocrx_word' id='word_1_265' title='bbox 713 3348 940 3413; x_wconf 88' lang='lat' dir='ltr'><strong>ratione</strong></span> <span class='ocrx_word' id='word_1_266' title='bbox 978 3357 1136 3413; x_wconf 80' lang='lat' dir='ltr'><strong>totus</strong></span> <span class='ocrx_word' id='word_1_267' title='bbox 1163 3347 1455 3411; x_wconf 85' lang='lat' dir='ltr'><strong>Dominus</strong></span> <span class='ocrx_word' id='word_1_268' title='bbox 1490 3356 1550 3410; x_wconf 84' lang='lat' dir='ltr'><strong>et</strong></span> <span class='ocrx_word' id='word_1_269' title='bbox 1589 3355 1711 3411; x_wconf 83' lang='lat' dir='ltr'><strong>tota</strong></span> <span class='ocrx_word' id='word_1_270' title='bbox 1756 3347 1941 3436; x_wconf 88' lang='lat' dir='ltr'><strong>Ipsius</strong></span> <span class='ocrx_word' id='word_1_271' title='bbox 1984 3346 2336 3433; x_wconf 84' lang='lat' dir='ltr'><strong>Redemptio</strong></span> 
     </span>
     <span class='ocr_line' id='line_1_34' title="bbox 230 3449 980 3515; baseline -0.004 0"><span class='ocrx_word' id='word_1_272' title='bbox 230 3451 298 3515; x_wconf 87' lang='lat' dir='ltr'><strong>in</strong></span> <span class='ocrx_word' id='word_1_273' title='bbox 326 3450 546 3515; x_wconf 84' lang='lat' dir='ltr'><strong>Sancta</strong></span> <span class='ocrx_word' id='word_1_274' title='bbox 576 3449 773 3515; x_wconf 86' lang='lat' dir='ltr'><strong>Caena</strong></span> <span class='ocrx_word' id='word_1_275' title='bbox 803 3449 980 3513; x_wconf 87' lang='lat' dir='ltr'><strong>adest.</strong></span> 
     </span>
    </p>
   </div>
   <div class='ocr_carea' id='block_1_6' title="bbox 232 3576 2340 4116">
    <p class='ocr_par' dir='ltr' id='par_1_7' title="bbox 232 3576 2340 4116">
     <span class='ocr_line' id='line_1_35' title="bbox 239 3576 2340 3719; baseline 0 -29"><span class='ocrx_word' id='word_1_276' title='bbox 239 3624 437 3710; x_wconf 83' lang='lat' dir='ltr'><strong>Quod</strong></span> <span class='ocrx_word' id='word_1_277' title='bbox 466 3576 778 3692; x_wconf 83' lang='lat' dir='ltr'><strong>Dominus</strong></span> <span class='ocrx_word' id='word_1_278' title='bbox 810 3649 1106 3719; x_wconf 81' lang='lat' dir='ltr'><strong>praesens</strong></span> <span class='ocrx_word' id='word_1_279' title='bbox 1149 3630 1265 3703; x_wconf 80' lang='lat' dir='ltr'><strong>sit,</strong></span> <span class='ocrx_word' id='word_1_280' title='bbox 1338 3639 1396 3690; x_wconf 87' lang='lat' dir='ltr'><strong>et</strong></span> <span class='ocrx_word' id='word_1_281' title='bbox 1434 3629 1669 3719; x_wconf 80' lang='lat' dir='ltr'><strong>aperiat</strong></span> <span class='ocrx_word' id='word_1_282' title='bbox 1719 3622 1962 3691; x_wconf 82' lang='lat' dir='ltr'><strong>Caelum</strong></span> <span class='ocrx_word' id='word_1_283' title='bbox 1993 3623 2163 3717; x_wconf 51' lang='lat' dir='ltr'><strong>fillis,</strong></span> <span class='ocrx_word' id='word_1_284' title='bbox 2231 3630 2340 3719; x_wconf 78' lang='lat' dir='ltr'><strong>qui</strong></span> 
     </span>
     <span class='ocr_line' id='line_1_36' title="bbox 234 3724 2339 3820; baseline 0 -28"><span class='ocrx_word' id='word_1_285' title='bbox 234 3727 332 3794; x_wconf 86' lang='lat' dir='ltr'><strong>ad</strong></span> <span class='ocrx_word' id='word_1_286' title='bbox 364 3724 646 3793; x_wconf 80' lang='lat' dir='ltr'><strong>Sanctam</strong></span> <span class='ocrx_word' id='word_1_287' title='bbox 666 3774 672 3779; x_wconf 90' lang='lat'>-</span> <span class='ocrx_word' id='word_1_288' title='bbox 690 3729 952 3793; x_wconf 85' lang='lat' dir='ltr'><strong>Caenam</strong></span> <span class='ocrx_word' id='word_1_289' title='bbox 998 3727 1177 3818; x_wconf 79' lang='lat' dir='ltr'><strong>digne</strong></span> <span class='ocrx_word' id='word_1_290' title='bbox 1231 3725 1552 3802; x_wconf 80' lang='lat' dir='ltr'><strong>accedunt,</strong></span> <span class='ocrx_word' id='word_1_291' title='bbox 1615 3741 1671 3791; x_wconf 84' lang='lat' dir='ltr'><strong>et</strong></span> <span class='ocrx_word' id='word_1_292' title='bbox 1728 3725 1895 3818; x_wconf 81' lang='lat' dir='ltr'><strong>quod</strong></span> <span class='ocrx_word' id='word_1_293' title='bbox 1938 3730 2130 3799; x_wconf 79' lang='lat' dir='ltr'><strong>etiam·</strong></span> <span class='ocrx_word' id='word_1_294' title='bbox 2159 3751 2339 3820; x_wconf 82' lang='lat' dir='ltr'><strong>prae-</strong></span> 
     </span>
     <span class='ocr_line' id='line_1_37' title="bbox 232 3825 2338 3924; baseline -0 -30"><span class='ocrx_word' id='word_1_295' title='bbox 232 3853 384 3894; x_wconf 70' lang='lat' dir='ltr'><strong>sens</strong></span> <span class='ocrx_word' id='word_1_296' title='bbox 427 3832 506 3894; x_wconf 86' lang='lat' dir='ltr'><strong>sit</strong></span> <span class='ocrx_word' id='word_1_297' title='bbox 547 3829 717 3924; x_wconf 82' lang='lat' dir='ltr'><strong>apud</strong></span> <span class='ocrx_word' id='word_1_298' title='bbox 734 3827 900 3899; x_wconf 71' lang='lat' dir='ltr'><strong>‚illos</strong></span> <span class='ocrx_word' id='word_1_299' title='bbox 950 3832 1057 3920; x_wconf 83' lang='lat' dir='ltr'><strong>qui</strong></span> <span class='ocrx_word' id='word_1_300' title='bbox 1099 3827 1370 3920; x_wconf 77' lang='lat' dir='ltr'><strong>indigne,</strong></span> <span class='ocrx_word' id='word_1_301' title='bbox 1423 3828 1539 3895; x_wconf 86' lang='lat' dir='ltr'><strong>sed</strong></span> <span class='ocrx_word' id='word_1_302' title='bbox 1578 3826 1745 3921; x_wconf 83' lang='lat' dir='ltr'><strong>quod</strong></span> <span class='ocrx_word' id='word_1_303' title='bbox 1794 3825 1887 3891; x_wconf 81' lang='lat' dir='ltr'><strong>his</strong></span> <span class='ocrx_word' id='word_1_304' title='bbox 1909 3886 1914 3895; x_wconf 80' lang='grc'><strong><em>,</em></strong></span> <span class='ocrx_word' id='word_1_305' title='bbox 1933 3852 2053 3892; x_wconf 88' lang='lat' dir='ltr'><strong>non</strong></span> <span class='ocrx_word' id='word_1_306' title='bbox 2105 3833 2338 3921; x_wconf 80' lang='lat' dir='ltr'><strong>aperiat</strong></span> 
     </span>
     <span class='ocr_line' id='line_1_38' title="bbox 238 3928 2337 4023; baseline -0.002 -27"><span class='ocrx_word' id='word_1_307' title='bbox 238 3929 522 4016; x_wconf 70' lang='lat' dir='ltr'><strong>Caelum:</strong></span> <span class='ocrx_word' id='word_1_308' title='bbox 592 3943 1024 4023; x_wconf 80' lang='lat' dir='ltr'><strong>consequenter</strong></span> <span class='ocrx_word' id='word_1_309' title='bbox 1058 3929 1226 4022; x_wconf 83' lang='lat' dir='ltr'><strong>quod</strong></span> <span class='ocrx_word' id='word_1_310' title='bbox 1263 3934 1418 3995; x_wconf 77' lang='lat' dir='ltr'><strong>siout</strong></span> <span class='ocrx_word' id='word_1_311' title='bbox 1460 3928 1813 4023; x_wconf 80' lang='lat' dir='ltr'><strong>Baptismus</strong></span> <span class='ocrx_word' id='word_1_312' title='bbox 1848 3943 1939 4015; x_wconf 79' lang='lat' dir='ltr'><strong>est</strong></span> <span class='ocrx_word' id='word_1_313' title='bbox 1975 3929 2337 4019; x_wconf 57' lang='lat' dir='ltr'><strong>,introductio</strong></span> 
     </span>
     <span class='ocr_line' id='line_1_39' title="bbox 287 4027 2274 4116; baseline -0.002 -20"><span class='ocrx_word' id='word_1_314' title='bbox 287 4035 355 4096; x_wconf 87' lang='lat' dir='ltr'><strong>in</strong></span> <span class='ocrx_word' id='word_1_315' title='bbox 383 4030 755 4109; x_wconf 84' lang='lat' dir='ltr'><strong>Ecclesiam,</strong></span> <span class='ocrx_word' id='word_1_316' title='bbox 810 4034 897 4097; x_wconf 85' lang='lat' dir='ltr'><strong>ita</strong></span> <span class='ocrx_word' id='word_1_317' title='bbox 919 4029 1145 4116; x_wconf 81' lang='lat' dir='ltr'><strong>Sancta</strong></span> <span class='ocrx_word' id='word_1_318' title='bbox 1173 4031 1376 4096; x_wconf 85' lang='lat' dir='ltr'><strong>Coena</strong></span> <span class='ocrx_word' id='word_1_319' title='bbox 1403 4034 1483 4096; x_wconf 87' lang='lat' dir='ltr'><strong>sit</strong></span> <span class='ocrx_word' id='word_1_320' title='bbox 1509 4027 1890 4096; x_wconf 51' lang='lat' dir='ltr'><strong>introductio*</strong></span> <span class='ocrx_word' id='word_1_321' title='bbox 1917 4033 1976 4094; x_wconf 87' lang='lat' dir='ltr'><strong>in</strong></span> <span class='ocrx_word' id='word_1_322' title='bbox 2009 4029 2274 4095; x_wconf 60' lang='lat' dir='ltr'><strong>Caelum,</strong></span> 
     </span>
    </p>
   </div>
   <div class='ocr_carea' id='block_1_7' title="bbox 235 4154 2338 4352">
    <p class='ocr_par' dir='ltr' id='par_1_8' title="bbox 235 4154 2338 4352">
     <span class='ocr_line' id='line_1_40' title="bbox 334 4154 2337 4249; baseline -0.003 -27"><span class='ocrx_word' id='word_1_323' title='bbox 334 4188 341 4197; x_wconf 61' lang='grc'>’</span> <span class='ocrx_word' id='word_1_324' title='bbox 395 4161 540 4223; x_wconf 74' lang='lat'><strong>719.</strong></span> <span class='ocrx_word' id='word_1_325' title='bbox 597 4160 857 4249; x_wconf 77' lang='lat' dir='ltr'><strong>Quinam</strong></span> <span class='ocrx_word' id='word_1_326' title='bbox 887 4168 1053 4234; x_wconf 86' lang='lat' dir='ltr'><strong>sunt,</strong></span> <span class='ocrx_word' id='word_1_327' title='bbox 1104 4156 1205 4246; x_wconf 88' lang='lat' dir='ltr'><strong>qui</strong></span> <span class='ocrx_word' id='word_1_328' title='bbox 1247 4157 1321 4222; x_wconf 89' lang='lat' dir='ltr'><strong>ad</strong></span> <span class='ocrx_word' id='word_1_329' title='bbox 1358 4157 1637 4221; x_wconf 77' lang='lat' dir='ltr'><strong>Sanctam</strong></span> <span class='ocrx_word' id='word_1_330' title='bbox 1669 4155 1928 4221; x_wconf 85' lang='lat' dir='ltr'><strong>Caenam</strong></span> <span class='ocrx_word' id='word_1_331' title='bbox 1968 4154 2142 4239; x_wconf 84' lang='lat' dir='ltr'><strong>digne</strong></span> <span class='ocrx_word' id='word_1_332' title='bbox 2172 4176 2337 4217; x_wconf 87' lang='lat' dir='ltr'><strong>acce-</strong></span> 
     </span>
     <span class='ocr_line' id='line_1_41' title="bbox 235 4252 2338 4352; baseline -0.005 -29"><span class='ocrx_word' id='word_1_333' title='bbox 235 4258 419 4338; x_wconf 83' lang='lat' dir='ltr'><strong>dunt,</strong></span> <span class='ocrx_word' id='word_1_334' title='bbox 486 4262 683 4352; x_wconf 77' lang='lat' dir='ltr'><strong>agitur</strong></span> <span class='ocrx_word' id='word_1_335' title='bbox 733 4262 793 4327; x_wconf 87' lang='lat' dir='ltr'><strong>in</strong></span> <span class='ocrx_word' id='word_1_336' title='bbox 850 4259 1080 4327; x_wconf 83' lang='lat' dir='ltr'><strong>duobus</strong></span> <span class='ocrx_word' id='word_1_337' title='bbox 1134 4257 1622 4346; x_wconf 84' lang='lat' dir='ltr'><strong>subsequentibus</strong></span> <span class='ocrx_word' id='word_1_338' title='bbox 1680 4254 1985 4329; x_wconf 75' lang='lat' dir='ltr'><strong>Articulis,</strong></span> <span class='ocrx_word' id='word_1_339' title='bbox 2055 4264 2113 4317; x_wconf 85' lang='lat' dir='ltr'><strong>et</strong></span> <span class='ocrx_word' id='word_1_340' title='bbox 2167 4252 2338 4316; x_wconf 84' lang='lat' dir='ltr'><strong>simul</strong></span> 
     </span>
    </p>
   </div>
  </div>
 </body>
</html>
