2750 4775
576 340 774 418 'vnn
854 356 1257 418 nmmum
1312 363 1845 419 Assssl‘rssluM.
2239 378 2303 427 ω

219 542 329 604 quo
354 519 544 596 facto,
597 535 716 583 non
748 541 983 604 possum
1014 519 1264 604 amplius
1291 518 1352 581 in
1395 518 1584 582 lucem
1615 518 1769 582 hanc
1804 520 2136 585 ascendere.
2192 515 2310 587 Sed

217 622 435 695 subito,
484 630 549 684 ut
576 621 722 684 vidit
747 619 1011 706 Angelos
1037 620 1191 707 apud
1221 640 1314 682 me
1332 668 1349 694 ‚
1400 617 1797 685 inflammatus
1824 632 1911 685 est
1940 620 2090 688 facie
2115 633 2175 687 et
2205 646 2313 689 vo-

217 743 306 798 ce,
361 732 422 785 et
464 721 659 785 factus
692 732 782 787 est
826 722 1021 808 niger,
1069 721 1245 785 etiam
1287 721 1482 806 quoad
1523 721 1819 806 cingulum
1849 723 2070 787 circum
2097 723 2307 812 Caput,

214 833 269 887 et
294 844 402 911 per
429 833 789 909 aperturam,
843 843 948 909 per
973 841 1150 908 quam
1179 821 1451 896 surrexit,
1487 821 1757 906 delapsus
1783 830 1872 886 est
1896 823 1957 885 in
1984 822 2305 890 Infernum.

210 924 528 990 Adstantes
550 946 626 989 ex
654 924 766 988 illis
794 926 929 988 visis
955 933 1013 986 et
1036 922 1252 987 auditis
1278 921 1549 986 fecerunt
1581 921 1695 986 boc
1723 923 2059 988 conclusum
2080 971 2097 1001 ,
2150 928 2308 1011 quod

209 1026 390 1094 bomo
425 1028 563 1091 talis
600 1026 708 1102 sit,
758 1024 949 1112 qualis
975 1035 1064 1089 est
1101 1025 1224 1107 ejus
1249 1022 1572 1100 Voluntas,
1624 1034 1683 1087 et
1713 1047 1831 1087 uon
1862 1025 2050 1111 qualis
2075 1034 2163 1090 est
2189 1026 2314 1112 ejus

209 1128 554 1194 Intellectus
575 1178 588 1201 ,
643 1128 920 1213 quoniam
950 1126 1239 1191 Volu'ntas
1271 1123 1643 1190 Intellectum
1674 1123 1845 1190 facile
1871 1126 2066 1192 aufert
2090 1126 2150 1191 in
2177 1147 2316 1191 suas

208 1240 442 1317 partes,
496 1241 554 1292 et
595 1229 944 1313 emancipat.
1016 1228 1187 1293 Tunc
1225 1223 1488 1311 quaesivi
1518 1224 1810 1310 Angelos,
1866 1228 2021 1291 unde
2051 1229 2314 1293 rationa-

208 1332 346 1396 litas
384 1340 472 1396 est
509 1330 788 1403 diabolis,
837 1340 897 1393 et
937 1328 1245 1402 dicebant,
1297 1337 1384 1392 est
1422 1348 1493 1392 ex
1529 1327 1719 1414 gloria
1750 1330 1971 1393 amoris
1995 1328 2117 1405 sui,
2170 1350 2309 1394 nam

208 1455 384 1496 amor
418 1432 510 1497 sui
549 1431 1026 1516 circumcingitur
1063 1428 1280 1515 gloria,
1332 1439 1421 1493 est
1468 1428 1624 1491 enim
1667 1427 1815 1493 baec
1848 1429 2127 1516 splendor
2163 1430 2313 1517 ignis

207 1534 374 1618 θίιις,
437 1543 496 1602 et
538 1532 727 1620 gloria
773 1532 868 1595 illa
911 1531 1108 1595 elevat
1148 1529 1510 1593 intellectum
1557 1550 1744 1617 paene
1784 1532 1841 1594 in
1885 1529 2077 1594 lucem
2119 1531 2310 1605 Caeli;

208 1656 347 1698 nam
382 1633 716 1698 Intellectus
747 1633 899 1721 apud
931 1631 1386 1719 unumquemvis
1410 1630 1709 1694 hominem
1755 1630 2058 1697 elevabitis
2096 1642 2185 1697 est
2222 1654 2315 1697 se-

209 1736 467 1800 cundum
509 1735 900 1821 cognitiones»,
956 1733 1058 1798 sed
1100 1755 1218 1796 non
1260 1733 1550 1798 Voluntas
1585 1732 1693 1795 nisi
1736 1754 1839 1819 per
1876 1730 2060 1798 vitani
2100 1754 2311 1799 secun·

205 1838 348 1901 dum
381 1836 676 1902 Ecclesiae
705 1847 761 1899 et
792 1836 1065 1899 Rationis
1094 1855 1267 1906 vera;
1322 1833 1459 1897 inde
1488 1842 1595 1907 est,
1649 1834 1808 1918 quod
1837 1833 1946 1920 ipsi
1969 1830 2164 1911 Athei,
2210 1836 2314 1923 qui

207 1938 268 2001 in
317 1939 501 2023 gloria
543 1937 738 2002 famae
775 1953 846 1999 ex
886 1956 1089 1999 amore
1132 1935 1221 1999 sui
1263 1943 1437 2007 suut,
1489 1943 1549 1997 et
1587 1934 1723 1996 inde
1766 1935 1825 1997 in
1852 1933 2006 1999 fastu
2032 1937 2312 2024 propriae

207 2039 668 2125 intelligentiae,
719 2038 1016 2123 gaudeant
1056 2035 1454 2099 rationalitate
1499 2034 1871 2109 sublimiore,
1923 2058 2101 2122 quam
2142 2039 2311 2102 multi

208 2140 313 2202 alii
330 2163 347 2213 ‚·
397 2140 500 2204 sed
539 2148 680 2202 tunc
719 2160 851 2201 cum
896 2139 954 2200 in
996 2135 1357 2220 cogitatione
1382 2134 1715 2198 intellectus
1737 2148 1911 2211 sunt,
1962 2160 2084 2202 non
2113 2148 2313 2205 autem

211 2259 351 2302 cum
388 2240 450 2302 in
493 2259 694 2303 amore
720 2238 1086 2310 Voluntatis,
1142 2244 1201 2297 et
1242 2257 1412 2301 amor
1444 2236 1780 2301 Voluntatis
1820 2238 2076 2323 possidet
2116 2240 2312 2306 Inter-

212 2359 359 2404 num
389 2341 719 2414 hominem,
771 2347 832 2403 at
851 2337 1137 2422 ‘cogitatio
1167 2337 1496 2402 intellectus
1528 2337 1865 2404 Externum.
1938 2340 2129 2407 Porro
2168 2342 2315 2409 dixit

210 2440 482 2528 Angelus
521 2462 790 2517 causam,
841 2460 948 2504 cur
977 2439 1165 2504 bomo
1204 2439 1490 2504 conflatus
1527 2452 1614 2503 est
1654 2462 1718 2502 ex
1764 2442 1950 2507 tribus
1973 2442 2311 2523 Amoribus,

209 2543 492 2609 videlicet
528 2563 603 2605 ex
640 2556 844 2606 amore
873 2540 1054 2615 Usus,
1106 2561 1176 2604 ex
1216 2550 1418 2605 amore
1454 2540 1689 2617 Mundi,
1744 2554 1802 2605 et
1842 2565 1916 2607 ex
1952 2563 2157 2610 amore
2180 2547 2306 2625 sui,

204 2666 390 2709 causa
431 2655 550 2720 est,
607 2654 669 2706 ut
709 2643 888 2707 bomo
934 2644 1151 2728 cogitet
1187 2665 1221 2705 a
1255 2644 1415 2716 Deo,
1467 2646 1698 2708 tametsi
1740 2666 1978 2730 prorsus
2015 2655 2077 2709 ut
2104 2667 2175 2711 ex
2214 2669 2308 2721 se;

202 2746 386 2820 dixit,
442 2747 611 2834 quod·
642 2765 914 2833 suprema
953 2743 1014 2807 in
1053 2742 1305 2809 hominis
1351 2744 1553 2810 Mente
1600 2767 1767 2810 versa
1808 2746 1923 2809 sint
1961 2764 2190 2813 sursum
2233 2748 2310 2813 ad

205 2848 411 2912 De'um
433 2899 448 2922 ‚
506 2847 697 2912 media
735 2847 815 2910 ibi
858 2855 1186 2911 extrorsum
1224 2845 1299 2908 ad
1326 2844 1613 2909 Mundum
1635 2895 1673 2932 ,δ
1704 2869 1776 2911 ac
1801 2844 2004 2913 infima
2030 2848 2109 2912 ibi
2135 2848 2311 2914 deor-

201 2970 340 3015 sum
368 2950 425 3011 in
452 2970 688 3036 corpus,
739 2958 799 3012 et
824 2949 963 3032 quia
993 2945 1144 3011 haec
1169 2967 1338 3013 versa
1367 2957 1503 3011 sunt
1528 2948 1827 3022 deorsum,
1879 2949 2100 3034 cogitat
2126 2948 2308 3014 bomo

201 3070 453 3140 prorsus
484 3059 546 3112 ut
574 3070 645 3112 ex
671 3070 734 3114 se
754 3097 769 3123 ,
824 3069 955 3111 cum
984 3058 1182 3112 tamen
1211 3069 1244 3113 a
1275 3046 1424 3113 Deo.

317 3172 322 3179 ·
371 3155 518 3215 508.
574 3150 883 3227 „Sexrum
909 3149 1373 3215 MemonAmffl:
1424 3149 1700 3230 Quodam
1742 3150 1832 3211 die
1860 3149 2131 3237 apparuit
2165 3149 2308 3217 mihi

197 3248 987 3339 „Templummagnificu'm
1030 3250 1256 3314 formae
1297 3253 1657 3335 quadratae,
1712 3251 1876 3335 cnjus
1899 3248 2150 3315 Tectum
2180 3260 2309 3315 erat

199 3355 443 3431 „instar
467 3352 776 3426 Coronae,
827 3361 1136 3416 arcuatum
1179 3372 1392 3436 supra,
1444 3361 1502 3415 et
1535 3351 1829 3414 elevatum
1866 3349 2086 3414 circum
2116 3352 2305 3426 circa;
2336 3346 2342 3353 ’

198 3455 884 3540 „Parietes-ejuserant
920 3455 1231 3519 continuae
1261 3452 1585 3517 Fenestrae
1628 3472 1699 3514 ex
1738 3446 2088 3540 Crystallisj
2127 3452 2311 3520 Porta

195 3578 317 3635 „ex
357 3556 687 3625 substantia
720 3554 1138 3641 ‘margariticm
1207 3555 1366 3617 intus
1411 3554 1485 3617 ad
1531 3554 1686 3617 latus
1729 3552 2113 3621 meridionale
2155 3556 2311 3621 occi·-

196 3660 488 3735 „dentem
531 3677 734 3720 versus
774 3653 1316 3742 eratSuggestnm,
1366 3676 1542 3741 super
1570 3677 1687 3741 quo
1731 3654 1804 3717 ad
1832 3656 2099 3722 dextrum
2127 3658 2312 3745 jacuit

196 3758 517 3835 „Verbum
558 3766 829 3841 apertum
876 3758 1131 3820 cinctum
1174 3755 1425 3841 sphaera
1463 3756 1637 3831 lucis,
1690 3756 1856 3841 cujus
1895 3756 2174 3847 splendor
2216 3769 2308 3824 to-

198 3870 381 3938 „tum
423 3868 765 3944 suggestum
822 3858 1107 3921 circuibat
1149 3867 1210 3920 et
1259 3856 1666 3931 illuminabat;
1738 3861 1797 3922 in
1837 3859 2035 3924 medio
2075 3860 2311 3949 Templi

199 3971 381 4038 „erat
420 3957 718 4048 Adytum,
764 3968 918 4023 >ante
962 3960 1120 4045 quod
1161 3957 1412 4036 Vel'um,
1462 3959 1564 4023 sed
1609 3959 1767 4023 nunc
1807 3958 2138 4033 sublatum,
2206 3962 2307 4025 ubi

198 4061 410 4140 „stetit
456 4060 768 4153 Cherubus
815 4080 887 4124 ex
931 4080 1078 4125 auro
1123 4081 1255 4125 cum
1299 4081 1440 4137 ense
1483 4059 1599 4125 buc
1644 4058 1784 4127 illuc
1822 4082 1885 4125 se
1927 4060 2202 4126 vibrante
2248 4063 2310 4125 in

201 4182 448 4240 „manu
524 4158 692 4226 Haec
733 4160 869 4225 dum
910 4160 1279 4248 conspicatus
1319 4180 1482 4236 sum,
1533 4161 1594 4227 in
1613 4151 2066 4226 ¹meditationem
2095 4179 2309 4230 meam,

199 4265 389 4349 „quid
415 4260 647 4350 singula
678 4262 777 4327 illa
807 4261 1239 4349 significarent,
1277 4259 1538 4334 influxit;
1592 4259 1898 4333 videlicet,
1942 4257 2100 4342 quod
2129 4258 2307 4321 Tem·
2403 4244 2448 4259 “’

1766 4357 1888 4420 D*

2469 375 2505 430 0
