2750 4775
441 371 548 421 282
669 359 1127 416 UMVERSA
1171 359 1703 414 THEOLOGM
1754 360 1822 412 H.
1864 359 1927 412 C.
1969 359 2074 411 ΕΤ
2114 359 2182 415 Β.
2226 358 2323 413 Ε..

435 523 689 580 statuam
721 513 1294 581 Nebucbadnezaris.
1375 514 1697 579 Praeterea
1732 513 1996 580 Ecclesia
2036 534 2237 578 coram
2277 514 2545 578 Domino

437 624 681 702 apparet
731 614 882 680 sicut
931 638 1080 682 nnus
1130 616 1343 692 homo,
1408 625 1469 679 et
1522 615 1817 682 Maximus
1850 615 1960 682 ,hic
2012 616 2213 679 Homo
2266 615 2553 680 transibit

436 726 662 782 aetates
687 737 824 782 suas
849 719 1000 786 sicut
1033 739 1248 805 parvus
1286 716 1499 790 bomo,
1553 716 1828 782 videlicet
1871 717 1947 779 ab
1986 716 2233 780 infantia
2279 715 2355 780 ad
2398 715 2557 780 ado-

435 818 772 884 lescentiam
791 862 810 892 ,
847 829 907 882 et
933 839 1036 907 per
1061 817 1212 883 banc
1243 817 1317 882 ad
1342 818 1735 901 juventutem,
1776 827 1836 880 et
1863 818 2102 881 taudem
2130 818 2192 878 in
2216 828 2553 894 senectam,

432 929 494 986 et
521 930 660 985 tune
686 940 822 983 cum
851 921 1134 995 moritur,
1185 928 1481 1005 resurget:
1537 918 1677 983 dicit
1705 918 2025 995 Dominus,
2086 919 2239 984 Nisi
2273 941 2550 1008 granum

434 1025 613 1087 tritici
653 1020 882 1086 cadens
913 1025 976 1086 in
1021 1036 1236 1087 terram
1269 1024 1590 1095 moriatur,
1644 1034 1872 1096 manet,
1921 1034 1987 1085 at
2010 1044 2160 1085 vero
2185 1024 2243 1084 si
2267 1024 2556 1096 nioritur,

435 1122 684 1187 multum
705 1118 1172 1210 fivctumfert,
1220 1120 1359 1186 Job⁴
1402 1120 1552 1185 XII:
1600 1125 1703 1185 24.

586 1228 732 1289 ⁷63.
785 1225 962 1306 Quod
1003 1224 1321 1289 secundum
1367 1223 1636 1286 ordinem
1682 1222 2196 1309 sit‚-ut‘primum
2244 1223 2552 1310 procedat

431 1324 510 1389 ad
533 1346 702 1389 suum
733 1325 1001 1390 ultimum
1031 1325 1087 1388 iu
1115 1325 1431 1390 Communi
1460 1333 1518 1386 et
1550 1323 1609 1385 in
1639 1323 2009 1396 Particulari.
2056 1336 2141 1389 est
2176 1336 2235 1387 ut
2266 1326 2547 1388 omnium

431 1424 689 1492 varietas
711 1427 956 1501 existat,
1006 1436 1065 1490 et
1093 1448 1197 1514 per
1223 1427 1542 1490 varietates
1569 1425 1758 1490 omnis
1785 1425 2066 1512 qualitas.
2110 1447 2246 1490 narn
2276 1425 2551 1511 qualitas

429 1548 535 1616 per
561 1526 918 1592 differentias
955 1528 1232 1594 relativas
1267 1528 1342 1589 ad
1384 1526 1515 1611 plus
1552 1536 1612 1589 et
1652 1527 1843 1590 minus
1881 1527 2148 1614 opposita
2192 1526 2547 1613 perficitur.;

425 1630 556 1715 quis
594 1650 713 1693 uon
759 1639 950 1716 potest
978 1629 1176 1696 videre
1220 1627 1379 1715 quod
1412 1627 1637 1692 Verum
1671 1650 1840 1692 suum
1884 1628 2057 1713 quale
2090 1630 2372 1714 accipiat,
2435 1647 2548 1714 per

425 1730 584 1816 quod
615 1732 786 1795 detur
817 1730 1086 1807 Falsum,
1129 1730 1395 1795 similiter
1420 1728 1653 1793 Bonum
1684 1729 1842 1815 quod
1871 1731 2044 1793 detur
2069 1731 2326 1804 Malum,
2371 1730 2548 1792 simi-

429 1832 563 1895 liter
590 1841 653 1895 ut
682 1832 780 1896 lux
806 1832 964 1917 quod
991 1834 1166 1896 detur
1195 1829 1407 1915 caligo,
1434 1840 1495 1895 et
1522 1829 1686 1896 calor
1712 1832 1870 1916 quod
1900 1830 2071 1894 detur
2099 1831 2297 1916 frigus.
2370 1828 2546 1911 Quid

430 1932 627 2006 color,
679 1935 727 1999 si
759 1932 936 1998 modo
962 1932 1208 1997 daretur
1233 1931 1434 1994 album
1462 1942 1522 1996 et
1547 1952 1666 1995 non
1698 1934 1962 2020 nigrum,
2014 1931 2250 1996 aliunde
2290 1953 2421 1998 uon
2455 1942 2546 1996 est

431 2033 693 2098 colorum
723 2034 1208 2098 intermediorum
1249 2032 1502 2117 qualitas
1540 2034 1645 2096 nisi
1686 2031 2046 2118 imperfecta.
2127 2033 2283 2114 Quid
2308 2033 2543 2098 Sensus

427 2135 650 2219 absque
677 2134 964 2200 relatione
983 2183 999 2210 ,
1052 2145 1109 2198 et
1135 2132 1345 2197 relatio
1370 2133 1480 2198 nisi
1507 2135 1581 2198 ad
1611 2134 1897 2220 opposita,
1940 2155 2156 2199 numne
2184 2135 2341 2199 visus
2372 2135 2542 2199 oculi

426 2234 751 2300 infuscatur
776 2258 848 2300 ex
874 2236 1002 2299 solo
1025 2236 1164 2300 albo
1182 2283 1199 2311 ‚
1253 2244 1311 2298 et
1338 2234 1675 2299 vivificatur
1699 2256 1771 2299 ex
1798 2236 2029 2311 colore,
2084 2236 2182 2322 qui
2225 2237 2388 2300 intus
2433 2238 2542 2301 ali-

423 2335 563 2422 quid
603 2335 784 2401 trahit
823 2357 896 2400 ex
938 2338 1142 2425 nigro,
1209 2336 1403 2423 qualis
1453 2346 1541 2402 est
1587 2336 1753 2402 color
1794 2335 2031 2411 viridis;
2089 2358 2305 2402 numne
2349 2336 2540 2404 Auris

425 2436 712 2500 surdescit
738 2459 811 2502 ex
839 2460 957 2503 uno
983 2449 1127 2502 tono
1168 2438 1445 2502 continue
1483 2440 1805 2524 stringente
1850 2457 2075 2523 organa
2117 2439 2275 2524 ejus,
2326 2449 2394 2503 et
2437 2460 2539 2503 ex-

430 2537 645 2599 citatur
683 2561 753 2602 ex
803 2540 1236 2616 modulamine,
1284 2539 1447 2625 quod
1498 2540 1763 2603 variatur
1808 2561 1913 2625 per
1955 2541 2285 2605 relationes.
2370 2540 2538 2621 Quid

427 2636 733 2725 pulchrum
763 2640 986 2724 absque
1012 2641 1299 2706 relatione
1340 2640 1417 2703 ad
1457 2640 1878 2727 impulchrum,
1932 2663 2118 2726 quare
2162 2652 2229 2705 ut
2270 2641 2539 2728 pulchri-

426 2740 571 2803 tudo
599 2741 845 2827 alicujus
873 2743 1115 2829 virginis
1142 2742 1214 2805 ad
1247 2742 1444 2805 vivum
1472 2742 1743 2816 sistatur,
1793 2743 1853 2804 in
1896 2742 2244 2831 quibusdam
2290 2744 2539 2829 picturis

423 2841 501 2906 ad
529 2842 681 2907 latus
709 2846 1026 2931 apponitur
1051 2847 1250 2929 imago
1278 2842 1574 2909 deformis.
1642 2842 1800 2922 Quid
1833 2844 2152 2930 jucundum
2184 2854 2242 2908 et
2270 2845 2534 2909 faustum

426 2943 647 3031 absque
673 2945 964 3010 relatione
990 2946 1066 3010 ad
1093 2945 1475 3029 injucundum
1500 2952 1560 3006 et
1587 2943 1924 3008 infaustum.
1996 2947 2144 3026 Quis
2169 2962 2288 3010 non
2318 2947 2537 3011 delirat

425 3065 499 3107 ex
528 3068 644 3109 una
672 3056 977 3111 constante
1004 3046 1135 3110 idea
1156 3092 1175 3120 ,
1225 3045 1330 3108 nisi
1361 3046 1619 3109 varietas
1642 3067 1715 3108 ex
1744 3045 1959 3110 talibus
1984 3067 2139 3131 quae
2167 3058 2432 3134 vergunt
2458 3047 2531 3112 ad

426 3148 722 3234 opposita,
773 3147 1089 3236 interpolet
1114 3145 1292 3210 illam.
1346 3146 1547 3209 Simile
1575 3155 1662 3210 est
1689 3147 1750 3210 in
1781 3146 2179 3235 spiritualibus
2205 3148 2531 3226 Ecclesiae,

425 3266 675 3333 quorum
703 3250 969 3336 opposita
996 3270 1057 3315 se
1086 3248 1351 3312 referunt
1376 3247 1452 3311 ad
1482 3247 1699 3331 malum
1741 3257 1799 3309 et
1836 3247 2084 3320 falsum;
2136 3271 2295 3336 quae
2332 3262 2531 3313 tamen

423 3369 540 3413 non
577 3358 714 3413 suut
756 3371 827 3412 ex
854 3350 1144 3429 Domino,
1196 3348 1297 3413 sed
1338 3369 1410 3412 ex
1452 3346 1723 3423 homine,
1779 3349 1872 3413 cui
1911 3348 2161 3419 liberum
2210 3351 2527 3417 arbitrium

421 3458 540 3524 est,
591 3451 752 3536 quod
779 3450 855 3515 ad
885 3453 1106 3516 bonnm
1137 3471 1302 3514 usum
1329 3460 1393 3513 et
1437 3448 1512 3512 ad
1553 3449 1770 3513 malum
1813 3472 1978 3515 usum
2022 3460 2211 3536 potest
2246 3451 2525 3524 flectere;

425 3551 826 3633 comparative
852 3553 1001 3623 sient
1044 3562 1129 3617 est
1170 3571 1304 3616 cnm
1345 3550 1595 3635 caligine
1636 3559 1693 3612 et
1734 3551 1987 3638 frigore,
2040 3550 2190 3616 baec
2228 3576 2355 3617 non
2395 3561 2531 3618 sunt

419 3668 496 3711 ex
534 3648 705 3725 Sole,
756 3651 857 3714 sed
904 3672 974 3715 ex
1016 3653 1295 3729 Tellure,
1347 3673 1501 3738 quae
1542 3673 1645 3739 per
1698 3653 2254 3719 circumvolutiones
2296 3675 2527 3718 succes-

420 3748 544 3812 sive
587 3770 649 3812 se
695 3750 968 3814 subducit
1014 3763 1072 3816 et
1114 3755 1320 3828 vertit,
1372 3762 1433 3816 et
1478 3763 1676 3816 tamen
1712 3756 1940 3840 absque
1981 3755 2251 3821 versione
2292 3765 2357 3819 et
2384 3757 2526 3819 sub·

421 3849 695 3913 ductione
737 3851 893 3936 ejus,
946 3875 1068 3918 non
1096 3853 1248 3918 soret
1277 3855 1400 3918 dies
1427 3875 1534 3918 nec
1561 3875 1781 3930 annus,
1832 3865 1892 3918 et
1931 3856 2067 3923 inde
2112 3854 2232 3918 non
2280 3856 2523 3943 aliquid,

421 3970 531 4015 nec
560 3950 770 4037 aliquis
789 3974 967 4038 super
991 3962 1167 4019 terra.
1247 3952 1496 4030 Audivi,
1546 3957 1708 4042 quod
1732 3955 2067 4032 Ecclesiae,
2120 3979 2275 4044 quae
2315 3959 2379 4021 in
2418 3957 2528 4022 dit-

421 4049 746 4118 ferentibus
775 4053 962 4120 bonis
987 4065 1048 4120 et
1073 4055 1229 4121 veris
1254 4066 1424 4132 sunt,
1479 4056 1654 4121 modo
1682 4058 1841 4123 bona
1870 4056 2102 4123 illorum
2147 4079 2211 4122 se
2236 4057 2527 4125 «referum

419 4151 496 4215 ad
525 4173 787 4219 amorem
817 4155 874 4216 in
905 4156 1259 4230 Dominum,
1311 4167 1368 4220 et
1400 4178 1542 4223 vera
1573 4159 1646 4221 ad
1684 4158 1860 4223 fidem
1899 4161 1960 4223 in
1999 4159 2355 4237 Dominum,
2412 4161 2526 4228 sint

421 4253 600 4319 veluti
645 4254 890 4333 totidem
915 4252 1201 4320 Clenodia
1228 4255 1287 4318 in
1314 4255 1549 4325 Corona
1579 4259 1775 4346 Regis.
