2750 4775
494 376 597 423 ¹58
716 363 1172 417 UNIVERSA
1216 363 1751 417 THEOLOGIA
1799 364 1865 418 N.
1911 363 1972 415 C.
2017 364 2120 415 ΕΤ
2162 364 2227 415 Ν.
2269 363 2332 418 Ε.

489 529 708 587 torem
760 527 821 582 at
850 515 991 583 fides
1018 539 1207 583 novae
1234 518 1532 583 Ecclesiae
1564 528 1650 583 est
1679 519 1737 581 in
1777 538 1961 581 unum
1986 516 2207 592 Deum,
2257 516 2353 604 qui
2390 517 2536 582 simul

488 630 575 683 est
601 618 879 694 Creator,
931 619 1295 707 Redemptor
1335 629 1393 684 et
1434 618 1728 684 Salvator.
1806 617 1982 682 Fides
2025 618 2234 706 prioris
2273 619 2539 683 Ecclesiae

486 730 604 795 est,
657 720 813 806 quod
842 718 1016 785 fidem
1046 720 1325 785 donatam
1353 728 1413 784 et
1441 720 1785 806 imputatam
1824 729 2145 805 sequantur
2170 738 2244 783 ex
2270 741 2333 784 se
2359 719 2541 784 Paeni-

488 822 701 897 tentia,
754 822 1044 886 Remissio
1073 831 1481 907 peccatorum,
1533 822 1904 894 Renovatio,
1956 822 2382 906 Regeneratio,
2417 821 2540 885 San·

488 921 794 997 ctificatio,
860 933 918 985 et
955 923 1155 996 Salus,
1222 932 1456 1009 praeter
1498 923 1656 1009 quod
1701 922 1919 1009 aliquid
1964 922 2214 987 bominis
2258 923 2369 986 illis
2409 942 2543 984 com-

489 1025 801 1090 misceatur
827 1032 928 1088 aut
956 1025 1380 1109 conjungatur;
1434 1033 1495 1089 at
1521 1022 1665 1087 fides
1689 1043 1881 1088 novae
1909 1023 2205 1087 Ecclesiae
2235 1024 2404 1087 docet
2431 1042 2545 1111 pae-

490 1125 829 1199 nitentiam,
880 1124 1398 1199 reformationem,
1450 1124 1991 1210 regenerationem,
2055 1133 2115 1188 et
2156 1126 2246 1190 sic
2286 1124 2544 1189 remissio·

486 1247 620 1288 nem
651 1234 1053 1314 peccatorum,
1109 1234 1464 1312 cooperante
1488 1224 1745 1289 bomine.
1824 1225 1997 1290 Fides
2036 1225 2249 1311 prioris
2277 1225 2545 1290 Ecclesiae

490 1324 666 1389 tradit
697 1327 1138 1414 imputationem
1169 1327 1360 1390 meriti
1389 1324 1634 1402 Christi,
1688 1348 1866 1412 quam
1911 1326 2127 1390 donata
2169 1325 2316 1391 fides
2355 1324 2545 1412 ample·

491 1428 698 1501 ctitnr;
766 1437 827 1492 at
869 1425 1013 1491 fides
1055 1449 1247 1492 novae
1290 1427 1588 1491 Ecclesiae
1629 1427 1800 1491 docet
1845 1428 2292 1514 imputationem
2337 1427 2463 1493 boni
2498 1432 2546 1489 et

489 1527 661 1604 mali,
713 1537 771 1592 et
825 1529 993 1594 simul
1049 1527 1210 1605 fidei,
1276 1539 1334 1591 et
1387 1529 1542 1616 quod
1591 1527 1737 1592 haec
1781 1528 2086 1616 imputatio
2130 1530 2207 1592 sit
2254 1528 2541 1594 secundum

486 1629 848 1716 Scripturam
892 1651 1155 1705 sacram,
1215 1630 1312 1693 illa
1359 1640 1554 1694 autem
1601 1641 1806 1694 contra
1850 1650 1998 1693 eam.
2093 1628 2274 1694 Prior
2317 1627 2546 1696 Ecclesia

488 1730 667 1794 tradit
695 1731 1069 1796 donationem
1104 1729 1237 1794 fidei
1264 1731 1325 1792 in
1358 1752 1478 1817 qua
1516 1731 1787 1794 meritum
1818 1729 2063 1806 Christi,
2116 1732 2357 1817 quando
2396 1732 2544 1795 homo

488 1841 577 1897 est
612 1832 759 1896 sicut
803 1843 1043 1895 truncus
1082 1841 1141 1895 et
1180 1831 1355 1918 lapis,
1407 1842 1466 1895 et
1509 1854 1745 1917 quoque
1787 1830 1964 1894 tradit
2004 1832 2248 1895 totalem
2293 1833 2546 1921 impoten-

488 1934 629 1997 tiam
658 1934 714 1996 in
741 1932 1170 2019 spiritualibus:
1215 1932 1392 1997 Nova
1420 1942 1616 1996 autem
1646 1931 1906 1997 Ecclesia
1935 1933 2107 1996 docet
2131 1954 2374 2020 prorsus
2398 1932 2543 1997 aliam

489 2032 700 2109 fidem,
753 2055 904 2119 quae
932 2055 1051 2096 non
1078 2043 1163 2098 est
1202 2033 1261 2097 in
1290 2033 1561 2098 meritum
1589 2032 1835 2109 Christi,
1888 2034 1992 2097 sed
2030 2035 2090 2098 in
2131 2033 2331 2122 Ipsum
2368 2035 2543 2099 Jesum

486 2135 783 2201 Christum
826 2136 1012 2199 Deum
1041 2135 1498 2222 Redemptorem
1542 2143 1601 2199 et
1636 2133 2041 2210 salvatorem,
2094 2145 2152 2200 et
2189 2135 2435 2200 liberum
2470 2150 2547 2197 ar·

490 2237 726 2302 bitrium
781 2247 899 2299 tam
952 2236 1026 2298 ad
1080 2237 1487 2325 applicandum
1537 2259 1600 2301 se
1652 2237 1726 2300 ad
1780 2237 2205 2323 receptionem,
2275 2259 2443 2324 quam
2490 2230 2548 2297 ad

486 2337 942 2425 cooperandum.
1022 2338 1194 2404 Prior
1240 2337 1500 2404 Ecclesia
1545 2336 1680 2403 fidei
1719 2358 1861 2404 suae
1913 2337 2177 2425 adjungit
2224 2338 2545 2404 charitatem

487 2449 552 2501 ut
582 2437 994 2526 appendicem,
1037 2440 1136 2505 sed
1169 2463 1288 2504 non
1317 2449 1381 2503 ut
1408 2440 1764 2516 salvificam,
1807 2449 1866 2504 et
1892 2441 1975 2504 sic
2001 2440 2143 2505 facit
2170 2440 2544 2529 Religionem:
2655 2479 2656 2494 κ

486 2540 664 2604 Nova
697 2549 892 2602 autem
922 2540 1183 2610 Ecclesia
1212 2542 1516 2628 conjungit
1558 2541 1730 2605 fidem
1775 2542 1834 2605 in
1863 2541 2180 2606 Dominum
2222 2552 2287 2606 et
2325 2540 2546 2605 charita-
2655 2605 2656 2630 ξ

488 2650 607 2703 tem
634 2660 775 2727 erga
802 2644 1160 2728 proximum,
1217 2652 1282 2707 ut
1309 2643 1428 2706 duo
1457 2641 1898 2728 inseparabilia,
1953 2652 2012 2706 et
2037 2643 2121 2707 sic
2149 2642 2293 2726 facit
2318 2640 2547 2727 Religio-
2655 2633 2656 2642 ’

488 2762 657 2812 nem;
708 2752 942 2829 praeter
970 2745 1163 2829 plures
1190 2744 1332 2807 alias
1359 2743 1801 2808 discordantias.

643 2847 788 2907 648.
846 2843 933 2908 Ex
962 2844 1127 2909 brevi
1155 2843 1252 2909 illa
1270 2845 1621 2909 'recensione
1648 2844 2176 2909 discordantiarum
2210 2865 2321 2910 seu
2360 2843 2548 2909 dissen-

487 2965 687 3020 suum,
743 2956 902 3030 patet
941 2944 1099 3031 quod
1144 2943 1286 3010 fides
1322 2955 1382 3008 et
1419 2945 1731 3034 imputatio
1769 2946 1983 3011 Novae
2012 2945 2316 3011 Ecclesiae
2358 2960 2547 3028 nequa·

490 3065 668 3129 quam
702 3046 880 3132 possit
908 3067 1022 3110 una
1050 3067 1175 3110 esse
1203 3068 1333 3109 cum
1373 3045 1489 3109 fide
1516 3056 1577 3110 et
1602 3046 1987 3134 imputatione
2015 3047 2225 3133 prioris
2249 3069 2356 3113 seu
2384 3043 2549 3109 adhuc

488 3146 800 3230 perstantis
825 3145 1157 3222 Ecclesiae,
1210 3157 1268 3209 et
1294 3147 1433 3233 quia
1464 3147 1594 3212 talis
1633 3147 1924 3211 discordia
1964 3156 2023 3210 et
2056 3147 2349 3213 dissensus
2372 3154 2454 3210 est
2476 3144 2547 3206 in·

486 3255 581 3310 ter
604 3247 908 3333 utriusque
943 3246 1236 3313 Ecclesiae
1268 3247 1442 3312 fidem
1475 3260 1541 3312 ·et
1580 3247 1703 3331 ejus
1741 3248 2221 3333 imputationem,
2274 3260 2361 3314 est
2400 3246 2545 3335 plena

487 3345 984 3437 heterogeneitas‚
1039 3370 1222 3435 quare
1252 3351 1300 3413 si
1338 3371 1454 3413 una
1498 3359 1694 3414 essent
1728 3350 1793 3413 in
1832 3358 2027 3413 mente
2068 3345 2353 3427 hominis,
2404 3348 2548 3412 fieret

485 3447 705 3514 collisio
733 3460 790 3515 et
820 3446 1117 3514 conflictio
1143 3451 1304 3524 talis,
1360 3461 1424 3515 ut
1458 3451 1673 3538 periret
1706 3471 1879 3515 omne
1908 3449 2240 3527 Ecclesiae,
2295 3462 2355 3516 et
2390 3449 2546 3514 homo

482 3550 545 3611 in
571 3549 968 3634 spiritualibus
995 3551 1232 3614 caderet
1259 3551 1353 3615 vel
1382 3552 1439 3613 in
1469 3550 1736 3614 delirium
1770 3551 1865 3614 vel
1908 3550 1968 3613 in
2009 3550 2365 3638 deliquium,
2413 3545 2545 3613 unde

486 3671 606 3712 non
648 3653 822 3716 sciret
867 3652 1005 3737 quid
1044 3651 1336 3725 Ecclesia,
1387 3661 1447 3715 et
1490 3673 1629 3715 num
1675 3650 1968 3724 Ecclesia;
2024 3674 2164 3716 num
2211 3663 2353 3716 tunc
2394 3649 2546 3716 sciret

485 3749 704 3835 aliquid
731 3752 804 3814 de
836 3750 997 3828 Deo,
1049 3752 1265 3840 aliquid
1293 3754 1364 3816 de
1392 3752 1536 3828 fide,
1592 3761 1649 3815 et
1676 3752 1890 3838 aliquid
1919 3750 1990 3815 de
2016 3752 2320 3818 charitate.
2396 3748 2547 3815 Fides

483 3849 695 3940 prioris
720 3850 1044 3930 Ecclesiae,
1097 3855 1233 3942 quia
1262 3855 1517 3919 excludit
1543 3873 1718 3918 omne
1754 3853 1899 3917 lucis
1926 3874 1997 3916 ex
2037 3854 2300 3928 ratione,
2351 3845 2545 3919 assimi-

480 3951 590 4016 lari
620 3961 811 4041 potest
849 3963 1132 4028 noctuae3
1185 3965 1246 4019 at
1285 3954 1429 4020 fides
1467 3975 1659 4020 novae
1702 3953 2001 4020 Ecclesiae
2037 3954 2345 4021 assimilari
2381 3953 2546 4042 potest

485 4052 825 4131 columbae,
880 4076 1032 4141 quae
1059 4056 1158 4119 diu
1185 4057 1379 4133 volat,
1431 4068 1490 4121 et
1521 4056 1680 4122 videt
1705 4078 1779 4121 ex
1804 4057 1935 4121 luce
1968 4057 2148 4131 caeli;
2203 4076 2388 4143 quare
2424 4068 2544 4117 cou-

481 4154 702 4238 junctio
729 4156 959 4221 illarum
987 4156 1046 4219 in
1075 4178 1189 4221 una
1219 4169 1414 4222 mente
1454 4156 1609 4221 foret
1649 4158 1799 4223 sicut
1837 4157 2176 4243 conjunctio
2217 4165 2461 4222 noctuae
2494 4154 2559 4212 et·

484 4254 790 4321 columbae
815 4257 876 4322 in
904 4279 1020 4323 nno
1048 4258 1207 4334 nido,
1252 4258 1352 4322 uhi
1382 4266 1599 4322 noctua
1628 4266 1875 4345 poneret
1899 4279 2007 4323 sua
2037 4279 2169 4335 ova,
2210 4267 2268 4324 et
2296 4250 2540 4324 columba
