2750 4775
186 383 934 440 aDDITAMEN'rUM.
981 415 1048 427 --
1087 385 1712 441 MAHUMEDANI
1755 387 1843 441 IN
1884 388 1963 441 M.
2005 389 2123 444 SP.
2168 400 2271 450 3³1

180 538 443 626 Josephi‚
496 540 603 604 sed
645 537 827 605 Filius
883 539 1069 626 Ipsius
1118 540 1249 605 Dei.
1337 540 1440 605 Isti
1488 539 1833 606 Mahumedi
1872 553 2282 608 successerunt

181 648 370 723 postea
398 640 516 716 alii.
577 640 646 704 In
676 639 809 706 loco
840 641 941 704 ubi
973 641 1514 728 repraesentativus
1542 640 1639 702 ille
1669 639 2055 706 Mabumedes
2083 646 2281 707 sedem

176 736 373 815 babet,
428 752 677 828 apparet
714 741 870 828 ignis
894 742 1044 805 sicut
1073 741 1305 805 faculae
1329 790 1346 817 ,
1400 751 1464 805 ut
1492 749 1774 804 noscatur
1790 766 1815 810 ς.
1857 741 1957 805 sed
1986 743 2089 806 ille
2131 745 2283 828 ignis

175 859 283 903 non
326 845 682 930 conspicuus
724 851 812 907 est
849 843 1009 917 aliis,
1063 863 1239 929 qnam
1281 840 1752 906 Mahumedanis.

253 989 266 994 -
315 945 465 1007 880.
542 941 673 1028 Ipse
718 942 1140 1017 Mahumedes,
1192 944 1291 1028 qni
1333 941 1566 1027 scripsit
1605 937 2007 1016 Montanum,
2058 962 2178 1004 non
2219 941 2279 1005 in

175 1052 546 1128 conspectum
580 1026 979 1116 hodie-veni&
1034 1041 1254 1105 dictum
1287 1042 1426 1106 mibi
1456 1051 1574 1119 est,
1629 1041 1787 1127 quod
1817 1041 2019 1127 primis
2058 1051 2282 1127 ternpo-

175 1139 326 1206 ribus
372 1141 708 1231 praesuerit
750 1142 892 1217 illis,
958 1142 1061 1206 sed
1102 1144 1240 1228 quia
1290 1143 1477 1208 voluit
1523 1141 1818 1206 dominari
1859 1164 2037 1230 super
2074 1144 2273 1207 omnia

176 1240 489 1328 Religionis
520 1244 756 1307 illorum
786 1252 850 1305 ut
879 1243 1075 1317 Deus,
1129 1241 1286 1329 quod
1328 1263 1361 1306 e
1388 1243 1529 1307 sede
1567 1257 1702 1314 sua,
1759 1263 1939 1328 quam
1979 1244 2089 1306 snb
2119 1242 2281 1307 Pon—

173 1339 351 1407 tificiis
394 1344 644 1417 habuit,
699 1343 924 1430 ejectus
948 1343 1059 1417 sit,
1112 1344 1170 1406 et
1199 1344 1272 1406 ad
1302 1344 1456 1408 latus
1482 1343 1751 1406 dextrum
1780 1344 1945 1429 juxta
1976 1343 2277 1407 meridiem

174 1440 461 1510 demissus.
550 1444 864 1524 Quondam
893 1443 1089 1529 aliqua
1132 1443 1400 1508 Societas
1432 1463 1509 1507 ex
1535 1441 1989 1507 Mahumedanis
2027 1445 2278 1507 excitata

173 1550 251 1605 est
275 1565 311 1606 a
336 1545 650 1608 malitiosis
674 1545 747 1608 ad
778 1545 1215 1630 agnoscendum
1249 1543 1668 1610 Mahumedem
1715 1565 1820 1630 pro
1864 1545 2030 1618 Deo,
2083 1552 2149 1607 ut
2175 1565 2279 1608 ,se-

173 1639 305 1706 ditio
348 1647 693 1720 sedaretur,
747 1646 1019 1709 sublatus
1062 1654 1151 1709 est
1191 1644 1584 1709 Mahumedes
1618 1645 1696 1708 ab
1738 1644 1927 1708 infera
1973 1655 2169 1720 terra,
2224 1656 2283 1708 et

175 1751 464 1821 ostensus,
521 1755 577 1809 et
607 1755 746 1809 tunc
775 1765 1016 1832 quoque
1043 1744 1186 1808 mihi
1217 1746 1374 1811 visus
1419 1755 1545 1810 estr
1593 1745 1866 1831 apparuit
1904 1743 2111 1809 similis
2146 1745 2277 1829 spi·-

172 1842 372 1909 ritibus
398 1847 743 1932 corporeiS,
792 1848 1006 1932 quibus
1045 1867 1161 1910 non
1206 1846 1504 1932 perceptio
1549 1846 1795 1909 interior
1833 1855 1953 1920 est,
2008 1844 2157 1910 facie
2202 1844 2276 1908 ad

174 1941 394 2028 nigrum
426 1957 741 2031 vergente,
795 1958 852 2008 et
883 1946 1081 2010 audivi
1123 1945 1290 2009 illurn
1317 1945 1657 2032 loquentem
1699 1943 1850 2010 baec
1876 1946 2095 2021 verba,
2151 1946 2278 2030 Ego

173 2061 294 2106 sum
333 2044 722 2112 Mahumedes
750 2057 974 2119 vestem
1031 2057 1090 2109 et
1118 2068 1251 2109 mox
1284 2046 1451 2132 quasi
1498 2046 1822 2110 subsidens.
2347 2040 2354 2048 “

320 2150 466 2220 831,
509 2147 932 2212 Mahumedani
961 2146 1157 2212 infesti
1185 2157 1319 2212 sunt
1348 2144 1695 2211 Christianis
1725 2148 2006 2232 primario
2037 2156 2283 2235 propter

172 2238 348 2307 fidem
387 2249 564 2311 trium
611 2250 1009 2313 Personarum
1070 2247 1456 2322 Divinarum,
1528 2257 1587 2310 et
1632 2246 1767 2309 inde
1824 2247 2045 2310 cultum
2100 2248 2276 2314 trium

173 2340 470 2423 Deorum,
520 2351 766 2414 totidem
804 2349 1193 2423 Creator-um,
1259 2369 1330 2412 ac
1372 2346 2000 2413 Romano-Catholicis
2040 2349 2280 2435 insuper

180 2453 421 2529 propter
454 2448 892 2532 genuflexiones
930 2470 1129 2514 coram
1183 2448 1575 2526 simulacris,·
1617 2457 1677 2512 et
1731 2450 1868 2514 inde
1907 2449 2015 2514 hos
2059 2459 2278 2515 vocant

178 2539 561 2623 Idololatras,
628 2560 688 2611 et
732 2551 858 2614 illos
909 2551 1236 2631 fanaticos,
1304 2549 1763 2635 dicentes'quod
1813 2549 2035 2616 faciant
2082 2552 2276 2617 Deum

85 2716 92 2721 „
181 2640 551 2728 Tricipitem,
606 2657 662 2712 et
703 2651 856 2735 quod
904 2652 1103 2715 dicant
1146 2673 1325 2714 unum
1355 2670 1441 2714 ‘ac
1470 2651 1777 2715 mussitent
1822 2661 1976 2727 tres,
2030 2653 2277 2739 proinde

79 2798 82 2801 .
177 2743 334 2828 quod
373 2747 634 2812 scindant
662 2751 1170 2836 Omnipotentiam
1188 2803 1201 2828 ,
1257 2761 1318 2814 et
1342 2773 1415 2815 ex
1443 2773 1561 2816 una
1590 2762 1648 2814 et
1676 2753 1850 2816 unius
1876 2751 2095 2815 faciant
2123 2763 2276 2822 tres;

174 2852 231 2906 et
255 2848 409 2929 qnod
438 2849 516 2914 ita
543 2850 655 2914 sint
683 2852 831 2915 sicut
858 2852 1051 2915 Fauni
1083 2874 1216 2916 cum
1239 2852 1431 2917 tribus
1458 2852 1737 2916 cornibus
1755 2899 1771 2927 ,
1830 2872 1949 2914 uno
1995 2872 2100 2935 pro
2131 2869 2277 2933 quo-

176 2945 260 3008 vis
285 2945 446 3024 Deo,
494 2960 552 3014 et
581 2952 816 3015 insimul
845 2961 964 3017 tres
995 2975 1101 3038 pro
1131 2974 1285 3029 uno,
1337 2964 1397 3018 et
1424 2954 1583 3041 quod
1611 2953 1693 3017 sie
1734 2959 1941 3023 orent,
1996 2949 2080 3014 sic
2122 2946 2275 3031 psal-

174 3042 323 3121 lant,
375 3060 433 3114 et
458 3052 544 3115 sie
567 3073 599 3114 e
627 3053 1251 3138 suggestibussonent.

319 3151 481 3221 832„
551 3152 654 3216 Est
706 3152 1192 3229 Mahumedanis,
1257 3153 1412 3217 sicut
1467 3153 1743 3216 omnihus
1782 3148 2074 3215 Gentibus
2123 3169 2276 3233 quae

171 3262 492 3332 agnoscunt
545 3251 737 3316 Deum
783 3275 1000 3331 unum,
1074 3276 1158 3319 sc¹
1205 3264 1411 3318 amant
1466 3255 1716 3339 justum,
1796 3261 1854 3313 et
1906 3249 2132 3313 faciunt
2172 3250 2279 3313 bo-

171 3366 302 3412 num
360 3373 444 3414 ex‘
490 3350 835 3438 Religione,
911 3375 1084 3418 suum
1144 3353 1425 3426 Caelum,
1489 3353 1591 3416 sed
1629 3361 1795 3417 extra
1841 3348 2279 3414 Christianum-2

172 3456 255 3511 ast
280 3450 520 3515 Caelum
551 3454 1057 3518 Mabumedanum
1090 3457 1149 3518 in
1179 3456 1326 3540 dnos
1354 3462 1441 3516 est
1471 3452 1842 3527 distinctum,
1894 3452 1954 3515 in
1999 3449 2277 3516 Inferiori

173 3548 373 3614 vivunt
418 3548 670 3618 honeste·
714 3576 847 3619 cum
899 3554 1170 3640 pluribus
1203 3554 1526 3628 uxoribus,
1577 3553 1678 3617 sed
1727 3552 2026 3615 iudanon
2073 3554 2171 3643 alii
2217 3554 2278 3617 in

172 3647 410 3717 Caelum
455 3655 726 3738 superius
774 3655 1127 3733 elevantur,
1199 3677 1374 3742 quarn
1425 3655 1523 3740 qui
1573 3655 1852 3719 abdicant
1900 3654 2167 3742 pellices,
2221 3665 2279 3717 et

171 3764 491 3835 agnoscunt
520 3755 842 3818 Dominum
870 3755 1243 3821 salvatorem
1274 3766 1576 3830 nostrum,
1624 3765 1685 3818 et
1725 3755 1901 3820 simul
1940 3756 2129 3844 Ipsius
2155 3754 2279 3820 Do—

171 3851 407 3918 minium
438 3875 618 3941 super
642 3855 888 3920 Caelum
918 3867 979 3920 et
1006 3856 1329 3928 Internum.
1416 3854 1634 3921 Audivi
1669 3857 1827 3942 qnod
1869 3858 1980 3920 illis
2011 3855 2278 3941 impossi·

170 3945 280 4016 bile.
298 3954 386 4020 sit·
412 3954 677 4040 cogitare
703 3957 895 4020 Deum
918 3957 1162 4022 Patrem
1190 3957 1592 4022 etDominurn
1624 3967 1888 4021 nostrum
1919 3977 2047 4021 esse
2072 3976 2279 4029 unum,

168 4052 256 4115 sed
284 4055 447 4142 quod
493 4054 605 4120 illis
633 4057 912 4144 possibile
938 4058 1012 4124 sit
1042 4059 1317 4132 credere,
1371 4056 1532 4143 quod
1556 4056 1904 4121 dominetur
1930 4072 2106 4142 super
2133 4056 2282 4119 Cae-

167 4146 246 4217 los
279 4165 340 4220 εἰ
385 4153 663 4234 Inferna,
720 4159 1083 4245 quiasFilins
1122 4158 1232 4222 Dei
1287 4155 1655 4222 Patris'est-=
1703 4154 1854 4219 haec
1899 4155 2077 4219 Fides
2121 4152 2279 4238 apud
