2750 4775
489 399 559 449 80
732 385 1191 441 UNIVERSA
1232 384 1761 439 THEOLOGM
1805 386 1871 438 N.
1913 384 1977 437 C.
2018 383 2126 436 ΕΤ
2163 379 2229 436 N.
2269 382 2330 436 E.

485 544 564 608 ab
603 539 792 605 altero
835 560 956 603 non
996 538 1411 603 internoscitur
1447 538 1509 602 in
1537 536 1798 614 Mundo,
1851 536 2138 626 imprimis
2162 537 2207 603 si
2235 533 2547 626 hypocrisin

482 640 761 707 exercitio
797 639 1039 716 imbuit,
1090 638 1192 705 sed
1234 640 1310 703 ab
1339 637 1583 725 Angelis
1620 640 1680 701 in
1706 637 1889 705 Caelo
1931 640 2406 703 internoscantur
2446 648 2548 701 tam

486 744 695 831 probe,
740 742 889 806 sicut
930 740 1235 805 columbae
1270 763 1305 807 a
1340 735 1712 815 bubonibus,
1759 752 1823 805 et
1862 740 2015 818 sicut
2050 762 2193 805 oves
2232 760 2266 803 a
2306 739 2548 823 tigribus⁴

483 846 651 910 Mete
678 842 959 909 naturalis
983 842 1162 907 bomo
1192 849 1383 928 potest
1410 841 1563 906 mala
1593 850 1651 906 et
1689 843 1846 907 bona
1885 839 2268 930 videreapud
2297 839 2465 914 alios,
2502 847 2552 904 et

487 965 725 1033 quoque
766 943 1123 1030 redarguere
1148 942 1310 1020 illos,
1359 942 1462 1007 sed
1505 942 1644 1030 quia
1684 963 1804 1008 non
1843 944 2483 1027 semerintmspexerat
2503 949 2553 1005 et

476 1056 773 1114 scrutatus
800 1055 905 1121 est,
934 1066 1053 1110 non
1082 1044 1241 1110 videt
1267 1044 1507 1131 aliquod
1538 1043 1755 1108 malum
1783 1043 1937 1131 apud
1963 1064 2047 1117 se,
2075 1053 2134 1107 et
2160 1042 2207 1107 si
2235 1041 2466 1129 aliquod
2489 1041 2553 1107 ab
2669 1099 2670 1102 ,

482 1149 600 1215 alio
628 1147 956 1234 detegitur,
1009 1146 1200 1211 medio
1223 1164 1331 1210 suo
1363 1143 1639 1209 rationali
1666 1145 1907 1211 obvelat
1929 1143 2106 1219 illud,
2157 1142 2308 1208 sicut
2336 1163 2553 1229 serpens
2669 1133 2670 1156 ¹

482 1271 652 1314 sunm
694 1246 884 1335 Caput
913 1246 1187 1333 pulvere,
1239 1267 1311 1310 ac
1336 1245 1634 1331 immergit
1662 1267 1730 1309 se·
1752 1245 1866 1323 illi,
1908 1246 2059 1310 sicut
2084 1245 2300 1310 crabro
2327 1267 2387 1309 se
2414 1244 2549 1309 ἤπιοι

486 1350 625 1414 Hoc·
651 1346 792 1411 facit
817 1348 1134 1434 jucundum
1162 1346 1322 1424 mali,
1371 1346 1533 1433 quod
1564 1345 1977 1411 circumfundit
2001 1346 2196 1421 illum,
2229 1345 2398 1411 -sicut
2423 1347 2553 1409 nim-

483 1451 596 1516 bus
635 1449 941 1536 paludem,
991 1471 1064 1513 ac
1100 1448 1382 1514 absorbet
1424 1457 1483 1511 et
1508 1445 1757 1514 suffocat
1795 1448 1991 1513 radios
2027 1447 2202 1520 lucis;
2255 1447 2553 1534 jucundum

484 1550 773 1615 infernale
801 1571 923 1616 uon
948 1549 1103 1616 aliud
1130 1558 1247 1623 est;
1299 1549 1416 1613 hoc
1441 1548 1578 1613 inde
1602 1548 1912 1613 exhalatur
1946 1558 2007 1614 et
2032 1546 2221 1611 influit
2252 1549 2312 1611 in
2340 1566 2550 1614 omnem

484 1651 819 1727 bominem,
870 1650 972 1716 sed
1014 1651 1074 1716 in
1115 1652 1345 1738 plantas
1389 1649 1640 1739 pedum,
1692 1659 1922 1736 tergum
1959 1659 2022 1713 et
2039 1637 2387 1735 occipitium
2419 1652 2552 1737 ejusz

478 1754 584 1824 sed
626 1754 673 1817 si
718 1752 833 1817 boc
880 1752 1161 1840 recipitur
1200 1750 1405 1839 Capite
1452 1750 1511 1813 in
1547 1750 1949 1838 frontispici0‚
1973 1772 2072 1815 .ac
2112 1771 2362 1837 corpore
2388 1749 2446 1815 in
2471 1770 2554 1837 pe·

482 1847 680 1929 ctore,
732 1853 909 1919 bomo
953 1852 1050 1918 ille
1088 1849 1317 1916 inferno
1359 1853 1795 1938 emancipatum
1850 1872 2029 1917 causa
2054 1862 2179 1926 est,
2231 1854 2372 1940 quia
2397 1853 2554 1917 Cere·

482 1956 652 2022 brum
692 1954 1014 2018 humanum
1053 1954 1308 2020 dicatum
1334 1963 1425 2019 est
1453 1954 1771 2020 intellectui
1801 1962 1857 2016 et
1888 1953 1967 2016 ibi
1988 1953 2343 2042 sapientiae,
2395 1953 2553 2018 Cere-

485 2055 703 2121 bellum
744 2065 942 2119 autem
984 2055 1268 2119 voluntati
1312 2064 1370 2118 et
1411 2055 1536 2140 ejus
1559 2056 1780 2126 amori;
1834 2052 1971 2119 inde
2012 2064 2098 2120 est
2131 2055 2296 2140 quod
2323 2053 2554 2120 duo'Ce·

481 2158 657 2222 rebra
696 2156 828 2219 sint.
894 2156 1010 2221 Sed
1053 2155 1191 2220 illud
1237 2154 1556 2238 jucundum
1597 2154 1887 2219 infernale
1926 2155 2096 2219 unice
2125 2175 2229 2241 per
2255 2152 2551 2242 Spirituale

481 2254 773 2322 rationale
788 2265 861 2320 -et
878 2258 1110 2323 morale
1140 2256 1524 2334 emendatur,
1578 2256 1937 2321 reformatur
1970 2264 2031 2321 et
2053 2255 2387 2336 invertitur.

637 2360 779 2422 565.
812 2358 1112 2445 Sequitur
1155 2378 1313 2423 nunc
1351 2358 1546 2445 aliqua
1594 2349 1909 2446 descriptio
1951 2377 2112 2421 mere
2153 2360 2554 2425 naturalisra-

479 2460 813 2524 tionalis'et
852 2461 1089 2525 moralis
1124 2459 1414 2535 hominis,
1468 2460 1569 2544 qui
1611 2460 1671 2523 in
1711 2482 1773 2524 se
1814 2467 2107 2547 spectatus
2147 2470 2235 2523 est
2266 2458 2553 2533 sensualis,

479 2568 538 2622 et
566 2560 612 2624 si
644 2562 859 2646 pergit,
912 2560 977 2627 fit
1004 2583 1322 2649 corporeus
1359 2581 1465 2625 seu
1492 2582 1769 2625 carneus:
1822 2559 1923 2625 sed
1951 2560 2268 2645 descriptio
2293 2550 2553 2627 haecl'iet

481 2662 540 2725 in
575 2662 945 2750 sciagraphia
993 2664 1178 2727 divisa
1229 2661 1290 2723 iu
1344 2671 1554 2749 partes.
1625 2660 1909 2727 sensuale
1961 2670 2048 2726 est
2092 2659 2361 2726 ultimum
2415 2663 2553 2724 vitae

485 2765 697 2829 mentis
723 2762 974 2828 hominis
994 2813 1008 2840 ,
1062 2762 1390 2827 adhaerens
1421 2770 1488 2825 et
1513 2762 1841 2827 cohaerens
1866 2763 2123 2850 quinque
2149 2764 2417 2828 sensibus
2442 2780 2554 2825 cor·

480 2866 636 2953 poris
679 2867 821 2952 ejus.
887 2863 945 2929 Is
988 2862 1270 2929 sensualis
1312 2863 1500 2928 bomo
1527 2862 1783 2940 dicitur,
1836 2862 1939 2952 qui
1979 2863 2443 2948 omniafjudicat
2493 2880 2552 2925 ex

475 2967 743 3031 sensibus
781 2965 1079 3051 corporis,
1132 2974 1192 3027 et
1218 2965 1475 3051 quinon
1506 2964 1719 3039 credit,
1773 2965 1884 3029 nisi
1925 2964 2086 3052 quod
2127 2964 2310 3029 oculis
2353 2963 2553 3035 videre,

477 3076 537 3130 et
562 3067 847 3133 ‘manibus
883 3075 1127 3154 tangere
1168 3075 1390 3153 potest,
1442 3062 1590 3130 haec
1626 3066 1825 3130 dicens
1863 3085 1990 3130 esse
2030 3064 2287 3151 aliquid,
2342 3064 2553 3150 reliqua

473 3168 757 3253 rejiciens.
836 3168 1128 3253 Interiora
1174 3167 1398 3233 mentis·
1431 3169 1584 3253 ejus,
1649 3186 1805 3254 quae
1846 3165 2046 3233 vident
2089 3187 2161 3229 ex
2212 3166 2348 3232 luce
2385 3163 2552 3239 Caeli,

475 3269 671 3335 clausa
700 3278 866 3347 sunt,
920 3278 984 3333 ut
1009 3269 1151 3332 nihil
1178 3268 1338 3344 veri,
1393 3267 1549 3356 quod
1578 3267 1739 3333 Caeli
1767 3277 1826 3331 et
1853 3265 2149 3333 Ecclesiae
2182 3276 2299 3344 est,
2352 3266 2551 3341 videat.

472 3369 636 3437 Talis
659 3370 838 3436 bomo
866 3372 1086 3457 cogitat
1112 3369 1171 3432 in
1198 3370 1504 3446 extremis,
1556 3378 1615 3433 et
1644 3390 1761 3433 non
1799 3369 2045 3433 interius
2082 3389 2155 3432 ex
2192 3367 2390 3457 aliqua
2434 3367 2555 3430 luce

470 3471 785 3560 spirituali,
838 3471 1064 3557 quiain
1097 3490 1295 3533 crasso
1323 3468 1543 3533 lumine
1586 3470 1840 3536 naturali
1880 3480 1967 3534 est
1990 3466 2010 3532 ε’
2060 3468 2195 3532 inde
2236 3479 2355 3547 est,
2405 3463 2556 3556 quod

473 3572 720 3636 interius
746 3571 819 3635 sit
856 3578 1060 3634 contra
1102 3568 1261 3644 illa‚-
1288 3590 1440 3656 quae
1478 3569 1649 3636 Caeli‘
1684 3581 1745 3635 et
1788 3563 2089 3637 Ecclesiae
2131 3580 2297 3647 sunt,
2333 3563 2555 3635 tametsi

474 3671 728 3735 exterius
756 3668 1135 3759 potest·loqui
1164 3670 1450 3756 pro'illis.
1502 3672 1781 3738 ardenter
1817 3670 2141 3739 secundum
2179 3692 2340 3760 spem
2379 3667 2556 3735 domi·

472 3769 730 3837 nationis
755 3781 814 3834 et
842 3770 1180 3857 opulentiae
1205 3791 1311 3858 per
1347 3771 1462 3837 illa.
1543 3772 1719 3854 Quod
1751 3773 1920 3838 Docti
1960 3783 2021 3837 et
2048 3772 2311 3847 Eruditi,
2364 3771 2461 3859 qui
2498 3786 2554 3833 se

475 3869 976 3938 confirmaverunt
1002 3870 1290 3961 profunde
1316 3874 1379 3939 in
1404 3873 1593 3952 falsis,
1632 3884 1694 3940 et
1721 3873 1850 3962 plus
1878 3874 1977 3962 qui
2005 3882 2214 3940 contra
2244 3893 2384 3940 vera
2415 3871 2552 3937 Ver-

474 3966 570 4048 bi‘,
624 3992 765 4060 prae
794 3972 1042 4040 caeteris
1070 3974 1368 4041 sensuales
1408 3976 1541 4042 sint.
1619 3973 1795 4058 Quod
1833 3974 2129 4041 sensuales
2167 3974 2555 4039 homines'ra·

474 4071 831 4138 tiocinentur
855 4075 1071 4140 acriter
1095 4085 1154 4140 et
1180 4075 1458 4154 solerter,
1513 4077 1651 4163 quia
1684 4075 1962 4165 cogitatio
2004 4075 2237 4140 illorum
2268 4083 2360 4140 est
2380 4087 2554 4164 prope

473 4173 800 4262 loquelam,
844 4186 906 4243 ut
934 4178 1120 4264 paene
1147 4177 1207 4242 in
1233 4177 1361 4251 illa,
1400 4185 1458 4240 et
1484 4177 1636 4241 sicut
1662 4177 1722 4240 in
1752 4176 1951 4253 labiis,
1992 4186 2052 4241 et
2077 4176 2216 4263 quia
2243 4176 2304 4241 in
2330 4169 2551 4264 loquela

473 4296 547 4340 ex
598 4277 724 4342 sola
773 4278 1056 4344 memoria
1110 4285 1345 4369 ponunt
1393 4294 1626 4340 omnem
1677 4260 2155 4364 intelligentiamt
2229 4286 2352 4344 tum
2403 4267 2552 4365 quod
