2750 4775
378 367 446 418 22
628 353 1093 410 UNIVERSA
1135 352 1668 406 THEOLOGIA
1712 352 1779 405 N.
1823 350 1890 406 C.
1931 350 2039 403 ET
2080 351 2149 408 N.
2192 352 2260 407 E.

377 512 557 598 ejus?
588 508 706 576 Sed
746 509 862 573 hoc
903 518 992 572 est
1034 507 1226 571 faetus
1273 504 1409 569 fidei
1459 504 1784 570 hodiernae
1831 505 2161 578 Ecclesiae;
2214 514 2277 570 at
2317 506 2492 571 Fides

378 633 574 677 novae
604 609 902 675 Ecclesiae
932 606 1074 672 illud
1104 617 1165 671 ut
1194 617 1525 672 monstrum
1556 606 1859 673 abhorret.

537 718 682 778 487.
758 710 1056 788 Quoniam
1107 708 1365 795 cogitavi
1413 707 1572 793 quod
1617 709 1733 772 tale
1774 707 2154 772 cerebrosum
2198 728 2488 795 nusquam

381 814 639 904 potuerit
667 812 744 875 ab
772 810 970 897 aliquo
999 808 1330 874 Christiano
1361 809 1630 884 decerni,
1684 809 1877 874 minus
1906 829 2009 872 ore
2037 805 2289 884 effundi,
2341 819 2401 873 et
2427 809 2487 871 in

381 914 678 1002 publicam
709 911 898 975 lucem
925 910 1225 995 evulgari,
1282 909 1442 995 quod
1472 919 1671 973 tamen
1702 909 1926 972 factum
1958 919 2044 973 est
2088 930 2120 972 a
2160 917 2249 974 tot
2285 908 2488 973 electis

379 1035 448 1081 ex
477 1014 654 1079 Clero
700 1014 758 1076 in
787 1011 1035 1103 Synodo
1064 1008 1421 1075 Dordrecbti
1465 1011 1521 1073 in
1554 1010 1911 1087 Hollandia,
1964 1019 2022 1072 et
2063 1019 2266 1097 postea
2305 1010 2489 1073 nitide

376 1115 658 1202 scriptum
678 1162 695 1190 ,
746 1123 807 1177 et
833 1114 893 1177 in
924 1111 1224 1200 publicum
1254 1111 1565 1185 emissum;
1619 1110 1757 1174 ideo
1786 1132 1860 1175 ne
1887 1111 2255 1186 dubitarem,
2307 1111 2488 1197 aliqui

379 1237 452 1281 ex
491 1207 635 1291 illis,
690 1214 789 1300 qui
836 1235 869 1280 a
910 1213 1164 1280 decretis
1202 1209 1356 1276 illius
1383 1212 1612 1302 Synodi
1648 1211 1919 1288 fuerunt,
1973 1212 2047 1275 ad
2092 1233 2186 1274 me
2222 1211 2489 1276 arcessiti

377 1327 533 1384 snnt.
588 1315 845 1397 Quando
887 1314 994 1380 visi
1036 1322 1172 1377 sunt
1210 1334 1397 1401 prope
1441 1335 1533 1376 me
1573 1323 1764 1389 stare,
1819 1312 1969 1388 dixi,
2022 1313 2152 1399 quis
2190 1332 2263 1374 ex
2288 1312 2487 1399 aliqua

380 1418 609 1504 ratione
636 1437 780 1483 sana
812 1425 1001 1504 potest
1037 1414 1395 1477 concludere
1425 1413 2034 1479 Praedestinationem
2054 1464 2067 1486 ,
2115 1434 2263 1475 -num
2295 1421 2487 1499 potest

378 1518 552 1583 aliter
595 1537 772 1605 quam
816 1517 973 1603 quod
1020 1513 1290 1578 crudeles
1332 1514 1501 1577 ideae
1547 1515 1620 1577 de
1661 1514 1793 1579 Deo
1834 1514 1971 1577 inde
2017 1512 2353 1600 profluant,
2417 1535 2489 1578 ac

376 1617 710 1705 flagitiosae
737 1618 809 1681 de
841 1616 1185 1701 Religione,
1240 1636 1379 1676 num
1412 1615 1510 1700 qui
1544 1614 2157 1680 praedestinationem
2198 1636 2303 1701 per
2349 1636 2492 1679 con-

376 1718 745 1784 firmationes
785 1717 947 1782 cordi
985 1738 1094 1781 suo
1136 1715 1471 1803 insculpsit,
1542 1725 1733 1802 potest
1761 1717 2077 1802 quicquam
2112 1717 2378 1800 cogitare
2416 1716 2492 1779 de

377 1820 654 1884 omnibus
681 1841 834 1905 quae
864 1817 1163 1881 Ecclesiae
1191 1826 1346 1892 sunt,
1401 1816 1512 1880 nisi
1541 1816 1700 1903 quod
1729 1816 1844 1881 sint
1873 1838 2062 1890 vana,
2114 1815 2383 1894 similiter
2413 1817 2486 1879 de

376 1920 613 1991 Verb03
667 1928 727 1982 et
767 1919 839 1985 de
866 1918 1027 1994 Deo,
1081 1917 1221 2002 quia
1264 1926 1352 1980 tot
1402 1917 1697 2007 myriades
1734 1916 2041 1980 bominum
2086 1916 2489 2001 praedestina-

377 2020 463 2087 vit
493 2020 567 2085 ad
597 2017 936 2093 Infernum,
989 2039 1166 2105 quam
1209 2017 1359 2081 sicut
1404 2018 1475 2080 de
1510 2017 1833 2107 Tyrann03
1888 2016 1977 2082 his
2015 2017 2183 2081 dictis
2219 2018 2488 2104 satanico

377 2123 551 2186 vultu
580 2142 676 2188 me
701 2121 1111 2207 inspexerunt,
1164 2119 1458 2193 dicentes,
1504 2141 1614 2183 nos
1640 2119 1858 2183 fuimus
1885 2139 1958 2180 ex
1984 2118 2183 2182 electis
2210 2119 2268 2180 in
2295 2118 2490 2208 Syno-

378 2221 454 2287 do
481 2221 970 2296 Dordrechtana,
1023 2242 1093 2285 ac
1119 2229 1262 2284 tunc
1287 2230 1347 2283 et
1380 2219 1574 2284 adhuc
1602 2219 1730 2306 plus
1763 2229 1964 2305 postea
2008 2218 2493 2286 confirmavimus

364 2344 485 2387 *nos
526 2324 587 2386 in
628 2322 824 2387 multis
863 2322 935 2385 de
966 2322 1127 2399 Deo,
1182 2319 1253 2383 de
1282 2320 1516 2397 Verbo,
1571 2329 1630 2383 et
1660 2321 1730 2384 de
1759 2320 2136 2408 Religione,'
2170 2340 2324 2407 quae
2367 2340 2488 2385 non

377 2410 628 2510 vulgare
669 2425 795 2488 ausi
837 2428 1070 2495 sumus,
1130 2422 1232 2486 sed
1272 2443 1407 2485 cum
1452 2421 1678 2507 loquuti
1717 2444 1920 2487 sumus
1960 2431 2017 2486 et
2058 2422 2369 2486 docuimus
2410 2421 2485 2484 de

377 2523 514 2600 illa,
567 2525 972 2587 contexuimus
1014 2533 1071 2584 et
1114 2522 1505 2586 contorsimus
1539 2522 1717 2585 tel'am
1746 2543 1819 2584 ex
1847 2521 1956 2585 filis
1985 2522 2285 2586 variorum
2329 2522 2487 2595 colo-

377 2645 547 2700 rum,
601 2626 660 2687 et
688 2645 866 2708 super
892 2621 1053 2685 illam
1087 2622 1406 2687 stravimus
1436 2624 1662 2708 plumas
1691 2640 1762 2684 ex
1788 2621 1895 2685 alis
1921 2640 2219 2706 pavonum
2251 2631 2486 2685 mutua·

376 2732 498 2798 tas;
552 2723 655 2788 sed
685 2725 821 2809 quia
849 2723 1116 2786 similiter
1141 2744 1300 2785 nunc
1329 2722 1525 2794 facere
1557 2724 1875 2796 volebant,
1928 2721 2137 2807 Angeli
2178 2745 2246 2786 ex
2277 2732 2484 2810 poten-

378 2824 462 2888 tia
501 2823 612 2888 sibi
652 2845 686 2887 a
729 2823 989 2886 Domino
1028 2823 1165 2886 data
1189 2870 1204 2896 ,
1259 2822 1637 2887 occluserunt
1681 2822 2174 2887 mentis·illorum
2207 2824 2488 2899 Externa,

378 2926 438 2988 et
478 2934 840 3011 aperuerunt
879 2922 1004 3007 ejus
1050 2924 1293 3005 Interna
1341 2923 1496 3011 apud
1544 2914 1706 2999 tuos,
1759 2933 1816 2987 et
1860 2945 1930 2987 ex
1975 2921 2062 2987 his
2108 2923 2303 2988 adacti
2350 2933 2488 2988 sunt

379 3025 575 3112 loqui:
629 3034 689 3088 et
717 3023 1191 3097 tuncssdixerunn
1244 3033 1445 3088 nostra
1494 3022 1671 3099 fides,
1725 3045 1901 3112 quam
1941 3022 2334 3088 formavimus
2377 3045 2487 3110 per

375 3126 816 3201 conclusioneS,
871 3147 1049 3189 unam
1093 3134 1436 3211 sequentem
1480 3146 1551 3188 ex
1591 3125 1808 3200 astera,
1863 3124 2059 3188 fuerat
2092 3135 2152 3188 et
2180 3124 2373 3188 adhuc
2398 3136 2488 3190 est

372 3225 551 3290 baec:
612 3232 665 3292 1.
686 3227 872 3311 'Quod
904 3248 1023 3291 non
1052 3229 1127 3291 sit
1155 3224 1396 3312 aliquod
1425 3226 1692 3291 Verbum
1715 3225 1992 3301 Jehovae
2024 3226 2154 3303 Dei,
2207 3225 2309 3290 sed
2344 3247 2486 3288 ven·

373 3337 565 3393 tosum
614 3329 754 3415 quid
799 3329 1054 3392 efflatum
1108 3348 1183 3390 ex
1236 3346 1345 3391 ore
1399 3325 1857 3412 prophetarum:
1911 3326 2027 3390 hoc
2073 3325 2482 3413 cogitavimus,

373 3428 512 3514 quia
552 3430 818 3497 Verbum
861 3427 1260 3515 praedestinat
1302 3448 1510 3490 omnes
1553 3427 1628 3491 ad
1669 3427 1946 3504 Caelum,
2001 3437 2059 3491 et
2103 3427 2261 3514 quod
2306 3428 2484 3492 modo

372 3525 556 3591 homo
596 3530 669 3592 sit
712 3529 773 3590 in
820 3529 989 3614 culpa
1031 3528 1079 3591 si
1122 3548 1239 3589 non
1282 3526 1547 3591 ambulat
1577 3528 1701 3593 vias
1728 3549 1879 3616 quae
1910 3528 2052 3592 illuc
2092 3529 2358 3591 tendunt.
2409 3533 2476 3591 2.

326 3642 333 3649 “
374 3626 552 3706 Quod
601 3627 840 3714 Religio
888 3629 1003 3703 sit,
1056 3627 1193 3712 quia
1241 3638 1478 3713 oportet
1519 3650 1677 3703 esse,
1730 3629 1830 3692 sed
1871 3627 2029 3714 quod
2070 3629 2144 3692 sit
2170 3630 2320 3693 sicut
2343 3650 2488 3717 pro-

371 3727 522 3791 cella
559 3726 756 3792 ferens
795 3726 1039 3791 odorem
1087 3727 1450 3813 fragrantem
1500 3751 1605 3817 pro
1647 3729 1875 3816 Vulgo;
1931 3728 2085 3816 quod
2127 3729 2224 3794 illa
2269 3730 2401 3795 ideo
2447 3750 2483 3793 a

371 3826 658 3892 Ministris
716 3837 839 3892 tam
900 3827 1098 3914 parvis
1154 3848 1335 3916 quam
1393 3830 1622 3915 magnis
1679 3829 1951 3893 docenda
2011 3829 2118 3908 sit,
2205 3840 2260 3895 et
2323 3826 2485 3917 quod

368 3948 442 3991 ex
482 3927 722 4004 Verbo,
788 3927 925 4014 quia
983 3926 1098 3993 hoc
1149 3940 1453 4017 receptum
1504 3940 1620 4004 est;
1686 3930 1802 3993 hoc
1856 3930 2280 4016 cogitavimus,
2343 3930 2482 4017 quia

367 4027 472 4092 ubi
514 4028 1003 4115 praedestinatio,
1058 4028 1139 4093 ibi
1183 4029 1436 4117 Religiff
1464 4029 1609 4095 nibil
1648 4041 1751 4096 est.
1829 4034 1886 4094 3.
1934 4031 2112 4110 Quod
2159 4032 2348 4118 Leges
2392 4032 2486 4117 ju-

368 4128 561 4193 stitiae
618 4130 820 4198 civiles
869 4129 985 4194 sint
1033 4129 1301 4218 Religio;
1383 4139 1445 4194 at
1489 4130 1649 4218 quod
1707 4131 2184 4195 Praedestinatio
2237 4153 2359 4195 non
2408 4131 2485 4196 sit

372 4230 698 4296 secundum
741 4230 922 4300 vitam
963 4251 1035 4295 ex
1076 4230 1225 4306 illis,
1293 4231 1396 4297 sed
1439 4252 1510 4295 ex
1556 4252 1707 4321 puro
1748 4231 2118 4320 beneplacito
2160 4231 2293 4309 Dei,
2335 4230 2487 4297 sicut
