2750 4775
454 375 568 425 198
745 362 941 414 UNI&
977 360 1203 415 ERSA
1248 360 1786 414 'rquLOG-IA
1827 362 1893 413 N.
1938 361 2004 419 C.
2046 360 2152 413 ET
2197 361 2265 416 N.
2307 361 2373 414 E.

450 517 611 581 tione
640 514 1005 605 bombycum
1028 524 1087 576 et
1115 513 1371 603 plurium
1401 514 1690 580 vermium
1725 515 1785 578 in
1811 514 2103 605 nymphas
2117 525 2190 577 ‘et
2222 514 2546 601 papiliones,

448 627 508 680 et
537 616 786 684 aliorum
813 615 915 702 qui
938 627 1210 703 tempore
1249 615 1646 701 insigniuntur
1681 616 1817 690 alis;
1869 617 2083 703 quihus
2108 614 2313 682 adhue
2342 615 2546 681 leviora

447 717 583 783 licet
609 717 858 793 addere,
909 738 1015 805 per
1041 716 1373 805 cupidinem
1402 716 1772 803 quarundam
1815 718 2016 782 avium
2061 739 2126 784 se
2169 716 2547 802 immergendi

448 819 619 908 aquis
644 817 881 884 lavandi
909 828 968 882 et
995 818 1315 882 mundandi
1346 840 1543 893 causa,
1577 827 1706 907 post
1733 839 1909 905 quam
1943 828 2008 883 ut
2048 819 2286 884 oscines
2323 818 2399 882 ad
2430 839 2549 882 suos

448 931 657 987 cantus
681 920 962 985 redeunt:
1017 920 1250 993 Verbo,
1296 928 1458 984 totus
1488 920 1749 984 Mundus
1772 941 1806 983 a
1838 921 2039 1006 primis
2066 920 2139 983 ad
2175 920 2387 988 ultima
2426 920 2552 1004 ejus,

447 1031 535 1089 est
563 1023 769 1109 plenus
794 1020 1259 1108 regenerationis
1284 1021 1926 1109 repraesentationibus
1953 1032 2012 1085 et
2040 1022 2216 1112 typis.

454 1247 639 1332 Quod
671 1273 785 1340 per
812 1246 1129 1339 Baptisma
1166 1183 1477 1311 Jghannis
1512 1262 1887 1339 praeparata
1935 1252 2016 1312 sit
2059 1252 2171 1312 via
2192 1296 2210 1323 ,
2267 1262 2335 1312 ut
2379 1243 2547 1311 Jeho·

451 1348 581 1415 vah
619 1350 920 1415 Dominus
957 1351 1018 1412 in
1058 1345 1361 1413 ‚Mundum
1392 1361 1604 1440 posset
1646 1348 2008 1414 descendere
2024 1397 2041 1425 ,
2092 1363 2152 1415 et
2178 1348 2550 1440 Redemptio-

1244 1457 1385 1512 ‘nem
1418 1472 1723 1541 peragere.

606 1634 752 1693 688.
807 1627 978 1715 Apud
1008 1627 1366 1694 Malachiam
1394 1626 1640 1712 legitur,
1693 1626 1856 1694 Ecce.
1878 1626 2017 1717 Ego
2053 1630 2228 1694 mitto
2255 1623 2547 1716 Angelum

452 1754 673 1807 meum,
726 1735 833 1822 qui
866 1729 1111 1821 parabit
1137 1734 1307 1793 viam
1333 1742 1473 1794 ante
1497 1728 1643 1804 Me,
1689 1741 1746 1793 et
1771 1728 1972 1793 subito
2010 1732 2218 1794 waiet
2263 1728 2358 1796 ad
2400 1729 2457 1796 T
2447 1750 2550 1790 em·

442 1830 616 1924 plum
642 1857 814 1896 suum
856 1831 1185 1904 Dominus,
1242 1830 1433 1913 Quem
1473 1853 1593 1895 vos
1634 1832 1923 1921 quaeritis
1939 1880 1953 1902 ,
2008 1844 2066 1895 et
2098 1825 2397 1921 Angelus
2413 1824 2547 1916 jae·

456 1930 650 2008 deris,
704 1956 874 2025 quem
917 1955 1037 1997 vos
1073 1929 1465 2005 desideratis,
1517 1934 1654 2020 qais
1698 1931 2015 1997 sustinebit
2057 1930 2218 1997 diem
2268 1929 2548 1997 adventus

456 2033 699 2127 Ipsius,
750 2046 807 2097 et
849 2035 986 2124 quis
1033 2035 1316 2096 consistet
1362 2055 1495 2096 cum
1538 2035 1920 2126 apparuerit,
1991 2031 2136 2118 Cap.
2194 2033 2328 2096 111:
2377 2036 2436 2100 1,
2487 2048 2546 2091 ac

452 2134 664 2199 iterum
683 2181 699 2207 ,
767 2133 930 2198 Ecce
979 2131 1118 2222 Ego
1162 2136 1389 2200 minam
1435 2132 1611 2198 vobis
1668 2129 1875 2198 Eliam
1920 2123 2296 2226 Prophetam
2315 2179 2334 2209 ,
2401 2144 2548 2198 ante-

453 2259 636 2327 quam
675 2237 846 2298 venit
886 2230 1019 2298 dies
1046 2230 1314 2298 Jehovae
1350 2257 1609 2323 magnus
1637 2247 1696 2299 et
1737 2232 2051 2309 terribilis,
2102 2259 2178 2299 ne
2219 2238 2468 2301 veniam
2501 2243 2547 2295 et

444 2338 785 2429 percutiam
826 2347 1042 2399 terram
1080 2332 1491 2412 anathemate,
1544 2333 1685 2424 Cap.
1729 2334 1852 2399 111:
1902 2338 2005 2401 23.
2036 2339 2139 2401 24.
2225 2336 2310 2401 Et
2344 2331 2545 2401 Zacha-

451 2436 572 2501 rias
600 2445 767 2523 pater
792 2434 1148 2524 prophetans
1175 2435 1247 2499 de
1278 2435 1400 2499 filio
1426 2458 1533 2501 suo
1561 2434 1884 2513 dohanne,
1945 2438 2038 2504 Tu
2069 2461 2230 2530 puer
2264 2435 2547 2532 propheta

453 2533 772 2602 Altissimi
793 2535 1142 2612 vocaberis,
1187 2538 1458 2630 praeibis
1485 2534 1866 2626 anleficiem
1893 2537 2144 2605 Domini
2155 2587 2172 2613 ,
2226 2540 2322 2606 ad
2337 2560 2545 2632 parau-

456 2635 601 2703 dum
624 2640 769 2702 vias
805 2636 1045 2729 Ipsius,
1074 2638 1238 2703 -Luc.
1280 2637 1339 2704 I:
1393 2643 1493 2703 76.
1574 2639 1652 2704 Et
1694 2639 1827 2727 lpse
1866 2638 2156 2704 Dominus
2193 2641 2270 2703 de
2315 2641 2415 2704 illo
2452 2638 2545 2701 Je-

462 2736 659 2802 hanne
700 2737 858 2814 „Hic
882 2753 1001 2813 est,
1055 2737 1132 2803 de
1155 2763 1274 2833 quo
1303 2743 1590 2832 scriptum
1619 2753 1738 2815 est,
1789 2763 1923 2806 ecce
1958 2740 2097 2829 Ego
2121 2744 2310 2815 ,mitto
2351 2732 2541 2829 Ange·

464 2836 587 2904 lum
615 2864 802 2904 meum
832 2836 1213 2928 antefctciem
1239 2854 1404 2905 tuam
1422 2891 1436 2912 ‚
1490 2844 1598 2932 qui
1613 2842 2004 2935 praeparabit
2040 2845 2207 2907 viam
2255 2857 2423 2908 tuam
2456 2861 2542 2903 co·

457 2964 588 3006 ram
622 2943 766 3019 Te,“
817 2942 959 3007 Luc.
1008 2941 1154 3006 vll:
1195 2946 1299 3006 27.
1381 2941 1474 3007 Ex
1508 2941 1597 3006 his
1635 2942 1878 3007 evidens
1901 2951 2006 3016 est,
2048 2943 2206 3030 quod
2251 2943 2543 3008 Johannes

455 3041 555 3106 ille
580 3042 760 3108 fuerit
786 3043 1102 3132 propheta,
1158 3044 1256 3130 qui
1286 3043 1492 3112 missus
1521 3051 1607 3107 est
1638 3043 1713 3109 ad
1744 3045 2070 3130 parandum
2103 3045 2258 3107 viam
2286 3045 2324 3108 J
2332 3043 2544 3108 ehovae

454 3143 619 3220 Deo,
671 3145 771 3231 qui
802 3143 1184 3210 descenderet
1211 3145 1271 3207 in
1302 3142 1629 3220 Mundum,
1684 3153 1743 3206 et
1784 3144 2274 3232 Redemptionem
2316 3161 2541 3232 perage·

454 3254 579 3321 ret,
631 3256 689 3309 et
715 3244 874 3331 quod
903 3247 1202 3333 paraverit
1239 3246 1399 3309 illam
1448 3245 1601 3308 viam
1646 3266 1750 3330 per
1787 3244 2123 3331 Baptisma,
2174 3255 2235 3309 et
2273 3255 2418 3310 tunc
2453 3262 2543 3307 an·

455 3345 886 3413 nuntiationem
912 3345 1221 3411 Adventus
1245 3345 1517 3420 Domini,
1573 3354 1633 3408 et
1669 3346 1829 3431 quod
1858 3347 2082 3434 absque
2110 3346 2208 3409 illa
2240 3364 2541 3434 praepara·

455 3445 617 3511 tione
642 3469 850 3512 omnes
877 3447 957 3509 ihi
985 3448 1364 3513 anathemate
1406 3447 1661 3532 percussi
1690 3445 1966 3522 fuissent,
2009 3458 2069 3512 et
2095 3449 2418 3535 periissent.
2473 3490 2482 3495 -

609 3553 754 3611 689.
822 3545 998 3627 Quod
1052 3557 1403 3632 praeparata
1456 3548 1530 3611 sit
1587 3548 1682 3611 via
1735 3570 1839 3635 per
1877 3547 2193 3635 ,Baptisma
2245 3546 2540 3619 ,Iohannis

455 3658 583 3713 erat
614 3669 824 3718 causa,
874 3645 1010 3731 quia
1042 3668 1144 3731 per
1172 3646 1347 3723 illud,
1405 3655 1468 3712 ut
1506 3670 1681 3735 supra
1722 3658 2018 3715 ostensum
2062 3661 2182 3723 est,
2234 3642 2537 3714 introducti

452 3748 590 3813 sunt
616 3746 675 3808 in
704 3744 1026 3811 Ecclesiam
1051 3747 1308 3811 suturam
1338 3748 1607 3824 Domini,
1660 3758 1717 3812 et
1746 3750 1805 3815 in
1835 3750 2016 3815 Caelo
2045 3751 2248 3814 inserti
2280 3759 2417 3815 sunt
2443 3746 2536 3811 illis

452 3847 555 3924 ihi,
596 3848 694 3934 qui
723 3855 1209 3932 exspectaverunt
1236 3860 1294 3914 et
1323 3850 1808 3917 desideraverunt
1837 3848 2131 3925 Messian),
2162 3861 2221 3915 et
2249 3852 2333 3914 sic
2361 3859 2534 3915 custo-

453 3947 559 4012 diti
599 3946 674 4011 ab
692 3946 969 4034 Angelis,
1024 3970 1099 4013 ne
1123 3950 1361 4015 Diaboli
1400 3950 1478 4015 ab
1506 3949 1747 4015 Inferno
1785 3964 2195 4040 erumperent,
2246 3963 2306 4015 et
2348 3949 2535 4040 perde·

451 4056 586 4113 rent
612 4049 775 4123 illos‚·
811 4069 994 4137 quare
1020 4052 1232 4118 dicitur
1259 4052 1417 4138 apud
1443 4049 1831 4128 Malachiam,
1879 4053 2033 4139 Quis
2057 4038 2373 4120 sustinebit
2398 4053 2533 4119 diem

454 4147 749 4215 adventus
787 4152 998 4244 Ipsius
1016 4205 1032 4230 ,
1084 4167 1141 4219 et
1182 4178 1255 4218 ne
1296 4150 1574 4219 Jehovah
1611 4157 1852 4229 veniat,
1906 4168 1963 4221 et
2001 4157 2301 4247 percutiat
2340 4169 2544 4220 terram·

458 4249 868 4327 anathemate,
922 4252 1053 4317 1112
1104 4256 1207 4316 24.
1301 4251 1582 4316 Similiter
1649 4254 1801 4338 apud
1873 4254 2134 4339 Esaiam·
2180 4255 2381 4331 „Ecce
2420 4252 2531 4321 dies
