2750 4775
469 365 574 413 222
697 351 1157 406 UNIVEBSA
1199 351 1730 406 THEOLoGla
1777 353 1842 403 N.
1883 351 1950 403 C.
1988 352 2093 403 ET
2137 351 2310 408 RE.

624 510 773 570 0⁹⁹.
824 506 977 588 Quis
1015 526 1153 572 vere
1186 504 1553 572 Christianus
1595 527 1714 570 non
1754 507 2052 593 agnoscit,
2108 505 2270 593 quod
2307 505 2420 567 duo
2450 504 2537 568 illa

468 608 855 674 Sacramenta
892 607 1008 671 sint
1049 616 1291 682 sancta,
1343 608 1463 671 imo
1509 607 1668 693 quod
1707 607 1822 672 sint
1865 607 2231 672 sanctissima
2272 607 2453 671 cultus
2490 605 2543 670 in

472 709 918 774 christianismo
936 756 953 783 ,
1002 708 1105 773 sed
1135 709 1265 796 quis
1289 707 1459 773 novit
1486 708 1586 772 ubi
1613 708 1848 773 illorum
1874 709 2155 772 sauctitas
2183 707 2417 782 residet,
2457 715 2543 770 aut

474 812 631 876 unde
657 811 753 876 illa
784 819 898 874 est:
951 808 1011 873 in
1040 808 1416 874 Institutione
1430 793 1695 873 ’Sanctae
1723 809 1957 873 Caenae
1985 831 2056 873 ex
2087 829 2269 874 sensu
2297 807 2545 882 naturali,

474 933 595 977 non
638 913 772 998 plus
812 911 1023 985 scitur,
1075 931 1254 998 quam
1295 909 1454 996 quod
1493 909 1712 975 Christi
1751 910 1910 975 Caro
1952 911 2026 974 ad
2071 910 2543 982 manducandum,

472 1024 535 1077 et
580 1011 766 1101 Ipsius
801 1011 1053 1098 Sanguis
1094 1012 1173 1075 ad·
1210 1012 1526 1078 bibendum
1561 1012 1805 1089 dentur,
1851 1021 1916 1075 et
1950 1011 2108 1097 quod
2158 1033 2271 1100 pro
2311 1010 2418 1073 illis
2452 1010 2547 1072 siut

473 1115 654 1181 Panis
678 1123 735 1177 et
761 1114 1009 1184 Vinium
1063 1113 1193 1200 quis
1226 1113 1365 1176 inde
1403 1111 1577 1176 aliter
1615 1121 1806 1197 potest
1843 1114 2138 1199 cogitare,
2194 1133 2373 1200 quam
2410 1108 2545 1197 quod

474 1216 695 1280 Sancta
725 1214 797 1277 sit
828 1215 1017 1279 solum
1049 1222 1289 1301 propter
1316 1214 1658 1278 mandatum
1686 1236 1720 1277 e
1747 1215 2035 1288 Domino,
2087 1235 2284 1301 quare
2320 1212 2546 1298 sagacis·

473 1317 603 1382 simi
648 1316 725 1379 ab
766 1314 1025 1380 Ecclesia
1070 1312 1471 1392 tradiderunt,
1536 1315 1694 1400 quod
1737 1316 1875 1379 dum
1922 1316 2153 1380 accedit
2190 1314 2451 1381 Verbum
2486 1309 2544 1374 ad

2659 435 2669 520 l

476 1417 846 1483 Elementum
876 1414 977 1481 liat
1001 1417 1488 1482 Sacramentum:
1538 1417 1640 1480 sed
1670 1418 1806 1503 qnia
1841 1417 1994 1480 haec
2032 1418 2207 1503 origo
2235 1411 2547 1479 sanctitatis
2667 1431 2668 1434 ’

474 1520 632 1606 ejus,
676 1540 796 1583 non
827 1520 981 1582 cadit
1024 1520 1084 1581 in
1128 1518 1522 1591 intellectum,
1572 1539 1683 1581 nec
1725 1527 1972 1605 apparet
2013 1518 2075 1580 in
2117 1515 2424 1583 elementis
2459 1527 2545 1579 seu

473 1619 758 1710 symbolis
778 1622 937 1706 ejus,
987 1620 1091 1684 sed
1117 1620 1294 1684 modo
1319 1620 1379 1681 in
1405 1620 1783 1695 memoriam,
1821 1632 2192 1707 quapropter
2223 1619 2455 1705 quidam
2488 1633 2546 1677 ex

471 1720 721 1796 fiducia,
785 1722 943 1807 quod
988 1732 1227 1809 peccata
1275 1741 1380 1807 per
1422 1719 1581 1783 illam
1636 1721 2045 1797 remittantur,
2111 1717 2541 1789 obeuntillam,

472 1822 712 1909 quidam
742 1825 877 1910 quia
909 1822 1153 1885 credunt
1179 1822 1335 1911 quod
1362 1820 1718 1897 sanctificet,
1771 1821 2011 1909 quidam
2052 1821 2191 1908 quia
2237 1820 2410 1885 fidem
2434 1836 2541 1880 cor-

472 1924 754 1998 roborat,
809 1933 867 1985 et
908 1924 992 1987 sic
1030 1923 1204 1985 etiam
1247 1933 1557 2009 promovet
1598 1925 1876 1995 salutem;
1930 1922 2011 1984 illi
2051 1932 2257 1987 autem
2302 1922 2402 2009 qui
2435 1920 2541 1983 leve

476 2024 549 2088 de
595 2024 692 2088 illa
734 2025 1025 2109 cogitant,
1077 2046 1148 2087 ex
1186 2025 1308 2088 sola
1350 2026 1767 2089 consuetudine
1816 2046 1851 2088 a
1899 2025 2147 2109 pueritia
2190 2024 2541 2110 frequentant

473 2126 662 2198 illam,
718 2134 777 2188 et
817 2124 1061 2210 qnidam,
1093 2126 1225 2213 quia
1282 2124 1425 2188 nihil
1463 2127 1707 2191 rationis
1744 2125 1816 2189 de
1859 2125 1957 2189 illa
2001 2125 2240 2203 vident,
2295 2124 2537 2187 omittunt

473 2228 665 2299 illam;
718 2226 877 2309 impii
909 2248 1051 2288 vero
1092 2236 1365 2289 avertunt
1403 2248 1465 2291 se
1506 2228 1581 2291 ab
1621 2228 1750 2304 illa,
1801 2236 1860 2289 et
1898 2247 2095 2290 secum
2136 2224 2373 2300 dicunt,
2425 2217 2536 2309 quid

471 2327 602 2399 illa,
659 2327 762 2390 nisi
793 2327 1081 2412 quaedam
1112 2327 1492 2404 Ceremonia‚
1549 2350 1655 2416 pro
1682 2350 1798 2415 qua
1825 2327 2122 2393 Sanctitas
2157 2328 2433 2415 impressa
2468 2328 2535 2384 est

454 2450 511 2503 ‚a
543 2426 747 2501 Clcro,
803 2449 937 2491 nam
968 2429 1102 2515 quid
1133 2430 1215 2493 ibi
1250 2429 1356 2493 nisi
1385 2428 1568 2495 'Panis
1593 2440 1651 2494 et
1678 2430 1928 2504 Vinum,
1979 2439 2038 2491 et
2068 2431 2208 2516 quid
2233 2429 2352 2515 xnisi
2392 2440 2535 2512 quam

475 2527 852 2614 figmentum,
906 2532 1062 2617 quod
1093 2529 1320 2619 Corpus
1346 2530 1596 2609 Christi,
1650 2530 1806 2618 quod
1842 2531 2114 2617 pependit
2152 2552 2334 2618 super
2371 2543 2532 2597 cruce,

476 2638 534 2692 et
565 2628 722 2715 quod
748 2629 1000 2716 Sanguis
1029 2631 1214 2716 Ipsius
1243 2630 1339 2716 qui
1380 2640 1521 2695 tunc
1547 2630 1762 2698 effusus
1799 2640 1915 2707 est,
1953 2648 2086 2697 *una
2125 2651 2262 2697 cum
2304 2632 2455 2697 Pane
2490 2631 2532 2686 el

476 2729 1242 2797 Vino-communicantibus
1267 2733 1724 2805 distribuantur3
1778 2740 2010 2817 praeter
2035 2730 2167 2796 alia.
2443 2746 2446 2749 '

632 2837 776 2895 700.
830 2829 1008 2897 Tales
1046 2832 1215 2897 ideae
1245 2833 1317 2896 de
1354 2834 1733 2898 Sanctissimo
1775 2832 1888 2898 hoc
1913 2832 2302 2899 Sacramento
2339 2835 2394 2895 in
2435 2833 2533 2891 toto

440 2931 920 2998 'christianismo
972 2933 1147 2997 hodie
1198 2931 1508 3009 foventur,
1588 2935 1787 3008 unice,
1854 2934 1991 3021 quia
2045 2935 2379 3000 coincidunt
2425 2944 2529 2992 cum

474 3056 648 3099 sensu
696 3035 898 3100 literae
943 3035 1156 3110 Verbi,
1226 3045 1284 3098 et
1327 3057 1532 3102 sensus
1575 3036 1890 3122 spiritualis
1930 3034 2215 3100 hactenus
2261 3033 2446 3104 latuit,
2488 3033 2531 3088 el

474 3157 596 3200 non
638 3136 795 3222 ptius
832 3154 1011 3222 quam
1052 3135 1224 3198 hodie
1264 3135 1527 3202 detectus
1566 3147 1682 3213 est,
1736 3138 1796 3199 in
1838 3160 1955 3223 quo
1988 3137 2115 3201 solo
2158 3158 2302 3203 usus
2341 3135 2531 3201 fructus

470 3237 725 3301 Sanctae
755 3237 991 3302 Caenae
1021 3236 1378 3324 conspicitur
1414 3239 1476 3303 in
1513 3260 1617 3303 sua
1655 3240 1921 3303 veritate.
2003 3237 2177 3316 Quod
2219 3239 2316 3319 hic
2350 3237 2530 3305 Seu-5¹1⁸

472 3358 631 3402 nunc
659 3340 911 3424 primum
938 3339 1202 3402 detectus
1228 3338 1333 3415 sit,
1388 3348 1474 3404 est
1502 3361 1708 3416 causa,
1732 3399 1736 3405 .
1762 3339 1897 3427 quia
1926 3360 2043 3402 non
2072 3341 2231 3427 prius
2258 3338 2366 3404 fuit
2391 3328 2530 3399 Chri·

470 3439 939 3509 stianismus·nisi
971 3439 1203 3501 nomine
1243 3448 1447 3519 tenus,
1498 3449 1568 3503 et·
1596 3439 1751 3529 apud
1792 3440 2077 3527 quosdam
2118 3441 2316 3528 aliqua
2355 3434 2528 3501 umbra

474 3540 645 3623 ejus3⁸
677 3556 798 3603 non
825 3540 980 3602 enim
1009 3537 1290 3603 hactenus
1318 3542 1655 3606 immediate
1684 3542 1884 3628 Ipsum
1912 3540 2305 3618 salvatorem,
2346 3549 2405 3605 ut
2428 3529 2529 3598 unl-

476 3660 610 3705 cum
654 3639 877 3714 Deum,
928 3640 990 3704 in
1030 3641 1164 3722 Quo
1205 3632 1420 3709 Divina
1449 3645 1720 3710 Trinitas
1750 3653 1870 3719 est,
1924 3642 2236 3709 adiverunt
2273 3652 2336 3706 et
2372 3636 2529 3703 colue-

475 3749 651 3825 runt,
693 3741 794 3804 sed
835 3741 1023 3805 solum
1064 3742 1351 3820 med-iate,
1405 3742 1729 3832 quod'uon
1767 3755 1854 3811 est
1891 3745 2058 3808 adire
2093 3756 2154 3808 et
2184 3744 2405 3817 colere,
2449 3730 2528 3800 sed

474 3841 654 3905 modo
680 3844 970 3919 venerari,
1010 3853 1074 3907 ut
1100 3864 1334 3910 causam
1365 3855 1605 3935 propter
1630 3867 1805 3933 quam
1832 3845 2171 3912 homini-est
2196 3846 2371 3922 salus,
2407 3852 2525 3926 (1¹1³e

473 3963 594 4006 non
640 3952 726 4029 est
773 3964 945 4009 causa
991 3944 1315 4013 essentialis
1356 3946 1459 4013 sed
1507 3947 1734 4023 media,’
1787 3968 1939 4034 quae
1978 3955 2067 4012 est
2106 3946 2261 4011 infra
2302 3955 2364 4010 et
2395 3947 2525 4008 extri

467 4042 649 4108 illam.
731 4041 978 4110 At-vero
1007 4047 1141 4134 quia
1173 4068 1330 4111 nunc
1357 4049 1609 4137 primum
1635 4049 1758 4138 ipse
1784 4047 2264 4117 Christianismns·
2286 4041 2540 4112 exoritu&

470 4144 647 4210 Nova
679 4145 973 4224 Ecclesia,
1026 4168 1176 4236 quae
1206 4169 1310 4236 per
1334 4149 1573 4214 Novam
1606 4150 2089 4241 Hierosolymam
2119 4149 2180 4212 in
2208 4132 2524 4238 Apocalypsi

470 4245 842 4333 intelligitur,
894 4269 928 4311 a
972 4247 1229 4315 Domino
1272 4248 1425 4312 nunc
1468 4251 1855 4326 instauratur,
1908 4250 1968 4313 in
2010 4272 2127 4339 qua
2161 4249 2324 4316 Deus
2362 4249 2519 4315 Pater,

2632 2592 2648 2629 ρ
