2750 4775
509 349 662 400 xlv,
744 347 1425 402 CONSUMMATIO
1467 348 1852 404 SAECULl
1915 351 2129 436 ETQ'
2242 365 2352 412 505

229 525 440 577 meam
492 506 642 594 quia
656 500 848 594 plena
874 505 986 566 erit
1013 516 1173 566 terra
1213 505 1467 566 scientia
1509 501 1794 566 Jehovae.
1847 504 1981 568 Fiet
2009 509 2070 569 in
2099 504 2200 571 die
2224 504 2355 583 illo,

125 633 134 642 ⁴
227 600 537 672 Radicem
566 601 857 690 Jischaji,
906 623 1063 694 quae
1097 617 1273 670 stans
1305 606 1370 665 in
1406 605 1644 691 signum
1678 602 2062 696 populorum,
2130 606 2358 672 Gentes

167 783 176 794 ἢ
224 717 561 798 quaerent,
614 718 672 768 et
710 708 822 768 erit
859 707 1031 795 quies
1059 704 1269 796 Ipsius
1295 701 1533 792 gloria,
1588 702 1704 768 xl:
1741 708 1790 766 1.
1827 711 1862 765 5
1895 705 1967 767 ad
2004 708 2135 779 10.;
2190 709 2353 793 quod

225 806 382 872 talia
412 804 675 884 noudum
705 804 764 867 in
797 804 1110 878 Ecclesiis,
1165 814 1222 866 et
1253 804 1445 868 minus
1485 803 1543 865 in
1572 804 1800 879 ultima,
1842 804 2193 883 exstiterim,
2245 830 2354 871 no-

228 918 367 970 tum
408 914 510 970 est.
566 902 739 992 Apud
778 905 1106 970 Jeremiam
1149 905 1347 979 „Ecce
1386 902 1518 970 dies
1556 907 1885 978 venientes,
1939 905 2156 996 quibus
2192 931 2352 998 pan·

221 1032 381 1098 gam
384 1001 633 1093 faedus
658 1029 892 1082 novum,
943 1020 1000 1070 et
1026 1003 1139 1069 lzoc
1163 1010 1275 1069 erit
1279 1001 1559 1092 faedus,
1613 1004 1776 1070 dabo
1821 1003 2007 1095 legem
2055 1028 2245 1070 meam
2287 1011 2353 1072 in

229 1107 441 1173 medio
465 1129 688 1181 eorum,
726 1120 785 1170 et
808 1130 993 1198 super
1014 1128 1121 1170 cor
1143 1106 1400 1170 scribam
1427 1104 1616 1180 illam,
1648 1128 1866 1198 eroque
1893 1105 2020 1170 illis
2045 1110 2108 1171 in
2137 1106 2352 1186 Deum,

227 1223 296 1274 et
323 1206 425 1271 illi
444 1221 621 1272 erunt
646 1205 815 1272 Mihi
836 1212 898 1270 in
920 1203 1246 1298 populum,
1293 1230 1501 1270 omnes
1529 1221 1886 1295 cognoscent
1911 1207 2020 1271 Me
2043 1232 2084 1271 a
2111 1211 2356 1274 minimo

224 1333 446 1374 eorum
485 1332 674 1399 usque
712 1306 800 1371 ad
841 1310 1169 1372 maximum
1206 1316 1472 1383 eorum,“
1524 1306 1757 1372 XXXI:
1803 1311 1877 1369 31
1909 1307 1981 1371 ad
2008 1310 2112 1371 34.
2166 1306 2350 1396 Apoc.

228 1408 510 1475 XX123.
567 1407 724 1495 quod
754 1407 898 1471 haec
927 1408 985 1470 in
1017 1408 1291 1472 Ecclesiis
1333 1404 1586 1471 antehac
1631 1429 1748 1472 non
1790 1409 1926 1470 data
1972 1408 2120 1483 sint,
2173 1410 2353 1475 etiam

225 1519 448 1573 notum
503 1519 620 1579 est;
687 1529 862 1572 causa
917 1507 1027 1571 fuit
1066 1508 1203 1595 quia
1259 1530 1379 1572 non
1432 1507 1746 1596 adiverunt
1790 1508 1980 1572 Deum
2037 1509 2350 1586 visibilem,

221 1631 414 1697 quem
455 1631 660 1673 omnes
701 1617 1092 1695 cognoscent,
1145 1618 1203 1671 et
1242 1609 1380 1695 quia
1424 1608 1555 1695 lpse
1592 1618 1681 1673 est
1710 1609 2002 1684 Verbum,
2057 1631 2159 1673 seu
2208 1611 2350 1686 Lex,

224 1731 415 1797 quam
461 1719 638 1798 ponet
666 1711 724 1772 iu
759 1709 951 1780 medio
981 1731 1186 1774 eorum
1208 1759 1223 1783 ‚
1276 1720 1335 1772 et
1363 1730 1539 1795 supet
1569 1731 1672 1772 cor
1696 1709 1912 1773 scribet
1943 1709 2120 1774 illam.
2178 1708 2352 1799 Apud

227 1811 474 1897 Esaiam
541 1810 844 1901 „Propter
890 1808 1383 1896 Hierosolymam
1422 1831 1546 1873 non
1589 1813 1889 1901 quiescam
1909 1860 1924 1884 ,
1978 1833 2168 1904 usque
2205 1810 2350 1876 dum

222 1915 595 1986 exeatsicut
618 1908 912 2003 splendor
938 1913 1181 1997 justitia
1208 1912 1361 1996 ejus,
1416 1932 1490 1973 ac
1527 1908 1702 1978 salus
1736 1915 1872 1999 ejus
1911 1914 2068 1976 sicut
2105 1909 2349 2004 lampas

227 2012 482 2088 ardeat,-
544 2025 600 2076 et
654 2011 982 2076 vocabitur
1022 2010 1134 2075 tibi
1179 2033 1395 2076 nomen
1439 2033 1655 2076 novum
1677 2062 1690 2080 ‚
1755 2009 1926 2104 quod
1964 2036 2036 2076 os
2079 2010 2351 2077 Jehovae

226 2112 587 2187 enuntiabit,
636 2126 694 2177 et
718 2115 838 2176 eris
864 2111 1129 2176 Conona
1155 2111 1433 2175 Dsscoms
1459 2119 1519 2173 et
1547 2111 1803 2175 emaus
1836 2113 2045 2180 Reum
2073 2116 2136 2176 in
2165 2137 2351 2178 manu

229 2216 359 2280 Dei
380 2218 496 2278 tui:
550 2210 957 2304 beneplacebit
995 2209 1275 2276 Jenovalz
1311 2215 1375 2274 in
1414 2225 1470 2275 te
1489 2259 1506 2285 ,
1558 2226 1613 2274 et
1643 2225 1801 2277 terra
1843 2227 1948 2276 tua
1995 2215 2350 2278 Msmnm-

228 2335 380 2379 Tun.
437 2315 596 2379 Ecce
619 2309 807 2380 Salus
846 2328 951 2380 tua
977 2315 1207 2386 veniet,
1263 2334 1396 2375 ecce
1423 2311 1665 2376 Merces
1692 2313 1855 2402 Ejus
1897 2337 2031 2378 cum
2057 2315 2242 2407 Ipso,
2292 2328 2351 2380 et

231 2415 549 2482 vocabunt
577 2413 756 2491 illos,
800 2412 1072 2507 populus
1095 2417 1474 2488 sanctitatis,
1529 2413 1823 2506 redempti
1844 2413 2150 2490 Jehovae,
2202 2431 2258 2480 et
2285 2430 2349 2481 tu

234 2515 561 2591 <vocaberis
583 2519 857 2603 quaesita
888 2514 1071 2590 Urbs,
1109 2528 1166 2579 et
1193 2538 1313 2579 non
1342 2513 1641 2580 deserta.“
1685 2510 1852 2608 [Cap.
1893 2516 2095 2582 LXll:
2145 2521 2346 2581 1—4.

245 2620 275 2680 ι
298 2618 350 2676 1.
401 2608 528 2706 η]

399 2720 542 2780 700.
620 2713 824 2794 Qualis
862 2714 1061 2780 futura
1113 2717 1258 2783 baec
1309 2716 1603 2794 Ecclesia,
1657 2716 2010 2782 describitur
2049 2721 2242 2804 ample
2288 2720 2350 2783 in
2444 2806 2453 2810 -

230 2815 628 2906 Apocalypsi,
682 2817 779 2878 ubi
807 2817 1002 2901 agitur
1029 2816 1103 2880 de
1136 2816 1253 2881 fine
1281 2817 1580 2881 Ecclesiae
1609 2817 1822 2903 prioris
1849 2829 1907 2879 et
1936 2828 2069 2882 ortu
2098 2818 2345 2889 Novae;

229 2919 384 2982 haec
413 2939 568 2981 nova
603 2917 865 2981 Ecclesia
903 2917 1260 2981 describitur
1301 2940 1407 3005 per
1449 2917 1688 2983 Novam
1718 2917 2233 3005 Hierosolymam,
2290 2925 2349 2979 et

227 3040 340 3105 per
370 3016 678 3104 magnifica
721 3018 884 3101 ejus,
937 3027 994 3080 et
1034 3018 1191 3104 quod
1237 3017 1435 3082 futura
1479 3018 1552 3082 sit
1597 3018 1825 3102 Sponsa
1870 3026 1928 3079 et
1960 3017 2128 3080 Uxor
2172 3017 2345 3101 Agin,

227 3118 373 3207 cap.
406 3119 558 3185 XIX
572 3147 596 3180 :-
632 3123 688 3182 Ἶ.
746 3112 887 3205 Cap.
918 3118 1093 3182 XXI:
1142 3125 1199 3183 2.
1235 3124 1291 3181 9.
1351 3119 1668 3183 Praeterea
1697 3138 1767 3179 ex
1796 3115 2150 3205 Apocalypsi
2181 3126 2346 3179 tran-

222 3241 457 3285 sumam
512 3220 800 3283 duntaxat
854 3218 1030 3292 baec,
1087 3217 1326 3305 quando
1382 3238 1537 3283 nova
1595 3219 2016 3306 Hierosolyma
2075 3216 2195 3281 visa
2254 3226 2344 3281 est

226 3319 593 3385 descendere
636 3340 669 3381 e
708 3316 920 3394 Caelo,
990 3318 1237 3392 dicitur,
1291 3318 1452 3383 Ecce
1511 3316 1990 3382 Tabernnculum
2044 3316 2165 3381 Dei
2212 3340 2348 3382 cum

224 3420 604 3493 hominibus,
658 3422 764 3511 qui
790 3417 1082 3493 habitabit
1110 3443 1245 3483 cum
1274 3416 1430 3493 illis,
1473 3432 1529 3481 et
1556 3416 1655 3481 illi
1671 3415 1892 3510 populi
1914 3418 2129 3509 Ipsius
2153 3431 2345 3493 erunt,

223 3522 376 3613 Ipse
398 3523 512 3585 erit
539 3543 672 3584 cum
701 3518 830 3583 illis
858 3519 1027 3584 Deus
1055 3518 1296 3585 illorum
1315 3569 1329 3593 ‚
1376 3532 1435 3583 et
1456 3533 1665 3608 gentes
1691 3541 1848 3611 quae
1876 3518 2239 3596 salvantur,
2282 3523 2345 3585 in
2392 3548 2401 3553 ·

221 3620 360 3687 luce
391 3621 550 3708 Ejus
576 3617 1003 3695 ambulabunt,
1054 3635 1110 3685 et
1137 3644 1265 3685 noa:
1294 3645 1416 3684 non
1454 3623 1563 3684 erit
1607 3620 1704 3683 ibi.
1786 3618 1925 3709 Ego
1976 3621 2164 3686 Jesus
2207 3624 2351 3685 misi

221 3718 538 3812 Angelum
565 3745 756 3789 meum
796 3719 884 3786 ad
917 3721 1264 3786 testandum
1300 3722 1484 3786 vobis
1523 3718 1673 3785 haec
1710 3723 1773 3785 in
1818 3719 2159 3795 Ecclesiiae,
2201 3721 2345 3809 Ego

219 3848 362 3887 sum
387 3821 577 3888 radix
612 3837 669 3887 et
718 3820 928 3886 Genus
968 3819 1257 3897 Davidis,
1310 3819 1504 3887 Stella
1544 3820 1875 3913 splendida
1911 3836 1968 3886 et
2009 3824 2305 3887 matutina
2322 3849 2344 3895 ,-

117 3960 124 3963 -
220 3921 486 4015 ,spiritus
512 3936 567 3986 et
594 3919 837 4014 Sponsa
874 3921 1113 3998 dicunt,
1164 3927 1345 3998 veni,
1385 3935 1442 3987 et
1466 3926 1574 4014 qui
1596 3920 1803 3996 audit,
1856 3919 2047 3987 dicito
2076 3925 2254 3996 veni,
2283 3933 2342 3984 et

219 4028 333 4112 qui
373 4026 536 4098 sitit,
591 4027 832 4098 venito,
895 4036 952 4086 et
990 4025 1099 4115 qui
1130 4019 1298 4099 vult,
1368 4025 1589 4087 sumito
1643 4044 1866 4113 aquam
1925 4025 2089 4087 vitae
2126 4023 2342 4111 gratis.

224 4125 359 4189 Imo
389 4127 541 4190 veni
575 4123 835 4211 Domine
871 4122 1056 4200 Jesu,
1109 4146 1313 4199 amen,
1366 4122 1508 4207 Cap.
1556 4122 1732 4186 XXI·
1785 4126 1843 4185 3.
1887 4124 1990 4185 24.
2037 4126 2139 4185 25.
2196 4120 2341 4204 Cap.

223 4225 435 4289 xxll·
484 4229 582 4290 10.
597 4228 719 4289 17
752 4229 857 4289 90.
1868 4318 1918 4382 V
