2750 4775
407 369 514 418 230
643 353 1105 410 UMVERSA
1150 353 1693 408 THEOLOGIA
1741 355 1809 408 N.
1852 355 1917 408 C.
1958 355 2065 407 ET
2104 355 2171 407 N.
2212 355 2277 408 Ε.

404 509 581 592 Quod
630 531 753 574 nou
795 510 963 598 panis
1002 508 1287 573 naturalis
1331 530 1438 598 per
1475 508 1700 575 Panem
1745 508 2137 595 intelligatur,
2187 509 2289 572 sed
2328 507 2527 576 Panis

405 612 702 687 caelestis,
753 620 913 699 patet
958 631 1030 675 ex
1074 609 1165 674 his
1219 610 1413 685 „Non
1448 634 1566 703 per
1604 611 1838 676 Panem
1885 608 2082 675 solum
2117 613 2268 675 vivit
2309 608 2523 687 homo,

405 712 521 779 sed
546 736 663 808 per
699 735 876 777 omne
910 711 1079 805 quod
1109 716 1237 777 exit
1280 735 1363 777 ex
1401 735 1507 777 ore
1543 710 1813 779 Jehovae
1852 715 2004 777 vivit
2048 708 2242 787 homo,
2294 710 2519 776 Deutr.

406 813 589 882 VIII:
632 819 690 878 2.
751 816 810 876 3.
908 814 1234 879 Immiuam
1282 808 1512 897 famem
1565 818 1628 879 in
1674 826 1925 887 ter-ram,
1979 836 2101 877 non
2127 809 2372 901 famem
2424 814 2528 878 acl

398 939 652 1009 panem,
704 937 894 1008 neque
918 918 1077 979 sitim
1105 913 1192 982 ad
1215 938 1442 1008 aquas,
1490 914 1606 980 sed
1639 913 1729 979 ad
1764 912 2133 979 audiendum
2173 914 2367 980 verba
2400 914 2520 980 Je-

407 1017 667 1093 hovam
718 1015 901 1081 Amos
934 1013 1117 1082 VIII:
1180 1019 1278 1079 11.
1358 1014 1678 1081 Praeterea
1733 1037 1838 1104 per
1886 1012 2111 1079 Panem
2129 1013 2521 1102 ‘intelligitur

408 1118 599 1183 omnis
638 1116 853 1192 Cibus,
908 1116 1096 1179 Levit.
1139 1116 1369 1181 XXIV:
1416 1121 1453 1178 5
1484 1118 1556 1181 ad
1590 1121 1646 1180 9.
1715 1116 1903 1182 Exod.
1945 1116 2148 1180 XXV:
2193 1121 2294 1180 30.
2365 1117 2517 1205 Cap.

409 1218 555 1284 XL:
602 1220 704 1280 ⁶28.
758 1217 939 1282 Num.
972 1217 1086 1282 IV:
1131 1222 1188 1282 7.
1249 1217 1638 1303 1Reg.v11=
1686 1220 1789 1281 48.
1881 1216 2059 1296 Quod
2107 1219 2283 1282 etiam
2328 1217 2521 1282 Cibus

405 1317 753 1407 spiritualis,
821 1328 982 1406 patet
1035 1319 1111 1382 ab
1163 1315 1256 1382 bis
1300 1319 1537 1384 Domini
1589 1319 1787 1384 verbis
1838 1318 2232 1412 „operamini
2282 1319 2518 1392 Cibum,

409 1444 532 1486 non
570 1423 683 1513 qui
711 1424 896 1513 perit,
948 1418 1062 1484 sed
1113 1419 1350 1495 Cibum,
1421 1424 1529 1513 qui
1579 1435 1778 1485 manet
1829 1423 1892 1483 in
1942 1423 2134 1484 antam
2184 1434 2517 1498 aeternam,

406 1545 580 1614 quem
607 1519 817 1586 Filius
834 1519 1093 1586 hominis
1116 1521 1297 1587 vobis
1323 1519 2064 1596 dabit,⁶‘Joh.V1:2·c.

568 1609 713 1688 7²⁰8.
769 1623 945 1702 Quod
986 1644 1093 1709 per
1131 1622 1357 1689 Vinum
1396 1622 1584 1687 simile
1626 1622 1988 1708 intelligatur
2024 1622 2187 1709 quod
2231 1643 2336 1708 per
2361 1621 2520 1686 Sau-

412 1726 681 1811 guiuem,
734 1734 893 1812 patet
940 1724 1099 1787 clare
1148 1746 1181 1788 a
1226 1724 1467 1788 Domini
1508 1723 1781 1799 Verbis,
1788 1723 1992 1799 ,Jews
2030 1746 2272 1788 sumens
2316 1742 2511 1787 Pocu-

409 1846 548 1890 Ltm
592 1825 828 1899 dicens,
894 1823 1006 1889 hoc
1053 1838 1143 1889 est
1190 1822 1459 1916 Sanguis
1509 1834 1736 1900 meus‚“
1787 1824 1999 1890 Mattb.
2045 1823 2277 1890 XXVI:
2319 1825 2507 1891 Marc.

412 1926 575 1991 XIV.
631 1927 772 1990 Luc.
827 1924 1018 1988 XXII.
1074 1937 1196 1987 tum
1246 1948 1321 1989 ex
1364 1926 1454 1991 bis
1505 1927 1742 2002 „Lavat
1777 1930 1842 1989 in
1889 1926 2055 1991 Vmo
2090 1930 2506 1990 wstimentum

410 2052 623 2103 suum,
701 2042 759 2091 et
810 2030 875 2089 in
922 2024 1254 2089 SAneume
1308 2048 1584 2093 uvAnum
1645 2024 2216 2104 velamen-suum,·‘
2292 2025 2505 2090 Genes.

408 2128 641 2194 XLIX:
692 2133 793 2203 11,
844 2125 990 2188 baec
1016 2124 1089 2189 de
1117 2126 1394 2193 Domino.
1476 2128 1684 2194 Faciet
1709 2123 1986 2193 Jehovah
2010 2126 2283 2194 Zebaoth
2319 2130 2509 2193 omni-

413 2231 527 2295 bus
562 2226 811 2322 populis
858 2228 1184 2291 convivium
1228 2229 1663 2321 pinguedinum
1680 2277 1697 2306 ,
1772 2232 2100 2295 convivium
2126 2225 2344 2318 ficum
2396 2252 2504 2293 seu

411 2350 551 2395 vnn
608 2348 850 2405 sunm,
906 2327 1061 2416 Esaj.
1114 2329 1315 2396 XXV:
1366 2336 1434 2407 ὃς
1496 2330 1647 2396 haec
1696 2330 1768 2396 de
1823 2330 2211 2396 Sacramento
2255 2330 2520 2395 Sanctae*

412 2431 647 2497 Caenae
672 2452 707 2494 a
733 2429 991 2494 Domino
1017 2432 1423 2497 instituendae.
1505 2431 1678 2521 Apud
1707 2432 1975 2497 Eundem
2021 2432 2277 2508 „Omnis
2303 2434 2508 2496 sitiens

412 2537 491 2598 ite
515 2531 604 2597 ad
624 2554 853 2624 aquas,
906 2545 963 2596 et
999 2535 1098 2596 eui
1137 2557 1259 2598 non
1297 2549 1642 2625 argentum,
1696 2539 1803 2611 ite,
1853 2536 2052 2610 emite,
2102 2549 2162 2599 et
2201 2532 2508 2607 comedite,

411 2646 472 2698 et
495 2637 667 2699 emite
703 2637 834 2697 sine
860 2647 1107 2725 argento
1134 2647 1406 2712 vnum?
1451 2635 1592 2722 Cap.
1628 2636 1762 2703 LV:
1817 2641 1869 2699 1.
1923 2633 2043 2700 Per
2080 2654 2364 2699 omnen
2414 2654 2507 2697 vr-

417 2753 511 2798 ·rrs
611 2735 774 2821 quod
826 2755 1042 2800 novum
1099 2736 1338 2800 bibituri
1390 2746 1525 2801 suut
1575 2737 1634 2799 in
1690 2738 1902 2821 Regno
1953 2734 2237 2809 Caelesti,
2295 2734 2506 2801 Mauh.

413 2781 648 2902 XVIX':
634 2840 808 2900 &29
865 2837 1050 2901 Marc.
1081 2836 1255 2903 XIV:
1301 2842 1405 2900 25.
1461 2838 1603 2902 Luc.
1634 2837 1840 2903 XXII:
1900 2841 1997 2900 17.
2034 2840 2135 2913 18,
2188 2858 2310 2900 uon
2352 2835 2508 2900 aliud

413 2936 762 3025 intelligitur
809 2958 989 3024 quam
1045 2938 1260 3003 Novae
1314 2937 1634 3002 Ecclesiae
1664 2947 1723 3002 et
1774 2936 1935 3002 Caeli
1987 2938 2247 3009 Verum:
2325 2957 2509 3023 quare

413 3039 589 3107 etiam
619 3039 881 3105 Ecclesia
902 3040 1111 3104 ›multis
1158 3041 1304 3105 locis
1341 3041 1403 3103 in
1442 3041 1644 3106 Verbo
1674 3049 1934 3103 vocatur·
1961 3038 2197 3114 Vnum,
2248 3047 2312 3102 ut
2354 3038 2508 3123 Esaj.

416 3140 501 3205 V:
551 3145 603 3206 1.
649 3145 708 3205 2.
754 3144 811 3204 4.
868 3141 1081 3207 Matth.
1122 3140 1267 3206 XX:
1327 3145 1355 3204 1
1396 3140 1471 3204 ad
1502 3144 1603 3206 18.
1643 3151 1703 3204 et
1742 3140 2030 3205 Dominus
2068 3160 2131 3203 se
2165 3158 2376 3203 vocar
2414 3157 2511 3200 vr-

416 3260 550 3304 ·rm
589 3262 840 3320 vnum,
891 3252 951 3306 et
988 3240 1254 3306 homines
1295 3242 1394 3329 qui
1440 3243 1778 3307 inseruntur
1813 3241 1930 3318 illi,
1980 3260 2323 3317 numu-15,
2373 3238 2510 3305 Joh.

410 3341 552 3408 XV:
600 3347 656 3407 1.
687 3349 765 3406 6..
799 3354 1034 3429 praeter
1059 3343 1226 3430 plura
1254 3342 1413 3408 alibi.

472 3468 479 3474 ’
577 3449 724 3509 709..
782 3444 870 3507 Ex
899 3443 988 3507 bis
1014 3464 1170 3506 nunc
1199 3454 1470 3508 constare
1505 3452 1724 3531 potest,
1774 3442 1914 3529 quid
1953 3465 2057 3532 per
2083 3442 2327 3506 Domini
2365 3442 2514 3507 Car·

415 3558 548 3608 nem
578 3557 637 3607 et
658 3545 1026 3629 Sanguinem
1046 3591 1064 3618 ,
1117 3562 1336 3629 perque
1365 3545 1587 3609 Panem
1618 3555 1674 3607 et
1702 3544 1937 3635 Vinum,
1981 3545 2040 3607 in
2067 3544 2278 3632 triplici
2306 3546 2515 3617 seusu,

418 3645 726 3718 Naturali,
779 3643 1076 3730 Spirituali
1104 3653 1162 3706 et
1204 3645 1453 3710 Caelesti
1497 3645 1857 3732 intelligitur.
1937 3645 2147 3710 Omnis
2177 3644 2366 3710 -homo
2407 3646 2518 3710 im-

420 3746 598 3809 butus
637 3743 924 3830 religione
957 3744 1014 3806 in
1045 3743 1519 3824 Christianismo,
1573 3757 1764 3835 potest
1803 3747 1986 3823 scire,
2039 3756 2097 3809 et
2136 3747 2183 3810 si
2225 3769 2343 3810 non
2389 3748 2520 3820 scit,

400 3854 612 3935 -potest
651 3845 906 3921 discere,
961 3845 1119 3931 quod
1144 3846 1315 3912 detur
1341 3846 1606 3912 Nutritio
1635 3848 1920 3914 naturalis
1950 3859 2007 3911 et
2041 3847 2308 3913 Nutritio
2350 3848 2523 3934 spiri-

414 3947 616 4022 tualiS,
670 3954 727 4009 et
757 3946 915 4032 quod
942 3947 1203 4013 Nutritio
1232 3948 1519 4012 naturalis
1545 3952 1617 4013 sit
1661 3972 1768 4036 pro
1796 3948 2094 4034 Corpore,
2137 3959 2196 4012 at
2241 3948 2517 4014 Nutritio

413 4048 730 4135 spiritualis
757 4069 864 4136 pro
893 4044 1139 4127 Anima,
1191 4071 1327 4114 uam
1366 4048 1507 4112 dicit
1532 4047 1807 4117 Jebovab
1849 4049 2139 4115 Dominus
2179 4051 2340 4137 apud
2380 4051 2523 4115 Mo·

413 4169 517 4213 sen
564 4149 752 4241 „Non
770 4172 887 4241 per
914 4174 1134 4242 panem
1163 4148 1360 4215 solum
1387 4152 1536 4214 vivit
1571 4147 1780 4226 honio,
1833 4149 1948 4216 sed
1978 4174 2091 4239 per
2132 4162 2306 4217 omne
2348 4148 2528 4244 quod

416 4253 544 4315 exit
587 4273 667 4315 ex
711 4273 814 4315 ore
850 4248 1117 4316 Jehooae
1156 4252 1304 4315 vivit
1345 4249 1583 4325 hom0,“
1636 4250 1844 4317 Deutr.
1887 4251 2086 4320 Vlllz·
2117 4258 2172 4316 2.
2219 4257 2273 4316 3.
2334 4253 2521 4317 Nune
