2750 4775
671 407 827 460 vm.
907 407 1311 462 LIBERUM
1368 405 1907 461 ARBITRIUM.
2284 418 2351 466 13

252 559 713 624 Observandum
744 570 861 636 est,
886 637 894 647 ι
915 561 1073 647 quod
1108 560 1208 624 ubi
1241 560 1338 623 bic
1365 560 1580 624 dicitur
1606 559 1846 624 Caelum
1866 608 1880 635 ,
1934 560 2107 623 etiam
2141 560 2359 625 intelli-

249 670 429 746 gatur
472 661 793 736 Dominus,
847 662 987 748 quia
1011 662 1302 725 Dominus
1344 669 1431 726 est
1475 681 1646 724 omne
1680 661 1738 723 in
1769 660 2040 725 omnibus
2068 661 2247 737 caeli,
2298 670 2360 725 et

247 761 354 825 ubi
411 761 626 823 dicitur
679 763 979 839 diabolus,
1051 761 1417 847 intelligatur
1458 760 1793 838 Infernum,
1849 760 1985 848 quia
2027 782 2231 825 omnes
2274 761 2356 825 ibi

245 869 389 926 sunt
418 861 652 924 diaboli.

384 963 552 1028 ΛΠ.
609 964 787 1043 Quod
825 963 1005 1025 bomo
1046 971 1323 1027 teneatur
1366 963 1428 1026 in
1470 961 1583 1026 hoc
1623 982 1839 1048 magno
1882 961 2241 1038 Interstitio,
2294 972 2355 1028 et

245 1062 334 1127 ibi
364 1064 644 1127 continue
673 1064 731 1127 in
762 1066 887 1149 ejus
915 1063 1139 1140 medio,
1188 1072 1275 1127 est
1305 1065 1475 1126 unice
1513 1071 1755 1150 propter
1789 1083 2060 1136 causam,
2113 1062 2264 1125 utin
2292 1062 2358 1125 li·

246 1165 400 1228 bero
448 1164 695 1227 arbitrio
734 1165 795 1227 in
842 1164 1247 1252 spiritualibus
1283 1165 1390 1240 sit,
1456 1181 1594 1230 nam
1651 1162 2062 1247 aequilibrium
2114 1160 2229 1226 boc
2272 1172 2361 1227 est
2432 1238 2437 1242 ,

253 1264 675 1350 aequilibrium
705 1264 1025 1352 spirituale,
1082 1267 1216 1353 quia
1246 1273 1332 1329 est
1361 1265 1514 1327 inter
1542 1263 1785 1328 Caelum
1814 1271 1873 1325 et
1901 1261 2237 1339 Infernum,
2275 1262 2357 1327 ita

248 1365 412 1429 inter
441 1364 665 1429 bonum
693 1373 751 1428 et
780 1365 1017 1429 malum.
1078 1369 1334 1441 Omnes,
1391 1365 1492 1451 qui
1536 1365 1597 1427 in
1643 1382 1862 1448 magno
1903 1363 2005 1427 illo
2036 1361 2359 1429 Interstitio

251 1475 428 1542 sunt,
481 1465 678 1552 quoad
722 1466 1002 1530 interiora
1048 1488 1192 1541 sua,
1265 1466 1567 1552 conjuncti
1610 1473 1746 1528 sunt
1795 1463 1890 1529 vel
1941 1484 2070 1526 cum
2115 1459 2359 1547 Angelis

252 1566 434 1641 caeli,
489 1566 586 1631 vel
625 1588 765 1629 cum«
802 1566 1052 1631 diabolis
1081 1566 1328 1644 inferni,
1383 1575 1444 1629 at
1485 1565 1661 1628 hodie
1689 1565 1785 1628 vel
1814 1585 1944 1627 cum
1975 1564 2218 1650 Angelis
2246 1564 2360 1627 Mi-

253 1665 502 1740 chaelis,
560 1665 655 1732 vel
697 1689 827 1730 cum
873 1667 1114 1753 Angelis
1149 1666 1444 1732 draconis,
1495 1665 1707 1732 Omnis
1735 1663 1916 1728 homo
1948 1675 2076 1752 post
2104 1672 2356 1728 mortem

254 1767 332 1832 ad
362 1788 499 1830 suos
526 1767 586 1830 in
614 1768 715 1831 illo
744 1767 1066 1832 Interstitio
1095 1790 1156 1832 se
1187 1767 1449 1844 confert,
1504 1776 1563 1830 et
1592 1766 1855 1831 adsociat
1881 1786 1941 1828 se
1967 1765 2112 1839 inis,
2166 1764 2267 1850 qui
2295 1766 2357 1827 in

252 1867 428 1933 simili
457 1888 660 1932 amore
687 1879 839 1943 sunt,
893 1889 1028 1932 nam
1059 1867 1245 1933 Amor
1271 1868 1576 1955 conjungit
1604 1865 2059 1952 unumquemvis
2100 1863 2179 1926 ibi
2223 1886 2355 1930 cum

255 1967 573 2044 similibus,
627 1978 685 2032 et
713 1968 853 2032 facit
882 1978 944 2031 ut
973 1968 1155 2032 libere
1183 1969 1427 2054 respiret
1454 1969 1711 2031 animam
1730 2012 1747 2041 ,
1800 1987 1870 2030 ac
1896 1966 1971 2030 sit
1998 1965 2057 2029 in
2084 1974 2240 2031 statu
2272 1965 2361 2032 vi-

255 2078 355 2131 tae
386 2077 730 2141 anteacta'e;
785 2079 843 2131 at
872 2069 1198 2134 successive
1243 2080 1385 2132 tunc
1410 2077 1707 2132 exuuntur
1732 2077 2001 2143 externa,
2057 2087 2209 2153 quae
2237 2087 2355 2130 non

259 2189 443 2231 unum
488 2169 714 2248 faciunt
756 2190 888 2231 cum
931 2168 1212 2241 internis;
1264 2190 1383 2254 quo
1422 2166 1581 2231 facto
1611 2167 1799 2231 bonus
1826 2167 2093 2231 elevatur
2120 2168 2179 2229 in
2208 2165 2358 2231 Cae-

256 2269 414 2348 lum,
466 2279 525 2330 et
570 2268 761 2333 malus
792 2289 853 2332 se
883 2269 1112 2332 confert
1141 2270 1199 2331 in
1228 2267 1557 2343 infernum,
1612 2268 1857 2354 quisque
1887 2268 1963 2331 ad
1992 2268 2166 2343 tales,
2223 2288 2355 2332 cum

264 2367 477 2454 quibus
507 2368 702 2453 quoad
731 2390 993 2449 amorem
1025 2377 1368 2457 regnantem
1400 2392 1579 2435 unum
1609 2366 1766 2434 facit.

420 2473 587 2537 478„
621 2469 737 2534 Sed
769 2469 1192 2555 Aequilibrium
1225 2469 1337 2534 hoc
1373 2469 1708 2558 spirituale,
1762 2468 1918 2556 quod
1959 2478 2047 2534 est
2076 2469 2357 2541 Liberum

259 2567 623 2646 Arbitrium,
677 2570 956 2635 illustrari
985 2581 1173 2659 potest
1204 2592 1309 2657 per
1335 2571 1683 2657 aequilibria
1714 2570 2026 2634 naturalia.
2082 2569 2187 2634 Est
2212 2571 2364 2635 sicut

256 2670 675 2757 aequilibrium
705 2670 960 2736 bominis
988 2674 1207 2736 circum
1238 2693 1454 2760 corpus
1480 2681 1581 2756 aut
1610 2671 1685 2735 ad
1728 2669 1965 2734 brachia
2007 2669 2168 2755 ligati
2207 2671 2362 2736 inter

255 2770 429 2834 binos
475 2772 635 2837 viros
688 2773 948 2859 ejusdem
1011 2773 1273 2848 roboris,
1333 2790 1596 2860 quorum’
1640 2792 1792 2835 unus
1836 2770 2014 2835 trahit
2059 2768 2360 2835 bominem

254 2872 517 2936 medium
561 2873 634 2936 ad
677 2874 981 2949 dextrum,
1034 2882 1092 2936 et
1125 2873 1274 2937 alter
1301 2874 1375 2938 ad
1407 2873 1745 2948 sinistrum,
1799 2870 1958 2958 quod
1996 2880 2139 2935 tunc
2177 2871 2359 2937 bomo

255 2971 484 3036 medius
513 2975 693 3061 possit
720 2973 902 3038 libere
928 2995 990 3038 se
1019 2973 1135 3037 buc
1162 2973 1300 3037 illuc
1332 2974 1482 3038 sicut
1525 2994 1641 3037 non
1684 2972 1883 3056 aliqua
1924 2972 1982 3037 vi
2023 2981 2189 3037 actus
2230 2992 2362 3036 ver-

255 3082 421 3146 tere,
473 3082 531 3135 et
569 3074 615 3138 si
660 3074 891 3140 confert
929 3095 991 3139 se
1037 3073 1109 3137 ad
1157 3074 1459 3149 dextrum,
1499 3073 1678 3137 trahit
1707 3072 2014 3136 virumad
2059 3073 2359 3137 sinistrum

257 3195 397 3237 cum
443 3173 720 3239 violentia
768 3175 841 3237 ad
881 3196 1003 3251 se,
1030 3190 1215 3261 usque
1255 3184 1318 3237 nt
1357 3175 1449 3240 vir
1488 3196 1522 3238 a
1559 3174 1795 3238 sinistro
1824 3172 1995 3236 cadat
2035 3173 2093 3234 in
2121 3181 2362 3239 terram.

253 3275 542 3339 Similiter
573 3275 619 3338 si
650 3275 862 3361 aliquis
891 3276 1066 3339 etiam
1093 3275 1346 3339 imbellis
1381 3275 1596 3360 ligatus
1619 3273 1771 3336 foret
1802 3273 1955 3335 inter
1982 3281 2099 3335 tres
2127 3272 2288 3336 viros
2326 3293 2360 3337 a

257 3374 505 3449 dextro,
559 3384 617 3438 et
659 3375 904 3439 totidem
948 3397 981 3438 a
1021 3376 1256 3439 sinistro
1301 3374 1561 3460 ejusdem
1614 3372 1944 3461 potentiae;
2014 3371 2281 3435 similiter
2317 3374 2365 3437 si

254 3475 419 3538 inter
470 3475 727 3540 camelos
772 3485 874 3539 aut
919 3497 1119 3560 equos
1191 3474 1622 3563 Aequilibrium
1668 3472 2022 3561 Spirituale,
2076 3473 2233 3558 quod
2278 3484 2367 3538 est

255 3575 538 3638 Liberum
586 3576 928 3652 arbitrium,
985 3576 1316 3663 comparari
1357 3585 1548 3662 potest
1598 3596 1730 3639 cum
1774 3573 2040 3649 bilance,
2094 3575 2153 3636 in
2196 3576 2361 3662 cujus

256 3676 591 3762 unaqua‘vis
636 3678 803 3740 scala‘
842 3677 1028 3763 posita
1073 3687 1213 3740 sunt
1259 3676 1521 3764 pondera
1572 3675 2026 3762 aequilibrantia
2058 3724 2074 3751 ,
2128 3676 2172 3739 si
2220 3686 2364 3739 tunc

257 3796 469 3863 parum
507 3776 761 3841 addatur
798 3779 991 3863 scalae
1019 3777 1192 3842 unius
1229 3778 1461 3852 lateris,
1515 3778 1638 3842 axis
1676 3777 1935 3843 trutinae
1963 3797 2137 3863 supra
2168 3777 2365 3841 vibrat

256 3897 350 3951 se;
405 3876 591 3942 simile
621 3880 796 3940 etiam
825 3888 913 3941 est
957 3898 1087 3941 cum
1131 3888 1333 3953 vecte,
1387 3888 1489 3941 aut
1531 3900 1664 3942 cum
1707 3897 1922 3962 magna
1963 3877 2136 3941 trabe
2174 3877 2363 3965 posita

258 3998 436 4065 super
463 3975 890 4066 hypomochlio
915 4000 1054 4050 suo;
1109 3979 1306 4042 omnia
1335 3988 1394 4041 et
1422 3978 1651 4065 singula
1684 3998 1835 4065 quae
1869 3977 2023 4039 intra
2062 3976 2362 4040 bominem

259 4087 424 4152 sunt,
476 4079 633 4142 sicut
668 4101 800 4155 cor,
853 4077 1088 4166 pulmo,
1140 4079 1535 4156 ventriculus,
1587 4078 1804 4166 hepar,
1853 4096 2172 4163 pancreas,
2225 4077 2363 4151 lien,

260 4178 573 4254 intestina,
627 4188 686 4242 et
726 4179 985 4266 reliqua,
1036 4179 1095 4242 in
1134 4179 1236 4243 tali
1279 4178 1631 4266 aequilibrio
1676 4185 1843 4251 sunt,
1895 4174 2031 4237 inde
2074 4183 2161 4238 est
2203 4172 2364 4260 quod

264 4279 700 4367 unumquodvis
744 4281 802 4343 in
852 4300 1081 4345 summa
1125 4281 1320 4370 quiete
1376 4280 1557 4368 possit
1606 4299 1742 4343 suas
1787 4274 2119 4341 functiones
2159 4273 2360 4335 obire:
