2750 4775
655 408 816 467 Vm.
898 409 1306 464 LIBEBUM
1350 409 1887 468 ARBITRIUM.
2277 421 2346 476 15

236 560 583 646 crucifigere
634 562 975 625 Dominum.
1033 561 1213 642 Quod
1244 564 1592 650 permissum
1623 566 1698 629 sit
1740 563 2083 630 Mahumedi
2123 566 2350 634 instau-

233 681 368 725 rare
414 662 780 746 Religiosum
822 664 881 725 in
932 661 1198 750 pluribus
1241 684 1359 727 non
1402 665 1706 729 conforme
1744 666 2086 753 Scripturae
2110 669 2346 735 Sacrae.

235 768 290 826 8.
323 762 502 841 Quod
534 762 768 848 Religio
797 762 1129 828 Christiana
1162 765 1218 828 in
1246 765 1448 851 plures
1473 776 1665 830 sectas
1692 766 1876 831 divisa
1905 768 2012 844 sit,
2062 780 2121 834 et
2164 792 2347 856 quae·

235 865 324 928 vis
374 864 430 925 in
477 863 773 928 haereses.
833 870 887 927 9.
931 865 1105 945 Quod
1150 866 1208 927 in
1257 864 1706 932 Christianismo
1752 876 1840 930 tot
1885 868 2043 954 impii
2090 870 2240 945 sint,
2289 880 2348 936 et

233 985 476 1051 quoque
532 965 917 1048 gloriationes
964 986 1034 1028 ex
1079 966 1513 1052 impietatibus,
1567 976 1633 1030 ut
1675 978 1733 1031 et
1779 967 2246 1035 machinationes
2289 981 2349 1037 et

232 1065 374 1140 doli,
427 1065 606 1128 etiam
638 1075 846 1129 contra
877 1066 1034 1152 pios,
1087 1068 1272 1152 justos
1300 1077 1357 1129 et
1386 1067 1667 1132 sinceros.
1729 1072 1827 1131 10.
1856 1068 2031 1149 Quod
2061 1068 2344 1156 injustitia

233 1165 595 1251 quandoque
645 1165 964 1252 triumphet
1010 1188 1188 1252 super
1231 1167 1516 1253 justitiam
1575 1168 1635 1231 in
1693 1168 1922 1254 judiciis
1966 1179 2024 1232 et
2078 1171 2345 1257 negotiis.

237 1270 341 1330 11.
377 1265 551 1345 Quod
581 1266 757 1332 etiam
787 1267 1049 1354 impii-ad
1080 1267 1340 1332 honores
1382 1266 1746 1343 evehantur,
1801 1290 1871 1333 ac
1912 1268 2056 1334 fiant
2099 1292 2346 1358 magna-

229 1377 320 1434 tes
358 1377 417 1432 et
448 1367 741 1455 primates.
805 1372 903 1430 12.
935 1366 1111 1447 Quod
1143 1369 1560 1453 permittantur
1588 1368 1790 1445 Bella,
1844 1379 1902 1433 et
1938 1380 2077 1436 tune
2110 1382 2197 1436 tot
2221 1372 2341 1438 ‘ho-

225 1468 455 1532 minum
487 1489 690 1543 neceS,
742 1478 801 1531 et
843 1477 929 1532 tot
973 1470 1244 1544 urbium,
1298 1469 1562 1555 gentium
1610 1480 1669 1534 et
1697 1469 2054 1535 familiarum
2099 1472 2343 1560 deprae-

231 1569 537 1645 dationes,
593 1578 826 1656 praeter
868 1568 1069 1656 plura;
1125 1590 1263 1633 num
1307 1569 1437 1654 quis
1478 1570 1617 1634 talia
1665 1580 1855 1659 potest
1892 1570 2128 1635 aliunde
2158 1572 2341 1637 dedu·

233 1690 370 1734 cere
410 1690 588 1756 quam
630 1691 696 1732 ex
740 1669 959 1735 Libero
1000 1669 1267 1734 Arbitrio
1310 1669 1465 1758 apud
1506 1672 1967 1762 unumquemvis
2004 1673 2338 1737 hominem:

231 1770 550 1836 Permissio
578 1771 637 1833 in
668 1778 792 1833 toto
834 1779 1125 1834 terrarum
1161 1771 1306 1835 orbe
1336 1779 1510 1846 nota,
1566 1793 1684 1837 non
1713 1794 1783 1836 ex
1815 1772 1928 1835 alia
1960 1774 2187 1860 origine
2216 1785 2335 1839 est:

233 1871 394 1959 quod
422 1871 610 1956 Leges
640 1871 1036 1956 permissionis
1063 1871 1240 1935 etiam
1274 1872 1390 1936 sint
1425 1871 1585 1957 leges
1613 1872 1870 1936 Divinae
1896 1872 2336 1949 Providentiae,

232 1972 507 2036 videatur
553 1974 612 2036 in
658 1972 857 2059 Opere
907 1970 981 2034 de
1026 1972 1241 2034 Divina
1289 1971 1675 2036 Providentia
1734 1961 2160 2038 Amstelodami
2205 1972 2336 2039 An:

235 2076 406 2163 1764
450 2074 766 2160 impresso,
817 2093 888 2134 n:
921 2073 1051 2135 234
1079 2072 1154 2135 ad
1191 2072 1340 2144 274,
1397 2071 1496 2135 ubi
1532 2094 1706 2160 supra
1736 2073 1913 2139 allata
1943 2076 2121 2139 etiam
2152 2075 2337 2163 expli-

231 2181 362 2238 cata
408 2181 560 2237 sunt.
1268 2185 1271 2188 '

390 2274 538 2335 480.
595 2272 1075 2336 Panucumnu
1104 2271 1262 2357 quod
1290 2272 1569 2336 Liberum
1602 2269 1926 2338 Arbitrium
1966 2276 2026 2340 in
2066 2277 2341 2365 spiritua-

228 2372 387 2438 libus
427 2393 613 2457 aeque
653 2372 726 2436 sit
759 2373 914 2436 acin
946 2372 1344 2449 naturalibus,
1397 2383 1533 2438 sunt
1577 2373 2057 2442 innumerabilia.
2110 2377 2341 2445 Consu-

231 2473 321 2538 lat
364 2496 427 2538 se
473 2471 738 2560 quisque,
794 2472 840 2537 si
869 2472 1063 2549 lubet,
1118 2495 1335 2539 numne
1375 2485 1569 2562 potest
1604 2472 1758 2539 intra
1788 2477 1940 2540 diem
1985 2480 2341 2566 septuagieS‚

233 2584 338 2639 aut
365 2575 518 2638 intra
561 2575 948 2659 septimanam
990 2575 1305 2639 tercenties
1348 2577 1612 2662 cogitare
1640 2576 1713 2640 de
1738 2577 1903 2656 Deo,
1956 2579 2029 2643 de
2059 2581 2338 2656 Domino,

231 2676 307 2740 de
350 2676 572 2761 Spiritu
614 2674 869 2751 Sancto,
936 2674 1126 2761 deque
1172 2675 1404 2740 Divinis
1456 2698 1609 2764 quae
1667 2689 1957 2763 vocantur
2011 2680 2337 2767 spiritualia

229 2775 563 2851 Ecclesiae,
613 2798 753 2839 num
785 2785 925 2841 tunc
953 2774 1394 2862 sentit-aliquod
1426 2788 1731 2853 coactum,
1776 2779 1822 2842 si
1854 2780 1927 2842 ad
1956 2781 2012 2847 id
2029 2794 2112 2844 'ex
2139 2781 2338 2867 aliqua

229 2878 567 2962 voluptate,
621 2877 740 2940 imo
777 2876 826 2940 si
865 2897 937 2939 ex
977 2878 1169 2963 aliqua
1203 2878 1677 2963 concupiscentia
1708 2878 1930 2959 fertur,
1985 2891 2044 2946 et
2071 2879 2187 2947 boc
2209 2882 2337 2947 sive

231 2976 441 3049 fidem,
495 2979 619 3041 sive
662 2998 782 3040 non
822 2975 993 3040 fidem
1035 2978 1284 3042 habeat:
1339 2980 1581 3064 explora
1619 2979 1829 3055 etiam,
1883 2981 1944 3045 in
1980 2992 2337 3069 quocunque

229 3088 388 3144 statu
415 3078 525 3152 sis,
574 3100 713 3140 num
746 3077 1012 3163 cogitare
1042 3088 1207 3165 potes
1243 3079 1559 3165 quicquam
1600 3078 1822 3166 absque
1850 3082 2039 3146 libero
2070 3083 2337 3158 arbitrio,

231 3188 354 3244 tam
399 3180 455 3241 in
497 3178 745 3265 loquelis
785 3179 931 3253 tuis,
985 3200 1162 3264 quam
1204 3181 1263 3241 in
1305 3179 1675 3245 orationibus
1715 3181 1789 3242 ad
1829 3181 2056 3258 Deum,
2109 3192 2235 3247 turn
2274 3184 2338 3246 iu

227 3279 801 3368 praedicationibus,
858 3288 916 3341 et
946 3300 1185 3366 quoque
1216 3280 1275 3342 in
1307 3278 1863 3355 auscultationibus,
1917 3304 2137 3346 numne
2162 3283 2338 3377 Libe—

226 3402 363 3445 rum
405 3377 733 3444 Arbitrium
772 3379 831 3440 in
872 3378 984 3443 illis
1022 3377 1139 3444 fert
1173 3402 1348 3445 omne
1381 3389 1695 3466 punctum:
1749 3381 1867 3444 imo
1907 3382 2066 3467 quod
2108 3383 2335 3470 absque

228 3482 452 3546 Libero
483 3478 748 3544 Arbitrio
781 3481 839 3542 in
865 3479 1108 3563 singulis
1135 3481 1340 3545 imo-in
1374 3480 1877 3567 singularissimis‚
1933 3502 2043 3546 nec
2073 3484 2336 3573 respira-

224 3603 319 3647 res
355 3580 482 3668 plus
510 3602 685 3667 quam
715 3591 942 3654 statua,
997 3601 1130 3644 nam
1160 3583 1472 3669 respiratio
1511 3582 1777 3669 sequitur
1816 3584 2234 3670 cogitationem
2274 3595 2334 3650 et

228 3683 366 3745 inde
394 3680 690 3767 loquelam
721 3682 779 3743 in
807 3681 970 3746 omni
1004 3702 1208 3769 passm
1263 3684 1395 3745 dico
1438 3704 1558 3746 non
1599 3684 1728 3770 plus
1774 3706 1947 3769 quam
1990 3695 2220 3763 statua,
2274 3696 2336 3750 et

230 3804 352 3846 non
396 3780 523 3869 plus
565 3802 739 3868 quam
788 3781 1003 3858 bestia,
1075 3784 1211 3869 quia
1256 3784 1405 3848 baec
1443 3804 1512 3846 ex
1554 3786 1809 3848 naturali
1853 3786 2044 3849 libero
2089 3787 2336 3851 arbitrio

229 3881 509 3971 respirat,
560 3882 741 3947 homo
769 3890 966 3946 autem
996 3904 1066 3945 ex
1096 3884 1313 3948 Libero
1341 3882 1607 3948 Arbitrio
1650 3885 1710 3948 in
1752 3885 2121 3950 naturalibus
2163 3898 2222 3951 et
2264 3887 2342 3951 si-

230 3984 351 4047 mul
381 3983 440 4044 in
468 3983 899 4070 spiritualibuS,
956 4005 1093 4048 nam
1122 3983 1301 4048 homo
1330 4005 1453 4048 non
1485 3985 1746 4049 nascitur
1784 3986 1935 4049 sicut
1963 3986 2181 4063 bestia,
2237 3987 2341 4050 be-

231 4085 340 4147 stia
382 4105 515 4147 cum
551 4085 824 4149 omnibus
853 4083 997 4148 ideis
1027 4084 1387 4171 pedissequis
1412 4086 1632 4149 amoris
1659 4087 1945 4150 naturalis
1970 4086 2093 4162 sui,
2146 4087 2206 4150 in
2245 4095 2338 4150 ta·-

230 4182 304 4246 lia
334 4205 485 4270 quae
513 4185 848 4250 nutritionis
884 4192 943 4247 et
971 4183 1414 4273 prolificationis
1446 4194 1615 4263 sunt,
1668 4184 1853 4251 homo
1882 4194 2081 4249 autem
2111 4185 2338 4275 absque

233 4281 372 4349 ideis
429 4285 697 4351 connatis
750 4285 942 4351 solum
998 4285 1061 4349 in
1115 4284 1459 4352 facultatem
1520 4285 1776 4361 sciendi,
1856 4283 2224 4368 intelligendi
2277 4289 2337 4343 et
