2750 4775
403 347 517 398 ³18
635 332 1098 388 UMVERSA
1155 330 1693 385 'rufior-oeta
1748 330 1815 381 N.
1856 328 1919 382 C.
1963 330 2069 381 ET
2110 330 2179 386 N.
2224 330 2286 382 E.

408 510 472 554 se
502 496 680 562 retro,
731 495 790 550 et
822 494 1170 573 permanent
1197 485 1463 555 immoti;
1516 485 1597 548 ita
1626 504 1870 570 quoque
1898 492 2180 546 amovent
2221 505 2282 546 se
2312 484 2389 546 ab
2424 484 2510 547 in-

409 589 658 653 tuitione
707 589 830 652 veri
874 588 1189 658 interium
1242 585 1564 652 Rationale
1608 585 1765 649 enim
1807 605 1977 647 suum
2020 583 2386 650 concludunt
2410 587 2514 649 sub

409 688 764 754 obedientia.
829 689 1127 769 Quoniam
1173 686 1319 752 tales
1353 695 1525 761 sunt,
1576 685 1713 748 ideo
1752 683 1835 747 itti
1876 694 2008 769 post
2034 693 2330 759 mortem,
2383 686 2515 750 dum

409 791 472 855 in
499 789 786 854 Mundum
816 788 1180 877 spiritualem
1221 789 1499 861 veniunt,
1552 784 1834 873 peculiari
1874 785 2053 850 modo
2088 796 2518 872 praeparantur

409 890 484 956 ad
519 888 918 977 recipiendum
960 887 1286 977 spiritualia
1315 886 1511 961 Caeli,
1562 907 1715 972 quae
1743 896 1879 950 sunt
1909 885 2131 949 Divina
2161 885 2353 949 Veraz
2406 908 2518 950 non

410 991 734 1066 docentur,
805 991 942 1076 quia
993 1010 1116 1052 non
1154 991 1485 1076 recipiunt,
1553 986 1656 1051 sed
1697 985 2054 1052 describitur
2098 986 2214 1049 iltis
2258 986 2520 1064 Caelum,

411 1091 587 1179 quale
612 1101 730 1163 est,
782 1100 842 1153 et
867 1089 1078 1154 deinde
1105 1088 1283 1156 datur
1309 1089 1423 1152 iliis
1452 1087 1771 1152 ascendere
1800 1087 1937 1150 illuc
1954 1135 1971 1162 ‚
2025 1108 2099 1150 ac
2126 1088 2338 1150 videre
2364 1087 2520 1164 illud,

412 1202 469 1254 et
500 1202 640 1254 tunc
667 1191 943 1277 quicquid
974 1190 1300 1254 concordat
1327 1209 1460 1253 cum
1490 1189 1666 1273 genio
1696 1187 1928 1250 iliorum
1948 1235 1964 1263 ,
2017 1187 2355 1252 infunditur
2376 1236 2394 1265 ,
2422 1190 2523 1253 ..sic

412 1291 646 1358 demissi
677 1291 924 1355 redeunt
954 1291 1028 1353 ad
1055 1312 1192 1355 suos
1218 1311 1351 1353 cum
1384 1289 1558 1374 pleno
1585 1288 1876 1352 desiderio
1906 1286 2101 1352 Caeli:
2156 1288 2206 1351 si
2238 1298 2380 1352 tunc
2407 1310 2524 1352 non

411 1392 704 1479 recipiunt
732 1392 847 1455 boc
875 1392 1096 1454 Verum
1120 1440 1136 1462 .
1184 1391 1346 1477 quod
1375 1390 1539 1454 Deus
1566 1410 1719 1453 unus
1750 1390 1825 1453 sit
1851 1389 2117 1453 Persona
2146 1397 2207 1451 et
2234 1389 2526 1466 Essentia,

412 1503 471 1555 et
499 1493 661 1579 quod
688 1494 785 1555 itte
815 1492 977 1560 Deus
1010 1492 1085 1555 sit
1113 1492 1405 1555 Dominus
1432 1488 1804 1575 Redemptor
1828 1498 1883 1551 et
1912 1488 2222 1563 Salvator,
2281 1500 2343 1555 et
2373 1492 2525 1578 quod

409 1592 471 1656 in
510 1594 644 1679 Ipso
681 1593 754 1657 sit
800 1591 1017 1656 Divina
1062 1591 1360 1664 Trinitas:
1416 1599 1539 1653 tum
1580 1589 1696 1656 hoc
1728 1590 1985 1666 Verum,
2038 1589 2199 1676 quod
2250 1589 2432 1655 Fides
2472 1600 2525 1655 et

411 1693 685 1758 Charitas
713 1693 1051 1779 cognitione
1090 1702 1152 1755 et
1189 1712 1465 1758 sermone
1498 1712 1629 1764 ,non
1666 1684 1898 1753 'faciant
1936 1691 2261 1777 quicquam
2302 1693 2524 1779 absque

415 1794 536 1858 vita
565 1795 797 1860 illarum
821 1841 837 1867 ,
869 1802 947 1862 ,et
974 1792 1133 1878 quod
1161 1792 1295 1856 illae
1327 1792 1544 1854 dentur
1572 1813 1605 1854 a
1634 1789 1894 1854 Domino
1923 1792 2060 1854 dum
2091 1801 2223 1877 post
2256 1792 2525 1880 explora·

412 1895 633 1960 tionem
665 1893 1084 1982 paenitentiam
1115 1903 1313 1978 agunt.
1366 1893 1429 1957 Si
1460 1892 1537 1959 ab
1566 1891 1696 1965 illis,
1748 1913 1880 1955 cum
1910 1892 2221 1967 docentur,
2260 1913 2325 1957 se
2357 1915 2526 1959 aver·

415 2005 585 2071 tunt,
639 2004 697 2057 et
742 2013 927 2077 usque
972 1994 1233 2077 cogitant
1262 1994 1335 2056 de
1366 1994 1519 2069 Deo,
1572 1992 1730 2079 quod
1752 1992 1875 2056 siut
1901 2001 2021 2056 tres
2065 1993 2269 2077 quoad
2312 1995 2524 2060 Perso-

413 2116 554 2169 nas,
608 2104 664 2158 et
711 2096 784 2156 de
817 2094 1128 2177 Religione
1156 2094 1348 2158 sotum
1380 2094 1540 2180 quod
1570 2094 1678 2168 sit,
1734 2092 2087 2179 rediguntur
2132 2094 2189 2155 in
2237 2094 2524 2173 miserias,

412 2205 470 2259 et
500 2195 768 2260 aufertur
795 2192 906 2256 illis
929 2192 1306 2278 Negotiatio,
1361 2215 1544 2280 usque
1574 2194 1711 2257 dum
1744 2193 1947 2258 vident
1973 2216 2035 2259 se
2063 2192 2139 2256 ad
2180 2195 2397 2261 incitas
2434 2216 2524 2259 re·

411 2295 648 2360 dactos:
713 2305 773 2357 et
827 2304 969 2356 tunc
1013 2295 1422 2378 perducuntur
1463 2294 1536 2358 ad
1588 2294 1752 2366 illos,
1808 2294 1940 2381 qui,
1994 2295 2133 2383 qnia
2182 2296 2240 2356 in
2292 2297 2525 2361 Divinis

410 2391 582 2460 Veris
610 2404 763 2469 sunt,
818 2394 1122 2459 abundant
1152 2397 1457 2470 omnibus,
1511 2407 1569 2460 et
1596 2396 1751 2482 apud
1779 2419 1927 2482 quos
1951 2396 2303 2481 Negotiatio
2330 2397 2525 2475 floret,

413 2516 483 2557 ac
523 2495 604 2558 ibi
645 2496 975 2559 insinuatur
1013 2494 1124 2560 iltis
1166 2518 1197 2558 e
1228 2496 1411 2561 Caelo
1452 2497 1763 2583 cogitatio,
1815 2497 1971 2561 unde
2010 2507 2126 2572 est,
2182 2498 2346 2584 quod
2384 2500 2525 2563 tales

409 2595 557 2670 sint,
611 2606 668 2659 et
707 2595 879 2661 simul
918 2593 1160 2661 reflexio
1200 2619 1379 2683 super
1419 2597 1624 2661 Fidem
1667 2597 1932 2671 iliorum,
2004 2608 2060 2663 et
2100 2620 2287 2683 super
2327 2601 2523 2664 Vitam

410 2695 680 2772 illorum,
734 2697 891 2784 quod
939 2707 1289 2761 aversentur
1330 2698 1486 2761 mala
1526 2708 1589 2761 ut
1630 2708 1902 2783 peccata;
1958 2719 2167 2786 parum
2211 2702 2397 2763 etiam
2437 2701 2521 2763 in·

410 2797 682 2884 quirunt,
738 2806 794 2860 et
825 2799 1151 2886 percipiunt
1194 2798 1680 2862 concordantiam
1723 2820 1857 2861 cum
1892 2800 2128 2886 propria
2158 2801 2523 2886 cogitatione

408 2909 469 2961 et
516 2897 863 2970 reflexione;
932 2896 1047 2961 boc
1091 2897 1156 2961 fit
1201 2921 1304 2985 per
1347 2900 1536 2963 vices:
1603 2900 1843 2963 tandem
1887 2919 1955 2963 ex
1998 2909 2187 2964 semet
2239 2902 2524 2987 cogitant,

409 3000 568 3083 qnod
609 3010 670 3063 ut
711 3007 922 3065 exeant
963 3020 996 3063 a
1044 3000 1326 3075 miseriis,
1379 2997 1647 3064 similiter
1695 2999 2084 3076 credendum,
2150 3010 2211 3064 et
2254 3002 2525 3067 similiter

412 3100 732 3163 vivendum
773 3100 878 3175 sit,
928 3109 987 3163 et
1027 3108 1167 3162 tunc
1205 3100 1355 3164 sicut
1399 3100 1688 3187 recipiunt
1722 3100 1882 3164 illam
1923 3100 2128 3165 Fidem
2153 3150 2169 3176 ,
2223 3112 2285 3165 et
2316 3104 2523 3167 vivunt

410 3196 566 3263 illam
598 3199 916 3265 Charitatis
945 3199 1126 3264 vitam
1146 3249 1162 3273 ‚
1217 3200 1395 3265 datur
1421 3200 1535 3265 iltis
1566 3200 1867 3286 opulentia
1887 3251 1900 3273 ,
1954 3210 2013 3263 et
2042 3200 2317 3269 faustitas
2349 3205 2518 3267 vitae.

410 3298 546 3365 Hoc
576 3301 752 3364 modo
781 3301 882 3374 ini,
927 3299 1024 3386 qui
1053 3301 1109 3362 in
1144 3300 1372 3366 Mundo
1398 3299 1654 3387 aliquam
1686 3301 1869 3365 vitam
1900 3300 2217 3367 Charitatis
2250 3313 2523 3390 egerunt,

408 3400 801 3465 emendantur
827 3422 860 3465 a
882 3424 979 3475 se,
1035 3422 1105 3464 ac
1134 3410 1563 3488 praeparantur
1597 3400 1670 3466 ad
1702 3400 1963 3469 Caelum.
2022 3400 2102 3466 Hi
2132 3412 2341 3488 postea
2369 3403 2522 3470 Con·

405 3501 721 3565 stantiores
747 3499 894 3564 fiunt
922 3501 1081 3575 aliis,
1134 3502 1283 3565 adeo
1328 3513 1392 3564 ut
1430 3501 1545 3565 dici
1588 3510 1809 3588 queant
1836 3501 2251 3579 Constantiae,
2305 3525 2417 3566 nec
2459 3523 2522 3567 se

406 3600 483 3663 ab
541 3602 736 3685 aliqua
791 3602 1281 3678 ratiocinatione,
1351 3602 1624 3679 fallacia,
1696 3601 2059 3689 obscuritate
2112 3603 2356 3668 inducta
2417 3625 2522 3690 per

404 3700 748 3785 sophistica,
804 3710 862 3763 et
904 3721 973 3761 ex
1006 3703 1230 3766 visione
1264 3712 1646 3791 praepostera
1687 3724 1719 3766 a
1762 3704 1902 3769 sotis
1944 3704 2520 3781 confirmationibus,

404 3800 619 3865 abduci
653 3801 983 3884 patiuntur;
1042 3800 1188 3867 fiunt
1215 3805 1370 3868 enim
1403 3804 1768 3891 perspicaces
1796 3803 1922 3889 plus
1963 3826 2139 3890 quam
2182 3805 2362 3891 prius,

570 3903 714 3962 803.
786 3900 1078 3967 Doctores
1117 3903 1414 3968 Didascali
1459 3905 1516 3967 in
1561 3904 1774 3993 Lyceis
1820 3903 2057 3968 illorum
2114 3906 2521 3994 maximopere

400 3998 637 4064 student
665 4000 923 4090 mysticis
951 3999 1083 4066 fidei
1111 4003 1470 4079 hodiernae,
1524 4003 1812 4090 imprimis
1851 4004 1936 4070 illi
1967 4005 2048 4069 ibi
2088 4007 2190 4093 qui
2219 4016 2519 4071 vocantur

400 4098 733 4183 Cocceiani,
783 4110 843 4166 et
871 4103 1010 4189 quia
1036 4123 1108 4166 ex
1138 4103 1401 4191 mysticis
1430 4104 1541 4169 inis
1578 4104 2001 4169 inevitabiliter
2028 4106 2329 4171 enascitur
2373 4105 2517 4192 dog·

367 4227 371 4231 ⁴
401 4217 496 4261 ma
526 4197 1116 4275 praedestinationis,
1150 4211 1208 4263 et
1248 4201 1396 4264 haec
1425 4204 1665 4293 insuper
1708 4224 1740 4267 a
1779 4205 2031 4294 Synodo
2054 4202 2516 4271 Dordrechtana
