2750 4775
432 348 539 397 2³6
681 334 1139 389 Uvassnsa
1184 334 1718 390 ‘ruEOLoela
1761 337 1827 388 N.
1871 334 1938 388 C.
1977 336 2082 387 ET
2124 336 2191 391 N.
2235 335 2302 389 E.

426 501 488 554 et
516 487 655 553 mihi
694 489 999 560 dixerunt,
1054 484 1374 559 descende,
1429 486 1738 553 conclama
1777 497 1838 552 et
1877 510 2142 576 convoca
2181 489 2533 579 sapientissi-

425 613 557 656 mos
592 592 651 654 in
690 588 921 657 Mundo
958 587 1290 676 spirituum,
1341 586 1402 650 in
1429 608 1606 674 quem
1637 589 1890 675 primum
1932 590 2289 677 colliguntur
2323 612 2536 655 omnes

426 692 717 760 Mortales
760 699 893 780 post
932 708 1231 754 excessum
1270 708 1305 752 e
1343 687 1572 752 Mundo
1613 692 1901 768 naturali,
1966 690 2047 758 ob
2086 690 2296 767 finem,
2351 701 2418 755 ut
2463 714 2533 757 ex

426 794 686 884 plurium
712 811 818 858 ore
846 790 992 855 certi
1020 789 1371 863 reddamur,
1425 811 1570 853 num
1595 792 1816 857 veritas
1842 792 1947 869 sit,
1990 789 2152 879 quod
2181 793 2315 860 talis
2341 793 2533 880 caligo

425 916 532 961 seu
557 895 872 960 tenebrosa
902 890 1234 979 ignorantia
1261 891 1336 954 sit
1363 889 1710 957 Christianis
1738 892 1812 958 de
1842 890 2043 962 futura
2073 894 2224 958 vita:
2280 904 2343 958 et
2371 894 2533 970 dixit,

426 1006 699 1087 exspecta
727 995 964 1083 paulum
982 1041 999 1070 ,
1048 1001 1108 1054 et
1136 991 1362 1057 videbis
1398 989 1675 1058 cohortes
1698 994 2044 1080 Sapientum
2081 994 2198 1059 huc
2225 995 2537 1071 alluentes,

429 1097 722 1162 Dominus
752 1094 1126 1186 praeparabit
1168 1113 1275 1180 pro
1315 1092 1428 1157 illis
1466 1092 1691 1159 Aedem
1733 1105 2076 1160 conventus.
2157 1097 2534 1183 Exspectavi,

424 1208 490 1262 et
518 1219 656 1263 ecce
686 1207 814 1286 post
840 1194 1220 1261 semihorium
1248 1194 1367 1260 vidi
1396 1196 1542 1260 duas
1566 1196 1824 1262 Turmas
1843 1217 1886 1261 a
1911 1195 2358 1285 septentrione,
2390 1199 2534 1262 duas

429 1302 509 1365 ab
546 1300 905 1372 Occidente,
957 1306 1016 1361 et
1054 1296 1200 1360 duas
1226 1317 1260 1360 a
1289 1296 1572 1372 Meridie,
1624 1306 1684 1361 et
1717 1297 1875 1363 ‘sicut
1917 1308 2235 1376 venerunt,
2288 1300 2369 1364 ab
2409 1299 2529 1363 An-

431 1401 564 1489 gelo
589 1400 767 1467 tubae
794 1398 1109 1464 introducti
1136 1408 1273 1461 sunt
1299 1399 1360 1460 in
1387 1394 1611 1462 Aedem
1642 1409 2083 1487 praeparatam,
2135 1410 2195 1463 et
2233 1400 2318 1464 ibi
2359 1423 2530 1465 occu·

428 1503 809 1591 pabantloca
835 1500 947 1565 illis
971 1498 1274 1585 designata
1300 1499 1623 1563 secundum
1651 1501 1871 1587 plagas.
1928 1500 2115 1566 Erant
2140 1522 2242 1565 sex
2267 1501 2531 1567 Turmae

428 1623 533 1668 seu
560 1603 880 1677 cohortes,
932 1601 1177 1687 septima
1204 1609 1334 1664 erat
1360 1600 1440 1663 ab
1467 1601 1744 1678 Oriente,
1782 1622 1935 1687 quae
1962 1622 2105 1687 prae
2131 1603 2264 1666 luce
2290 1603 2530 1689 reliquis

428 1727 550 1769 non
598 1705 719 1770 visa
763 1715 868 1770 est.
947 1702 1091 1767 Post
1131 1702 1651 1787 congregationem
1698 1701 1929 1791 aperuit
1979 1700 2243 1789 Angelus
2283 1725 2526 1768 causam

430 1806 906 1880 convocationis,
952 1812 1017 1865 et
1058 1802 1326 1887 rogavit,
1379 1812 1442 1866 ut
1468 1801 1758 1869 Cohortes
1797 1804 1855 1868 in
1883 1803 2090 1870 ordine
2115 1814 2529 1892 expromerent

430 1929 597 1971 suam
651 1907 1029 1996 sapientiam,
1086 1902 1157 1966 de
1211 1901 1471 1969 Gsumo
1522 1904 1857 1979 Cauml,
1919 1914 1976 1969 et
2029 1904 2101 1968 de
2154 1905 2531 1974 Furnium

433 2005 761 2074 Atarneus:
815 2016 875 2071 et
901 2016 1041 2069 tunc
1064 2006 1432 2089 unaquaevis
1457 2004 1688 2072 Cohors
1723 2028 1785 2069 se
1823 2006 2172 2093 glomeravit
2211 2007 2274 2070 in
2302 2009 2525 2082 orbem,

434 2107 701 2175 faciebus
742 2105 1042 2173 adfacies
1085 2107 1417 2183 conversis,
1470 2117 1535 2170 ut
1571 2106 1730 2171 illam
1773 2128 1897 2171 rem
1939 2129 2011 2171 ex
2049 2107 2195 2171 ideis
2242 2107 2301 2172 in
2349 2107 2527 2196 priori

431 2210 659 2275 Mundo
686 2208 869 2298 captis
892 2215 1271 2284 revocarent,
1306 2216 1366 2270 et
1393 2228 1553 2272 nnnc
1575 2209 1920 2284 lustrarent,
1966 2230 2037 2273 ac
2061 2207 2373 2276 lustratam
2403 2218 2527 2298 post

429 2309 916 2376 consultationem
945 2317 1416 2395 expromerent.
2139 2351 2142 2358 ι

585 2416 731 2475 732.
797 2411 942 2478 Post
970 2409 1476 2475 Consultationem
1508 2411 1725 2476 ans
1764 2409 2050 2487 Gonous,
2091 2431 2247 2500 quae
2283 2412 2345 2475 in
2384 2359 2523 2500 Sep-

429 2511 725 2577 tentrioue
767 2520 926 2586 erat,
995 2510 1171 2586 dixit,
1241 2511 1401 2597 quod
1444 2511 1741 2577 Gaudium
1785 2510 2081 2589 Caeleste,
2143 2523 2203 2576 et
2248 2514 2524 2579 Felicitas

426 2623 706 2689 aeterna,
756 2614 873 2677 sint
921 2633 1103 2676 unum
1141 2634 1272 2676 cum
1316 2614 1443 2701 ipsa
1473 2612 1595 2677 vita
1636 2612 1831 2686 Caeli;
1886 2635 2072 2700 quare
2110 2617 2523 2703 unusquisque,

430 2713 531 2801 qui
559 2713 740 2778 intrat
765 2714 1008 2780 Caelum
1027 2762 1042 2789 ,
1095 2714 1292 2799 quoad
1321 2714 1502 2777 vitam
1532 2715 1712 2778 intrat
1739 2714 1800 2777 in
1825 2715 2171 2780 festivitates
2199 2715 2362 2799 ejus,
2408 2737 2524 2779 non

433 2816 606 2881 aliter·
631 2838 806 2903 quam
835 2816 934 2903 qui
959 2815 1142 2880 intrat
1166 2816 1229 2880 in
1253 2815 1523 2904 nuptias,
1572 2816 1755 2880 intrat
1795 2816 1853 2879 in
1894 2814 2103 2880 harum
2148 2816 2520 2887 festivitatem

428 2927 593 2983 estne
616 2917 859 2983 Caelum
892 2936 1089 2980 coram
1121 2917 1250 2982 visu
1278 2925 1482 2981 nostro
1509 2938 1687 3003 supra
1714 2939 1851 2992 nos,
1904 2918 1985 2981 ita
2015 2914 2075 2981 in
2111 2918 2282 2994 loco,
2332 2940 2406 2983 ac
2443 2917 2518 2981 ibi

428 3029 488 3084 et
527 3041 649 3084 non
694 3020 831 3085 alibi
869 3027 1004 3084 sunt
1045 3016 1373 3091 faustitates
1423 3038 1600 3104 supra
1630 3017 2013 3095 .faustitates,
2066 3040 2138 3083 ac
2192 3019 2517 3108 voluptates

426 3143 603 3210 supra
631 3121 996 3209 voluptatem
1023 3112 1110 3182 'in
1134 3118 1241 3182 has
1277 3116 1529 3184 infertur
1564 3116 1745 3183 homo
1779 3120 1981 3206 quoad
2007 3140 2242 3184 omnem
2283 3142 2515 3208 percep-

425 3222 648 3286 tionem
689 3222 932 3297 mentis‚
1009 3229 1070 3282 et
1112 3219 1306 3306 quoad
1351 3238 1588 3284 omnem
1638 3221 2033 3286 sensationem
2079 3223 2386 3308 corporis,
2450 3242 2515 3284 ex

425 3323 783 3410 plenitudine
811 3321 1158 3409 gaudiorum
1190 3321 1302 3393 loci
1329 3321 1529 3395 istius,
1582 3342 1715 3385 cum
1751 3320 1815 3385 in
1842 3320 2117 3386 Caelum:
2169 3343 2360 3408 quare
2397 3322 2516 3387 feli-

425 3425 572 3490 citas
613 3423 914 3498 caelestis,
966 3414 1117 3509 quae
1163 3422 1338 3486 etiam
1385 3433 1474 3488 est
1515 3431 1790 3499 aeterna,
1844 3442 1961 3486 non
2006 3424 2166 3487 aliud
2210 3433 2299 3489 est
2344 3445 2513 3513 quam

425 3523 785 3589 intromissio
810 3524 869 3587 in
896 3522 1172 3598 Caelum,
1227 3545 1300 3587 ac
1341 3523 1697 3589 intromissio
1730 3544 1801 3588 ex
1840 3523 2058 3587 Divina
2098 3523 2327 3589 Gratia.
2412 3525 2514 3590 His

426 3622 625 3699 dictis,
677 3621 931 3689 ALTERA
973 3622 1228 3689 Conons
1267 3645 1338 3688 ex
1382 3624 1797 3712 septentrione
1835 3644 1906 3688 ex
1944 3646 2051 3689 sua
2094 3626 2385 3713 sapientia
2423 3648 2514 3691 ex·

425 3724 672 3811 promsit
697 3722 811 3787 hoc
841 3724 1186 3813 augurium
1236 3722 1533 3790 Gaudium
1574 3724 1838 3790 Caeleste
1878 3734 1938 3789 et
1965 3725 2240 3790 Felicitas
2278 3737 2513 3793 aeterna

426 3845 548 3887 non
591 3823 750 3889 aliud
792 3831 958 3898 sunt,
1028 3843 1206 3909 quam
1250 3824 1568 3891 laetissima
1615 3825 1923 3891 Consortia
1967 3840 2100 3893 cum
2136 3825 2411 3913 Angelis,
2461 3836 2518 3891 et

427 3926 805 3991 suavissimae
848 3922 1368 4006 confabulationes
1408 3949 1539 3993 cum
1578 3926 1718 4003 illis,
1770 3947 1841 3994 ex
1883 3927 2096 4014 quibus
2134 3927 2342 3994 Facies
2385 3951 2514 3993 cen-

427 4027 591 4095 tinue
619 4045 911 4114 expansae
949 4033 1227 4090 tenentur
1264 4026 1321 4090 in
1360 4028 1626 4104 laetitiis,
1681 4038 1740 4092 et
1758 4050 1884 4097 zora
1926 4029 2105 4093 totius
2141 4032 2421 4095 consortii
2458 4030 2513 4092 in

423 4128 637 4195 risibus
662 4127 1033 4193 amaenitatis
1059 4147 1131 4190 ex
1154 4128 1590 4215 blandiloquiis·
1612 4137 1670 4192 et
1707 4128 1963 4202 facetiis3
2016 4139 2075 4194 et
2116 4130 2258 4217 quid
2304 4131 2510 4218 gaudia

430 4229 703 4295 caelestia
744 4248 921 4314 quam
962 4228 1167 4293 talium
1208 4224 1565 4296 variationes
1601 4229 1664 4294 in
1703 4237 2026 4297 aeternum.
2108 4232 2354 4298 'renna
2403 4232 2512 4299 Co-
