2750 4775
467 360 573 409 15⁰2
741 347 1202 403 UMVERSA
1244 348 1780 403 THEOLOGIA
1822 349 1888 400 N.
1931 348 1996 402 C.
2038 348 2149 400 ET
2192 349 2260 404 N.
2304 348 2375 402 Ε.

559 501 865 567 lucrentur
891 522 1063 588 opes,
1110 498 1324 585 Angeli
1351 512 1550 567 autem
1575 500 1799 571 faciunt
1824 525 1962 569 usus
1989 513 2231 589 propter
2260 527 2424 580 usus,
2462 506 2564 571 sed

558 603 619 668 hi
646 602 1121 669 discriminantur
1147 622 1220 666 ex
1247 601 1357 668 illis
1384 604 1666 691 imprimis
1708 626 1812 692 per
1846 604 1997 680 boc,
2050 605 2212 691 quod
2243 605 2443 671 omnis
2464 608 2566 694 qui

562 705 747 770 credit
790 706 852 769 in
893 703 1246 779 Dominum,
1296 712 1355 766 et
1400 702 1551 790 fugit
1583 704 1739 771 mala
1784 714 1846 767 ut
1892 717 2168 792 peccata,
2223 729 2259 770 a
2302 707 2564 774 Domino

561 806 739 873 saciat
767 826 934 882 usus,
981 806 1149 870 etsie
1176 826 1248 870 ex
1274 826 1481 873 amore
1510 828 1748 882 usuum,
1800 815 1860 870 at
1899 809 2056 892 quod
2088 808 2279 873 omnis
2310 811 2417 896 qui
2444 830 2564 874 non

565 907 781 984 credit,
830 930 939 973 nec
966 906 1115 992 sugit
1144 905 1298 971 mala
1329 915 1390 969 ut
1424 917 1698 991 peccata,
1750 907 1927 973 faciat
1969 930 2108 972 usus
2147 930 2220 973 ex
2245 932 2309 973 se
2342 919 2406 974 et
2435 932 2567 997 pro-

565 1018 695 1096 pter
719 1032 782 1075 se
801 1056 820 1084 ,
869 1009 950 1073 ita
975 1028 1047 1071 ex
1072 1029 1274 1075 amore
1301 1007 1393 1072 sui
1419 1019 1521 1072 aut
1548 1008 1780 1086 mundi,
1835 1030 1904 1072 n:
1954 1013 2100 1073 661.

464 1109 679 1179 LXVI.
732 1109 908 1190 Quod
953 1109 1296 1175 intraverim
1336 1109 1635 1195 quendam
1680 1110 1946 1186 Lucum,
2013 1121 2075 1174 et
2121 1110 2369 1174 viderim
2418 1112 2562 1176 duos

563 1209 824 1297 Angelos
848 1212 1002 1275 inter
1025 1232 1088 1275 se
1116 1209 1451 1296 loquentes,
1499 1212 1747 1287 accessi,
1786 1220 1846 1277 et
1873 1211 2272 1296 loquebantur
2298 1212 2372 1291 de
2403 1212 2565 1277 Con-

564 1331 966 1379 cupisces-ris
991 1329 1356 1376 Possmenm
1382 1330 1591 1377 omns
1619 1312 1867 1388 Momm,
1909 1322 1968 1376 et
1996 1312 2415 1399 quodplures,
2468 1313 2563 1400 qui

565 1416 626 1478 in
654 1414 982 1479 actionibus
1011 1423 1295 1500 apparent
1323 1412 1604 1487 morales,
1658 1423 1717 1476 et
1744 1413 1805 1476 in
1834 1414 2081 1497 loquelis
2105 1413 2452 1489 rationales,
2500 1414 2559 1476 in

568 1516 805 1582 vesania
848 1514 1012 1580 istius
1048 1513 1574 1599 Concupiscentiae
1611 1514 1762 1589 sint,
1820 1523 1887 1578 et
1925 1515 2083 1601 quod
2126 1513 2223 1577 illa
2270 1513 2560 1603 Concupi-

564 1616 787 1683 scentia
815 1624 1084 1680 vertatur
1120 1616 1180 1677 in
1221 1614 1560 1700 phantasias
1599 1614 1753 1703 apud
1798 1614 1959 1690 illos,
2011 1616 2114 1701 qui
2153 1615 2301 1680 ideis
2334 1615 2457 1681 suis
2492 1615 2561 1678 de

565 1718 664 1782 illa
694 1716 1027 1803 indulgent;
1082 1725 1140 1778 et
1171 1720 1307 1801 quia
1337 1714 1549 1802 cuique
1586 1716 1723 1781 licet
1747 1737 1809 1781 se
1850 1715 2119 1781 delitiare
2160 1717 2220 1778 in
2256 1715 2557 1800 phantasia

565 1841 674 1884 sua
699 1820 759 1883 in
786 1817 1013 1885 Mundo
1038 1816 1345 1903 spirituali,
1374 1817 1553 1881 modo
1580 1838 1701 1881 non
1729 1818 1946 1899 malum
1972 1817 2154 1883 faciat
2179 1817 2376 1893 alteri,
2408 1815 2558 1904 quod

564 1921 682 1985 sint
708 1920 883 1985 etiam
914 1917 1402 2003 congregationes
1440 1939 1512 1982 ex
1553 1917 1769 1985 talibus
1805 1918 1866 1982 in
1905 1918 2097 1983 Terra
2139 1918 2455 1991 inferiore;
2503 1927 2559 1980 et

569 2021 707 2107 quia
734 2019 986 2084 innotuit
1014 2020 1114 2083 ubi
1139 2027 1342 2093 erant,
1397 2017 1802 2084 descendimus
1824 2027 1902 2083 ,et
1938 2019 2288 2085 intravimus
2315 2020 2394 2082 ad
2420 2019 2559 2094 illos,

569 2132 627 2186 et
659 2121 909 2186 vidimus
939 2120 1094 2205 quod
1122 2120 1397 2184 sederent
1422 2119 1496 2184 ad
1528 2141 1790 2193 mensas,
1838 2125 2017 2206 super
2053 2120 2266 2205 quibus
2305 2130 2437 2184 erat
2478 2121 2560 2182 in·

570 2243 712 2310 gens
741 2223 906 2309 copia
928 2222 1326 2286 Nummorum
1353 2243 1703 2300 aureorum,
1755 2221 2014 2286 dicentes
2051 2220 2208 2309 quod
2248 2220 2333 2285 illi
2377 2229 2566 2287 essent

569 2345 710 2411 opes
737 2324 996 2390 omnium
1025 2323 1251 2409 Regni,
1301 2322 1404 2387 sed
1433 2332 1563 2387 erat
1590 2321 1766 2386 modo
1796 2322 1942 2387 visio
1970 2323 2319 2409 imaginaria
2339 2370 2359 2401 ,
2414 2343 2563 2411 quae

571 2435 821 2490 vocatur
862 2422 1226 2512 phantasia,.
1253 2446 1357 2512 per
1394 2446 1573 2511 quam
1614 2423 1883 2490 fecerunt
1921 2425 2328 2510 apparentiam
2376 2425 2561 2489 illam:

569 2534 630 2589 at
681 2547 812 2589 cum
854 2525 1163 2590 dicebatur
1205 2526 1348 2600 illis,
1415 2526 1573 2612 quod
1615 2525 1973 2599 insanirent,
2032 2524 2223 2592 a‘versi
2268 2545 2304 2589 a
2353 2524 2565 2590 mensis

572 2625 708 2692 fassi
734 2637 902 2703 suut,
931 2627 1109 2713 ,quod
1137 2626 1218 2691 ita
1245 2628 1349 2703 sit,
1402 2627 1502 2691 sed
1551 2626 1686 2713 quia
1731 2627 1875 2698 visio
1916 2625 2014 2691 illa
2049 2610 2430 2713 summopere
2470 2626 2568 2689 ob·
2687 2581 2692 2672 Ι

495 2801 502 2806 ,
572 2729 762 2800 lectat,
780 2729 940 2805 illos,
993 2727 1148 2813 quod
1181 2750 1297 2794 non
1329 2728 1546 2813 possint
1576 2728 1747 2791 aliter
1770 2747 1955 2813 quam
1992 2750 2098 2812 per
2126 2728 2290 2793 vices
2329 2728 2566 2801 intrare,

574 2840 633 2894 et
659 2832 862 2900 favere
891 2828 1179 2896 illecebris
1204 2851 1479 2896 sensuum
1516 2849 1787 2920 suorum:
1843 2826 1933 2892 bis
1976 2828 2362 2904 addiderunt,
2418 2826 2565 2916 quod

574 2932 620 2995 si
663 2934 791 3021 quis
828 2933 1065 3019 surripit
1105 2931 1276 2997 alteri
1317 2952 1455 3007 sua,
1506 2939 1608 2994 aut
1649 2930 1803 2994 aliud
1852 2928 2069 2994 malum
2109 2928 2281 3005 facit,
2339 2929 2565 3002 decidat

574 3034 634 3096 in
664 3035 918 3122 aliquem
949 3053 1247 3100 carcerem
1287 3032 1401 3096 sub
1428 3030 1567 3106 illis,
1620 3039 1676 3095 et
1715 3030 1796 3094 ibi
1834 3039 2107 3098 teneatur
2142 3030 2427 3096 laborare
2467 3050 2563 3118 pro

577 3135 742 3213 cibo,
795 3146 990 3209 veste,
1042 3143 1100 3196 et
1125 3132 1421 3218 aliquibus
1447 3131 1665 3206 obolis,
1716 3141 1775 3195 et
1811 3132 1860 3196 si
1901 3132 2076 3194 etiam
2115 3131 2197 3194 ibi
2234 3131 2461 3198 malum
2485 3129 2566 3193 fa·

577 3238 771 3320 ciont,
824 3235 1207 3322 deprivantur
1232 3233 1344 3298 illis
1368 3243 1429 3298 et
1456 3235 1808 3320 puniuntur,
1861 3253 1932 3295 n:
1980 3235 2126 3296 682

475 3334 711 3401 LXVII.
772 3337 983 3401 Audita
1024 3346 1110 3402 est
1153 3335 1496 3420 disceptatio
1535 3333 1686 3397 inter
1713 3333 2006 3420 quendam
2051 3332 2340 3417 Legatum
2381 3332 2563 3418 Regni

575 3448 634 3501 et
678 3437 1227 3512 duosSacerdotes,
1280 3456 1425 3502 mm
1452 3434 1925 3500 [maurentius
1962 3454 2037 3498 ET
2072 3432 2450 3509 sse-muns,
2493 3452 2560 3495 er

572 3557 667 3602 sic
691 3555 951 3614 QUOQUE
975 3538 1401 3612 Pannissus„
1430 3555 1647 3601 Essem
1687 3556 1724 3597 A
1769 3535 1941 3609 Deo,
1993 3555 2115 3600 ven
2146 3553 2296 3597 mm
2338 3551 2429 3599 AB
2458 3553 2562 3597 no·

575 3658 764 3718 mum
821 3636 1078 3721 Legatus
1112 3637 1366 3710 instabat
1410 3637 1564 3723 quod
1609 3637 1686 3700 ab
1727 3636 2018 3709 Homine,
2068 3635 2431 3700 Sacerdotes
2470 3654 2561 3696 au-

515 3754 534 3772 f
575 3748 694 3803 tem
727 3734 882 3822 quod
913 3757 942 3796 a
975 3737 1135 3800 Deo:
1183 3738 1286 3800 sed
1333 3746 1671 3825 perceptum
1711 3746 1797 3804 est
1839 3758 1871 3799 a
1918 3735 2266 3823 quibusdam
2308 3733 2561 3822 Angelis,

567 3838 735 3927 ‚quod
755 3837 1105 3910 Sacerdotes
1131 3836 1376 3904 interius
1404 3841 1465 3902 in
1492 3857 1554 3902 se
1581 3838 1889 3904 crederent
1914 3837 2180 3904 similiter
2199 3857 2272 3901 ac
2292 3837 2561 3924 Legatus,

574 3938 877 4020 videlicet,
932 3937 1088 4024 quod
1118 3937 1512 4025 Intelligentia
1539 3950 1595 4003 et
1621 3936 1953 4026 Sapientia,
1997 3946 2055 4001 et
2081 3937 2217 4002 inde
2245 3934 2563 4002 Prudentia

574 4051 766 4108 essent
797 4040 871 4104 ab
901 4039 1168 4114 homine;
1199 4063 1407 4127 -quare
1437 4050 1500 4104 ut
1542 4040 1597 4102 id
1628 4038 1963 4126 patefieret,
2016 4040 2345 4126 rogabatur
2384 4039 2565 4123 Lega-

574 4150 683 4217 tuS,
715 4152 784 4210 ut
805 4152 1046 4210 exueret
1085 4151 1275 4205 vestes
1305 4141 1568 4207 Muneris
1600 4142 1717 4213 sui,
1752 4163 1824 4208 ac
1864 4142 2135 4210 indueret
2177 4150 2373 4204 vestes
2403 4134 2571 4202 Mini-

573 4242 731 4308 sterii
760 4242 1169 4317 sacerdotalis,
1219 4263 1337 4327 quo
1382 4240 1537 4304 facto
1576 4240 1791 4327 incepit
1831 4241 2091 4328 Legatos
2133 4241 2331 4316 multis
2356 4228 2564 4306 confir·
