2750 4775
476 393 585 441 225
703 378 1165 434 UMVERSA
1218 377 1758 432 THEOLOGM
1800 380 1872 436 N.
1913 380 1979 435 G.
2021 380 2126 431 ΕΤ
2167 379 2235 435 Ν.
2276 378 2337 433 Ε.

462 511 659 630 *puli-⁵,
700 548 757 600 et
784 532 964 609 dixit,
994 530 1107 596 hoe
1130 546 1221 596 est
1250 531 1489 624 Corpus
1515 555 1726 608 menm3
1753 547 1811 597 et
1841 538 2136 627 accipiens
2161 533 2458 608 Poe-ulum,
2494 550 2541 599 et
2658 471 2661 538 ι

474 635 645 703 dedit
670 634 817 712 illis,
849 634 1088 710 dicens,
1127 632 1240 699 hoc
1266 645 1355 698 est
1379 630 1647 724 Sanguis
1674 657 1858 710 meus,
1897 636 2106 701 Matth.
2138 635 2353 702 XXVI.
2381 638 2543 703 Marc.

476 738 647 804 XIV:
676 738 820 808 Luc·
849 735 1059 802 xxtl:
1102 755 1287 823 quare
1328 736 1507 799 etiam
1535 734 1879 801 Passionem
1917 739 2108 803 mucis
2126 740 2359 801 vocavit
2384 738 2547 802 Pocu-

478 840 633 915 lum,
701 838 912 906 Matth.
976 831 1231 930 [xxvh
1295 838 1398 900 39.
1442 842 1547 900 42.
1606 839 1708 900 44.
1767 833 1985 931 Maro]
2040 839 2216 904 xlv:
2277 842 2376 902 36.
2429 838 2542 902 Joh.

480 940 713 1008 XVIII:
767 944 867 1004 11.

636 1046 780 1105 705.
847 1039 1024 1120 Quod
1055 1059 1160 1126 per
1197 1047 1458 1125 quatuor
1491 1038 1627 1114 illa,
1679 1039 1972 1116 Carnem,
2024 1041 2413 1127 Sanguinem,
2459 1037 2549 1104 Pa-

478 1165 615 1208 nem
662 1152 722 1205 et
765 1143 1021 1215 Vinum,
1092 1140 1503 1226 intelligantur
1547 1141 1884 1227 Spiritualia
1931 1150 1990 1203 et
2035 1142 2363 1216 Caelestia,
2430 1159 2550 1227 quae

482 1245 594 1308 illis
625 1244 1116 1331 correspondent,
1173 1251 1446 1307 constare
1469 1252 1665 1329 potest
1693 1263 1766 1304 ex
1791 1243 1936 1306 locis
1961 1243 2020 1305 in
2049 1244 2288 1318 Verbo,
2339 1244 2432 1305 ubi
2468 1263 2551 1303 no·
2659 1289 2660 1294 1

481 1346 798 1409 minantur.
876 1344 1054 1426 Quod
1098 1365 1202 1429 per
1244 1342 1518 1407 Caunum
1556 1344 1613 1407 in
1643 1343 1845 1408 Verbo
1886 1343 2252 1430 intelligatur
2273 1342 2548 1431 Spirituale
2659 1341 2660 1386 ἕ

482 1456 542 1510 et
570 1446 853 1520 caeleste,
906 1453 1177 1508 constare
1207 1453 1397 1530 potest
1427 1467 1496 1507 ex
1520 1444 1610 1510 bis
1635 1446 1778 1510 locis
1817 1445 1896 1509 ihi
1938 1445 2213 1521 „Venite
2254 1461 2309 1512 et
2345 1465 2552 1534 congre-

477 1550 712 1640 gamini
736 1546 823 1613 ad
855 1547 1129 1611 Canum
1166 1565 1376 1609 MAGNI
1421 1546 1568 1621 Dm,
1622 1560 1688 1612 ut
1724 1546 2055 1613 comedatis
2099 1547 2331 1613 Carnes
2367 1568 2553 1637 regum,

482 1664 539 1715 et
568 1650 796 1714 Carnes
823 1646 1315 1723 chiliarchorum,
1366 1660 1423 1711 et
1455 1646 1682 1712 Carnes
1702 1643 1972 1737 fortium
1992 1699 2007 1725 ,
2061 1659 2120 1713 et
2150 1649 2379 1714 Carnes
2409 1665 2554 1739 equo-

483 1775 647 1826 rum,
701 1765 756 1816 et
787 1749 1121 1816 sedentium
1159 1770 1343 1841 super
1383 1746 1541 1824 illis,
1592 1762 1650 1814 et
1693 1748 1919 1814 Carnes
1958 1754 2227 1815 omnium
2273 1748 2551 1815 liberorum

484 1867 540 1916 et
567 1875 867 1917 servornm
889 1900 906 1927 ,
957 1864 1013 1915 et
1033 1873 1357 1943 parvorum
1385 1862 1440 1914 et
1468 1860 1881 1941 magnoram‚“
1923 1850 2106 1936 Apoc.
2138 1851 2322 1917 XIX:
2356 1855 2446 1915 Π.
2475 1851 2553 1911 18.

485 1954 561 2018 Et
590 1954 743 2041 apud
775 1953 1141 2017 Ezechielem
1185 1949 1601 2042 „Congregate
1623 1961 1743 2015 voi·
1784 1975 1825 2016 a
1862 1954 2114 2017 circuitu
2159 1976 2346 2046 super
2377 1951 2558 2015 sicm-

480 2073 710 2121 ricmm
749 2073 972 2126 meum,
1041 2051 1209 2144 quod
1248 2052 1538 2144 sacrifico
1589 2053 1803 2127 vobis,
1856 2071 2277 2120 sacmrrcmm
2315 2068 2559 2117 mactum

484 2178 670 2249 super
718 2154 1022 2220 montibus
1066 2152 1356 2228 Israelis,
1421 2166 1484 2218 ut
1534 2153 1860 2218 comedatis
1916 2153 2203 2230 Carnem,
2273 2168 2332 2220 et
2380 2152 2559 2219 bibatis
2623 2223 2624 2232 χ

484 2255 849 2346 Sanguinem
871 2283 890 2317 .-
946 2254 1195 2319 Carnem
1203 2251 1470 2342 sortium
1499 2254 1848 2330 comedetis,
1899 2269 1956 2318 et
1981 2252 2356 2345 Sanguinem
2374 2254 2560 2349 princi-

479 2382 623 2451 pum
656 2370 846 2422 terrae
874 2355 1123 2432 bibetis3
1174 2370 1232 2421 et
1259 2355 1578 2422 comedetis
1603 2357 1841 2449 adipem
1878 2355 1967 2421 ad
2002 2361 2373 2435 satietatem,
2420 2370 2471 2422 et
2496 2354 2560 2421 bi-

486 2460 638 2524 betis
687 2455 1053 2547 Sanguinem
1107 2481 1297 2549 usque
1331 2458 1422 2524 ad
1460 2460 1800 2524 ebrietatem
1838 2458 1915 2523 de
1962 2455 2290 2548 Sacrificio
2329 2482 2477 2531 mem
2517 2466 2559 2518 el

486 2558 858 2624 satiabimini
897 2582 1080 2651 snper
1121 2583 1325 2627 mensa
1371 2583 1536 2633 mea,
1587 2583 1743 2652 equo
1782 2573 1839 2624 et
1882 2582 2090 2635 curra,
2127 2557 2309 2648 forti
2345 2575 2401 2624 et
2430 2556 2561 2623 omni
2659 2598 2660 2601 =

486 2663 625 2724 viro
650 2657 810 2725 belli.
859 2657 962 2725 Sic
993 2658 1155 2726 dabo
1175 2659 1435 2750 gloriam
1458 2683 1644 2727 meam
1673 2667 1827 2725 inter
1846 2672 2116 2752 gente5,“
2136 2661 2283 2749 Cap.
2305 2656 2555 2727 XXXIX:

497 2765 574 2823 Π
608 2761 817 2824 adar
899 2762 1047 2842 Quis
1075 2784 1193 2827 non
1224 2763 1416 2837 videt,
1470 2763 1627 2847 quod
1656 2763 1714 2825 in
1747 2763 1861 2827 illis
1885 2761 2028 2826 locis
2059 2783 2164 2848 per
2190 2762 2446 2827 Carnem
2471 2776 2563 2821 non

492 2861 859 2949 intelligatur
888 2864 1075 2937 Caro,
1130 2884 1239 2926 nec
1273 2884 1376 2950 per
1412 2863 1771 2949 Sanguinem
1797 2863 2081 2948 Sanguis,
2133 2863 2237 2926 sed
2276 2858 2564 2953 spiritualia

494 2973 552 3026 et
604 2965 912 3040 caelestia,
967 2984 1121 3048 quae
1175 2964 1666 3051 correspondent;
1719 2966 1858 3051 quid
1904 2964 2367 3049 alioquin,=nisi
2411 2978 2565 3027 vanae

489 3075 549 3128 et
580 3064 875 3129 mirabiles
909 3065 1312 3149 expressiones
1349 3064 1581 3140 forent,
1633 3066 1794 3151 quod
1834 3065 2213 3129 comederent
2258 3085 2459 3129 carnes
2494 3079 2564 3123 re·

492 3186 664 3252 gum,
718 3163 1206 3240 chiliarchnrum,
1261 3165 1535 3240 fortium,
1574 3187 1898 3252 equorum,
1955 3175 2013 3229 et
2048 3162 2380 3230 sedentium
2419 3179 2562 3248 super

490 3267 634 3341 illis,
689 3277 747 3329 et
775 3267 931 3355 quod
975 3268 1330 3329 satiarentur
1355 3288 1532 3354 super
1559 3288 1792 3343 mensa,
1839 3290 2027 3353 equo,
2083 3288 2300 3343 curru,
2354 3265 2484 3330 forti
2517 3267 2564 3323 et

493 3368 653 3432 omni
685 3368 814 3431 viro
843 3367 976 3430 belli
996 3396 1009 3435 ;
1066 3377 1121 3428 et
1149 3366 1309 3452 quod
1342 3367 1612 3429 biberent
1643 3368 1988 3454 sanguinem
2020 3368 2350 3456 principum
2386 3379 2563 3433 terrae,

490 3479 548 3532 et
589 3471 937 3554 sanguinem
980 3490 1162 3553 usque
1205 3468 1277 3530 ad
1323 3468 1688 3533 ebrietatem.
1769 3469 1944 3550 Quod
1984 3467 2131 3530 baec
2173 3468 2331 3532 dicta
2367 3469 2477 3531 sint
2510 3461 2563 3525 de

490 3571 708 3633 Sancta
765 3569 961 3632 Caena
1020 3568 1290 3643 Domini,
1357 3568 1515 3632 clare
1568 3578 1758 3655 patet,
1814 3592 1948 3634 nam
2002 3570 2347 3633 nominatur
2394 3568 2561 3632 caena

488 3669 694 3754 Magni
725 3667 868 3742 Dei,
922 3680 979 3731 et
1009 3691 1242 3755 qnoque
1270 3669 1635 3733 Sacrificium
1674 3690 1971 3754 magnum.
2052 3671 2368 3751 Quoniam·
2394 3664 2558 3732 omnia

490 3769 812 3857 spiritualia
857 3779 916 3831 et
956 3768 1229 3833 caelestia
1278 3773 1447 3834 unice
1494 3793 1554 3833 se
1597 3770 1860 3834 referunt
1908 3772 1981 3837 ad
2021 3772 2243 3835 bonum
2279 3782 2336 3835 et
2366 3785 2561 3839 verum,

490 3871 755 3956 sequitur
799 3874 955 3956 quod
1013 3894 1115 3958 per
1159 3871 1409 3936 Carnem
1457 3874 1819 3960 intelligatur
1862 3872 2097 3938 Bonum
2144 3871 2472 3945 charitatis,
2515 3874 2560 3928 et

492 3994 596 4061 per
646 3972 1004 4058 Sanguinem
1066 3995 1268 4036 verum
1318 3971 1485 4050 fidei,
1539 3983 1597 4036 et
1641 3974 1700 4035 in
1754 3996 2027 4061 supremo
2078 3995 2248 4038 sensu
2302 3971 2560 4037 Dominus
2659 3988 2660 4063 j

492 4076 683 4159 quoad
719 4074 996 4137 Divinum
1039 4073 1271 4138 Bonum
1313 4076 1531 4139 amoris
1573 4084 1629 4137 et
1673 4077 1865 4162 quoad
1910 4074 2188 4146 Divinum
2229 4076 2445 4140 Verum
2485 4090 2559 4133 sa-
2659 4066 2660 4115 ἒ

491 4174 755 4262 pientiae.
838 4175 1070 4238 Bonum
1099 4175 1401 4262 spirituale
1448 4197 1550 4263 per
1591 4175 1845 4239 Carnem
1881 4177 2057 4239 etiam
2099 4177 2436 4262 intelligitur
2476 4187 2560 4258 pet

478 4274 638 4338 ‘haec
666 4275 818 4364 apud
849 4275 1210 4339 Ezechielem
1253 4274 1473 4350 „Dabo
1501 4276 1626 4339 illis
1657 4276 1774 4339 Cor
1800 4301 2014 4354 antem,
2066 4290 2121 4341 et
2163 4281 2435 4371 spiritum
2472 4292 2558 4336 no-
