2750 4775
904 339 998 395 IX.
1080 339 1721 395 PAENITENTM.
2284 352 2353 402 77

261 500 356 556 tur
398 505 602 557 omnes
641 494 716 557 ab
745 494 1004 558 Eoelesia
1038 491 1647 557 Romano-Catholica
1686 496 1972 581 separati,
2018 504 2079 560 et
2118 516 2356 584 quoque

255 593 312 658 ei
359 591 615 668 addicti,
660 596 764 681 qui
802 615 925 660 non
967 595 1226 679 aliquam
1275 594 1564 658 actualem
1613 598 2024 678 paenitentiam
2066 604 2343 683 egerunt;

254 693 349 757 his
385 705 443 756 et
484 694 722 760 iliisest
768 694 1138 759 Paenitentia
1184 695 1432 772 actualis
1475 716 1699 759 summe
1737 695 2120 768 refractaria3
2173 717 2349 762 causa

252 805 346 861 est
375 796 510 881 quia
540 794 719 881 aliqui
747 815 867 860 non
898 797 1448 882 volunt,2et1atiqui
1473 797 1715 871 timent,
1754 806 1812 860 et
1840 796 2162 862 desuetudo
2188 797 2352 861 iuve-

252 905 415 961 terat
443 896 775 973 hominem,
827 919 898 961 ac
924 897 1145 960 inducit
1176 896 1575 973 noluntatem,
1628 906 1685 960 et
1730 898 1966 970 tandem
2005 918 2347 961 consensum

253 1018 336 1063 ex
373 998 671 1062 intellectu
712 1000 1130 1073 ratiocinante,
1182 1006 1241 1061 et
1282 1000 1442 1085 apud
1483 998 1769 1084 quosdam
1820 1017 2180 1073 maerorem,
2232 995 2354 1061 for·

252 1097 536 1164 midinem
568 1108 635 1164 et.
655 1109 943 1164 terrorem
975 1121 1080 1186 pro
1118 1099 1233 1163 illa.
1315 1099 1506 1164 Causa
1548 1098 1857 1187 primaria,
1911 1096 2068 1186 quod
2108 1099 2355 1164 actualis

255 1198 632 1267 Paenitentia
662 1200 720 1262 in
750 1200 1080 1266 Christiano
1110 1199 1464 1265 Reformato
1493 1201 1657 1266 Orbe
1689 1201 1763 1264 sit
1801 1219 2030 1264 summe
2068 1197 2356 1264 refracta-

254 1300 380 1377 ria,
432 1311 519 1365 est
548 1300 723 1366 Fides
748 1302 1016 1377 illorum,
1070 1301 1225 1388 quod
1253 1301 1610 1389 paenitentia
1639 1309 1704 1364 et
1735 1300 1989 1366 charitas
2027 1299 2170 1366 nihil
2207 1320 2351 1364 cou-

253 1401 454 1467 ferant
482 1403 555 1468 ad
582 1402 859 1480 salutem,
912 1401 1401 1479 sed‘Fidessola,
1446 1421 1517 1468 ex
1547 1402 1715 1488 cujus
1742 1401 2126 1488 imputatione
2162 1401 2356 1487 sequi·

256 1513 361 1569 tur
386 1501 648 1568 remissio
684 1514 1093 1592 peccatorum,
1144 1503 1516 1592 justificatio,
1569 1503 1913 1577 innovatio,
1963 1502 2354 1588 regeneratio,

254 1603 677 1681 sanctificatio,
729 1614 788 1669 et
819 1608 976 1671 salus
1004 1613 1247 1670 aeterna
1267 1653 1284 1681 ,
1340 1614 1576 1691 praeter
1602 1604 1761 1691 quod
1800 1603 1980 1668 homo
2008 1622 2078 1667 ex
2105 1623 2198 1676 se,
2248 1610 2355 1666 aut

254 1706 410 1780 sicut
437 1727 508 1769 ex
534 1727 594 1768 se
624 1717 1007 1792 cooperetur,
1061 1706 1175 1772 hoc
1223 1716 1437 1771 vocant
1479 1705 1794 1793 dogmatici
1836 1704 2071 1778 illorum
2100 1703 2353 1777 irritum,

246 1827 331 1872 ac
359 1807 569 1878 merito
598 1804 813 1872 Christi
843 1808 1118 1884 obvium,
1168 1806 1588 1896 repugnabile,
1628 1817 1686 1869 et
1725 1807 2101 1893 injuriosum
2158 1813 2218 1867 et
2242 1802 2355 1868 hoc

256 1907 494 2000 Vulgo,
547 1909 777 1971 tametsi
803 1908 1081 1995 ignorant
1110 1909 1359 1997 mystica
1389 1909 1555 1972 istius
1587 1905 1755 1983 fidei,
1806 1907 2222 1972 inseminatum
2268 1913 2355 1970 est

257 2029 367 2096 per
393 2009 555 2072 solas*
576 2006 684 2072 has
713 2030 921 2085 voces,
974 2011 1134 2096 quod
1160 2008 1286 2072 sola
1314 2007 1461 2072 fides
1487 2008 1675 2073 saivet
1695 2054 1713 2083 ,
1762 2018 1823 2073 et
1849 2008 1978 2096 quis
2020 2015 2211 2094 potest
2247 2006 2354 2071 bo-

257 2127 405 2171 num
424 2107 627 2171 facere
656 2130 690 2172 a
715 2119 819 2178 sei
862 2107 997 2172 iude
1036 2109 1308 2192 estquod
1349 2108 1718 2173 Paenitentia
1759 2111 1909 2197 apud
1954 2106 2354 2183 Reformatos,

261 2208 342 2272 sit
367 2207 515 2272 sicut
547 2207 725 2273 nidus·
743 2210 1072 2295 cumpullis
1100 2209 1339 2274 relictus
1366 2210 1441 2272 ab
1479 2210 1689 2274 avibus
1715 2211 1791 2274 ab
1818 2231 2041 2298 aucupe
2077 2208 2259 2296 captis
2284 2227 2356 2272 ac

258 2307 487 2371 occisis.
569 2308 726 2372 Huic
754 2327 966 2374 causae
995 2310 1218 2378 accedit
1247 2310 1424 2386 haec,
1478 2313 1634 2398 quod
1672 2310 1847 2375 homo
1882 2310 2237 2378 reformatus
2264 2310 2344 2374 ita

260 2396 487 2483 dietus,
542 2408 733 2495 quoad
760 2411 1023 2497 spiritum
1052 2432 1222 2477 suu-m
1253 2434 1368 2477 non
1409 2412 1538 2477 aliis
1575 2413 1636 2476 in
1666 2414 1890 2480 Mundo
1930 2413 2216 2500 spirituali
2259 2412 2347 2475 in-

259 2510 458 2584 tersit,
512 2533 693 2597 quam
714 2512 1029 2588 similibus,
1083 2514 1181 2599 qui
1210 2514 1325 2577 tale
1354 2514 1613 2578 inferunt
1641 2515 1700 2579 iu
1733 2514 1894 2579 ideas
1925 2512 2363 2598 cogitationum·

255 2611 419 2696 ejus,
472 2622 529 2675 et
554 2614 873 2678 ‘abducunt
914 2614 1076 2679 iilum
1118 2636 1154 2679 a
1184 2616 1447 2702 ‘vestigio
1491 2616 1568 2681 ad
1610 2614 2138 2703 introspiciendum
2180 2635 2243 2679 se
2287 2622 2350 2678 et

250 2714 698 2800 explorandum.
732 2735 737 2749 ’
768 2722 773 2727 ’

412 2818 558 2880 562.
614 2815 899 2896 Quaesivi
938 2816 1153 2883 multos
1190 2836 1263 2881 ex
1289 2817 1652 2884 Reformatis
1689 2817 1749 2881 in
1779 2816 2006 2884 Mundo
2043 2814 2351 2905 spirituali,

256 2935 364 2979 cur
388 2926 509 2979 n'on
541 2917 960 3001 paenitentiam
1004 2917 1295 2983 actualem
1334 2928 1616 3005 egerunt,
1671 2936 1803 2981 cum
1844 2929 2040 2981 tamen
2084 2916 2198 2983 hoc
2235 2915 2349 2982 iltis

252 3016 582 3102 injunctum
611 3017 754 3093 fuit,
811 3029 927 3082 tam
960 3018 1019 3082 in
1047 3016 1282 3094 Verbo,
1324 3032 1512 3105 ‘quam
1549 3021 1608 3083 in
1649 3018 2046 3104 Baptismate,
2096 3025 2156 3082 et
2197 3040 2344 3103 quo·

256 3139 371 3204 que
403 3127 541 3181 ante
566 3129 830 3182 sanctam
861 3119 1352 3185 Communiunem
1383 3122 1442 3184 in
1474 3121 1747 3185 omnibus
1777 3119 2010 3185 illorum
2040 3117 2347 3189 Ecclesii83

254 3227 316 3284 et
357 3220 785 3306 responderunt
822 3221 1019 3291 varim
1073 3220 1374 3300 anmu,
1429 3223 1590 3308 q'uod
1630 3224 1770 3286 satis
1808 3223 1883 3286 sit
1923 3219 2237 3293 contritio,
2285 3227 2347 3283 et

252 3327 397 3385 tunc
426 3319 604 3384 oralis
631 3320 964 3396 Confessio,
1018 3323 1177 3408 quod
1198 3333 1482 3410 ,peccator
1513 3324 1599 3388 sit.
1683 3324 1983 3404 Onnum,
2029 3317 2186 3406 quod
2218 3317 2348 3384 talis

252 3421 647 3511 paenitentia,
698 3424 833 3508 quia
877 3420 940 3486 fit
983 3431 1266 3508 operante
1304 3421 1540 3488 homine
1587 3445 1658 3488 ex
1691 3444 1798 3489 sua
1838 3421 2178 3496 voluntate,
2226 3441 2345 3484 non

252 3523 557 3589 coincidat
579 3544 711 3586 cum
743 3522 855 3586 fide
883 3523 1296 3590 universaliter
1320 3534 1577 3611 recepta.
1656 3524 1954 3606 ansu,
1994 3522 2122 3609 quis
2150 3529 2342 3608 potest

250 3645 315 3690 se
353 3625 664 3710 explorare
711 3624 842 3688 cum
886 3612 995 3689 scit
1040 3625 1199 3712 quod
1245 3646 1473 3690 merum
1521 3635 1825 3714 peccatum
1867 3624 1974 3696 sit;
2041 3622 2155 3689 hoc
2190 3622 2348 3688 foret

248 3725 400 3790 sicut
427 3724 742 3789 immittere
784 3736 910 3790 rete
951 3725 1010 3789 in
1051 3726 1244 3790 lacum
1285 3749 1317 3791 a
1359 3725 1545 3791 fundo
1582 3729 1655 3792 ad
1699 3723 2070 3814 superficiem
2109 3726 2344 3813 plenum

251 3846 471 3902 caeno,
528 3826 588 3889 in
615 3848 733 3914 quo
762 3847 995 3892 vermes
1023 3829 1250 3893 noxiae.
1315 3830 1619 3911 QUmAM,
1663 3828 1790 3918 quis
1818 3834 2007 3913 potest
2038 3835 2156 3891 tam
2188 3825 2351 3914 peni-

245 3935 343 3992 tus
366 3949 431 3992 se
460 3928 878 4016 introspice-re,
930 3938 993 3992 ut
1024 3928 1219 3993 videat
1256 3930 1319 3994 in
1362 3936 1426 3995 se
1468 3939 1774 4016 peccatum
1813 3924 2061 4004 Adami,
2111 3946 2186 3990 ex
2223 3947 2346 4015 quo

248 4029 449 4093 omnia
476 4029 726 4095 actualia
755 4050 861 4095 sua
893 4029 1050 4094 mala
1086 4031 1557 4108 scaturiverunt,
1610 4040 1822 4096 suntne
1862 4027 2011 4092 haec
2048 4048 2168 4090 una
2207 4046 2348 4091 cum

244 4130 346 4195 iun
376 4152 485 4218 per
512 4153 697 4219 aquas
725 4130 1091 4217 baptismatis
1129 4133 1329 4197 abluta
1350 4178 1386 4208 ,-
1423 4141 1482 4194 et
1511 4152 1615 4219 per
1653 4131 1927 4217 meritum
1957 4125 2172 4191 Christi
2199 4126 2350 4189 ahs-

245 4240 402 4299 tersa
432 4241 493 4297 et
532 4241 835 4307 contecta3
887 4231 1028 4319 quid
1067 4240 1207 4303 tuuc
1258 4231 1618 4320 paenitentia
1659 4230 1768 4296 nisi
1808 4226 2152 4314 impositio,
2189 4238 2348 4306 quae
