2750 4775
395 354 503 406 330
625 341 1086 396 UN1vEBSA
1129 339 1663 396 THEOLOGM
1711 340 1778 391 N.
1821 337 1887 391 C.
1927 338 2033 389 ET
2076 339 2143 393 N.
2185 339 2251 393 E.

393 498 556 562 tione
584 493 793 558 Mundi
833 491 1308 568 constabilitum,
1361 492 1463 578 qui
1493 500 1653 567 erat,
1707 502 1771 580 ut
1799 513 1835 555 a
1863 492 2097 556 Virtute
2127 512 2160 554 a
2185 492 2267 555 Se
2288 514 2515 579 propa-

395 606 536 683 gata
577 595 1020 682 conciperetur,
1088 600 1427 678 gestaretur.
1475 593 1534 656 in
1582 601 1786 667 utero,
1842 601 2221 668 nasceretur,
2274 604 2335 655 et
2377 593 2516 677 dein

395 704 688 762 cresceret
712 693 998 781 sapientia
1026 703 1084 756 et
1113 713 1337 768 amore,
1390 701 1459 756 et'
1476 693 1560 756 sic
1585 694 2091 780 appropinquaret
2122 693 2197 756 ad
2230 694 2512 757 unionem

396 819 531 863 cum
562 796 777 861 Divina
806 816 913 858 sua
941 794 1207 879 Origine,
1263 802 1320 857 et
1354 793 1511 882 quod
1538 794 1623 856 sie
1650 793 1819 857 Deus
1842 793 2033 857 factus
2059 794 2133 857 sit
2164 793 2370 858 Homo
2388 842 2404 869 ‚
2447 815 2519 858 ac

399 899 605 968 llomo
639 897 825 967 Deus3
880 894 1040 982 quod
1069 895 1152 958 ita
1179 895 1272 967 sit,
1323 894 1631 980 Scriptura
1662 895 1737 957 de
1765 892 1922 983 Ipso,
1974 896 2317 983 quae‘apud
2346 893 2520 958 Chri-

397 1000 623 1065 stianos
660 1006 782 1072 est,
836 1003 896 1058 et
926 1005 1175 1060 vocatur
1214 994 1512 1070 Verbum,
1567 993 1877 1058 manifeste
1914 995 2094 1059 docet
2135 1007 2197 1060 et
2243 1005 2520 1068 testatur,

398 1109 457 1163 et
484 1099 614 1187 lpse
645 1097 825 1172 Deus,
871 1096 968 1183 qui
997 1096 1057 1160 in
1087 1094 1370 1160 Humano
1400 1117 1509 1159 suo
1540 1105 1789 1161 vocatur
1814 1096 1994 1159 Jesus
2018 1095 2311 1172 Christus,
2356 1095 2518 1170 dicit,

400 1200 560 1288 quod
589 1198 770 1262 Pater
795 1197 854 1259 in
884 1196 1021 1283 Ipso
1048 1196 1142 1270 sit,
1193 1205 1253 1259 et
1279 1194 1411 1283 Ipse
1438 1196 1497 1257 in
1527 1195 1728 1270 Patre,
1781 1205 1841 1258 et
1880 1196 2040 1281 quod
2080 1197 2180 1282 qui
2227 1197 2391 1262 videt
2419 1196 2520 1283 lp-

398 1320 563 1378 sum‚
620 1298 813 1364 videat
843 1297 1114 1371 Patrem,
1169 1308 1406 1384 praeter
1446 1295 1615 1384 plura
1655 1295 1915 1381 ejusdem
1949 1297 2053 1360 rei.
2122 1296 2307 1376 Quod
2337 1297 2521 1373 Deus,

400 1399 567 1483 cujus
596 1395 782 1463 Amor
806 1406 894 1462 est
919 1397 1068 1466 sicut
1096 1396 1438 1483 purissimus
1465 1395 1655 1483 Ignis,
1709 1418 1826 1459 non
1858 1395 2028 1460 aliter
2057 1399 2318 1484 potuerit
2348 1397 2523 1462 unire

398 1500 476 1576 Se
515 1498 741 1563 bomini
778 1508 838 1562 et
879 1499 1175 1561 bominem
1215 1496 1372 1571 Sibi,
1443 1497 1599 1561 videt
1646 1498 1825 1562 etiam
1864 1498 2080 1570 Ratio;
2135 1519 2281 1560 num
2322 1507 2525 1584 potest

400 1599 563 1686 Ignis
586 1599 758 1673 Solis,
813 1598 1004 1687 qualis
1030 1601 1088 1661 in
1115 1620 1178 1663 se
1205 1606 1324 1672 est,
1376 1608 1620 1685 tangere
1647 1597 1978 1673 hominem,
2036 1598 2230 1664 minus
2257 1598 2413 1662 inire
2455 1597 2525 1661 il·

400 1699 555 1782 lum,
620 1700 727 1763 nisi
781 1699 1163 1765 circumvelet
1211 1698 1412 1763 radios
1465 1720 1602 1762 suos
1657 1697 2113 1785 atmosphaeris,
2176 1708 2236 1761 et
2283 1699 2367 1762 sic
2414 1720 2525 1783 per

399 1809 791 1888 temperatum
852 1800 1108 1864 calorem
1154 1821 1218 1863 se
1275 1799 1789 1864 accommodatum
1849 1798 2046 1880 sistat:
2112 1798 2278 1862 Num
2328 1809 2528 1886 potest

401 1924 585 1989 purus
623 1898 846 1964 Aether
884 1898 1356 1966 circumfundere
1400 1897 1733 1973 bominem,
1802 1909 1863 1963 et
1902 1899 2097 1968 minus
2152 1899 2411 1963 influere
2465 1902 2526 1963 iu

404 2001 718 2065 branchias
747 1999 1091 2087 pulmonum
1123 1998 1249 2084 ejus
1278 1999 1387 2064 nisi
1415 2001 1662 2087 stipatus
1691 2005 1848 2075 aere,
1900 2008 1957 2062 et
1984 2001 2066 2066 sic
2094 2021 2157 2064 se
2198 2001 2524 2086 adaptare:
2632 2035 2639 2042 -

398 2123 474 2164 ne
503 2101 739 2188 quidem
770 2109 960 2186 potest
987 2101 1170 2166 Piscis
1201 2099 1383 2163 vitam
1413 2099 1652 2164 trahere
1678 2101 1738 2164 in
1770 2105 1925 2176 aete,
1977 2085 2079 2164 sed
2106 2100 2526 2178 inElemento

400 2202 557 2266 vitae
583 2199 709 2283 ejus
735 2200 1060 2287 applicato:
1113 2200 1232 2264 imo
1263 2221 1335 2262 ne
1362 2200 1600 2286 quidem
1630 2210 1821 2289 potest
1847 2203 1980 2265 Rex
2004 2201 2065 2266 in
2093 2201 2271 2264 terris
2304 2203 2365 2265 in
2412 2224 2529 2266 sua

401 2322 652 2385 persona
693 2321 798 2364 seu
837 2300 1172 2366 immediate
1217 2301 1629 2372 administrare
1682 2300 1880 2365 omnia
1919 2312 1975 2363 et
2019 2301 2250 2386 singula
2284 2293 2357 2363 *in
2415 2325 2529 2367 suo

401 2403 647 2485 Regno,
699 2400 808 2466 nisi
836 2423 940 2488 per
968 2401 1314 2467 Praefectos
1351 2403 1687 2491 superiores
1725 2412 1782 2467 et
1819 2402 2160 2478 inferiores,
2213 2407 2316 2488 qui
2344 2405 2535 2469 simul

403 2499 659 2585 Regium
691 2500 875 2587 Ipsius
903 2502 1131 2589 Corpus
1160 2504 1542 2567 constituunt.
1595 2504 1811 2592 Neque
1850 2513 2037 2589 potest
2068 2503 2287 2568 Anima
2326 2503 2536 2568 bomi-

405 2598 494 2664 nis
534 2622 595 2664 se
641 2600 854 2667 sistere
890 2603 1204 2668 videndam
1246 2602 1454 2678 alteri,
1507 2604 1868 2668 consortium
1907 2603 2054 2668 inire
2094 2626 2223 2666 cum
2270 2603 2418 2680 illo,
2478 2614 2540 2670 et

405 2700 624 2767 amoris
664 2703 753 2766 sui
793 2704 1148 2767 documenta
1195 2703 1682 2780 communicare,
1735 2705 1844 2769 nisi
1879 2724 2054 2789 quain
2108 2724 2214 2791 per
2256 2705 2535 2790 Corpus;

409 2803 708 2890 quomodo
737 2811 875 2867 tunc
904 2804 1066 2869 Deus
1094 2806 1200 2870 nisi
1232 2826 1334 2890 per
1367 2805 1771 2879 Humanum,-
1800 2806 1960 2891 quod
2004 2804 2194 2892 Ipsius
2232 2815 2338 2868 est.
2420 2806 2539 2871 His

405 2900 653 2978 auditis,
704 2902 967 2970 Africani
1017 2926 1157 2990 prae
1202 2905 1475 2991 reliquiS,
1531 2906 1671 2992 quia
1708 2905 1955 2971 interius
1999 2900 2319 2970 rationales
2366 2917 2542 2982 sunt,

411 2992 833 3090 perceperunt;
886 3002 944 3068 et
972 3005 1220 3093 quisque
1246 3005 1570 3085 secundum
1598 3027 1762 3091 suam
1797 3006 2230 3094 perceptionem
2263 3005 2447 3071 favit.
2530 2996 2537 3003 ⁹

438 3116 458 3125 ‘
559 3109 706 3169 839ὁ
779 3107 1089 3181 Postremo
1132 3107 1502 3177 consociatus
1530 3114 1642 3171 fest
1687 3107 2001 3179 sei-mode
2046 3106 2408 3171 Iun-,monz
2452 3128 2543 3173 ΕΤ

407 3205 1099 3277 ΕΧτΕῐιῐοιιΕ.ιιοΜιΝΕ;
1152 3215 1210 3267 et
1252 3206 1474 3287 dictum
1504 3214 1626 3281 est,
1682 3205 1842 3293 quod
1868 3205 2173 3281 homines,
2225 3207 2326 3290 qui
2374 3207 2545 3272 iute-

405 3307 525 3373 rius
564 3328 658 3371 res
702 3307 1067 3394 percipiunt,
1120 3306 1237 3369 siut
1282 3305 1341 3368 in
1381 3307 1512 3373 luce
1548 3307 1719 3382 veri,
1771 3316 1923 3393 quae
1963 3317 2050 3371 est
2080 3305 2182 3369 lux
2207 3305 2422 3384 Caeli,
2482 3317 2548 3372 et

403 3407 564 3493 quod
611 3404 879 3471 homines
911 3407 1032 3494 ‘qui
1078 3406 1333 3471 exterius
1388 3428 1482 3473 res
1525 3407 1855 3494 percipiunt
1894 3408 2010 3477 sint
2076 3405 2134 3468 in
2180 3405 2339 3470 nulla
2402 3409 2549 3472 luce

408 3507 565 3581 veri,
621 3507 757 3591 quia
800 3508 990 3571 solum
1021 3507 1080 3569 in
1119 3506 1247 3570 luce
1276 3508 1519 3599 Mundi3
1552 3508 1734 3592 quod
1761 3507 1846 3571 sic
1883 3506 2154 3571 homines
2195 3506 2549 3574 Interiores

406 3605 609 3693 sintin
635 3606 1023 3691 intelligentia
1050 3618 1110 3672 et
1136 3607 1456 3695 sapientia,
1508 3606 1845 3685 Exteriores
1874 3607 2159 3677 autem-in
2192 3608 2456 3675 vesania
2485 3618 2549 3674 et

404 3705 463 3769 in
495 3705 718 3769 visione
751 3700 1186 3792 praeposterat*
1218 3709 1375 3794 quod
1414 3708 1690 3773 homines
1730 3707 2047 3771 Interiores
2092 3706 2205 3770 sint
2245 3707 2552 3791 spiritua-³

404 3804 507 3880 les,
538 3806 675 3889 quia
702 3826 775 3889 ex
801 3806 1006 3891 spiritu
1039 3808 1273 3891 elevato
1301 3830 1480 3893 supra
1511 3829 1723 3896 corpus
1753 3809 2047 3893 cogitant,
2102 3828 2287 3895 quare
2317 3800 2552 3871 vident

406 3925 550 3971 vera
579 3905 637 3966 in
664 3904 828 3976 luce;
886 3916 947 3971 at
988 3908 1149 3994 quod
1183 3908 1525 3988 Exteriores
1550 3907 1819 3983 homines
1862 3908 1980 3972 sint
2022 3907 2347 3973 Naturales
2393 3930 2552 3977 sen-

406 4005 633 4082 sualeS,
688 4007 824 4093 quia
870 4012 940 4071 ex
983 4008 1229 4073 fallaciis
1264 4029 1542 4079 sensuum
1572 4009 1838 4096 corporis
1866 4008 2189 4094 cogitanty
2218 4028 2417 4093 quare
2453 4009 2555 4074 vi-

407 4104 716 4173 dentvera
750 4111 898 4173 sicut
927 4108 990 4170 in
1017 4107 1250 4183 nimbo,
1305 4119 1363 4172 et
1394 4131 1524 4173 cum
1555 4110 1711 4198 apud
1739 4130 1807 4188 se·
1844 4117 2083 4177 versant
2128 4107 2263 4183 illa,
2319 4108 2553 4173 vident

410 4201 556 4281 falsa
582 4216 644 4270 ut
677 4228 846 4271 vera:
902 4206 1057 4292 quod
1093 4205 1316 4269 interni
1345 4208 1614 4273 homines
1653 4196 1766 4274 sint
1808 4208 2121 4295 sicut-qui.
2145 4216 2306 4273 stant
2344 4229 2553 4297 supet
