2750 4775
433 382 538 431 2⁷2
656 367 1120 423 univi-:nea
1162 363 1703 422 'rimonocu
1761 367 1829 420 N.
1874 366 1942 422 c,
1984 341 2088 418 nr
2131 367 2197 420 n.
2240 367 2305 421 n.

431 532 636 587 rentur
689 522 821 586 illos
871 544 979 586 suo
1033 521 1364 594 consortio;
1430 529 1490 584 et
1551 529 1954 593 accesserunt,
2027 518 2129 584 sed
2175 540 2307 596 cum
2358 541 2547 607 prope

429 634 634 696 erant,
687 621 886 687 subito
930 631 1329 697 recesserunt,
1382 630 1444 684 et
1481 621 1779 706 ingressae
1818 629 1957 686 sunt
1982 621 2550 708 gynaeceum,-ubi

427 726 606 788 etiam
638 716 896 808 virg'ines
921 723 1148 787 amicae
1173 722 1407 786 illarum
1438 732 1640 785 erant:
1695 719 1811 785 hoc
1840 722 1990 794 viso,
2039 715 2302 806 Angelus
2330 721 2552 787 ductor

429 833 715 913 sequutus
739 833 826 888 est
853 824 1015 898 illas,
1067 830 1128 886 et
1156 822 1481 907 quaesivit,
1537 843 1645 885 cur
1670 820 1893 908 absque
1928 820 2227 907 loquendo
2257 842 2395 886 cum
2436 821 2555 890 illis

431 935 550 990 tam
579 925 775 988 subito
809 923 1182 996 recesserint;
1233 934 1294 987 et
1323 921 1795 1008 responderunt,
1853 944 1973 986 non
2005 924 2303 1009 potuimus
2330 943 2556 1009 appro-

433 1028 742 1113 pinquare,
791 1033 853 1087 et
879 1024 1022 1088 dixit
1052 1045 1159 1087 cur
1181 1023 1297 1090 boc
1316 1071 1332 1098 ,
1386 1031 1447 1086 et
1474 1021 1971 1108 responderunt„
1996 1043 2114 1085 non
2141 1023 2392 1097 scimus,
2446 1023 2553 1088 sed

432 1125 801 1213 percepimus
847 1124 1067 1212 aliqmd
1107 1124 1263 1210 quod
1305 1122 1525 1207 repulit
1562 1133 1622 1186 et
1650 1122 1983 1190 retroduxit
2009 1143 2148 1198 uos,
2199 1124 2554 1209 ignoscant:

427 1235 490 1289 et
518 1223 779 1310 Angelus
807 1224 980 1288 rediit
1008 1225 1081 1290 ad
1109 1245 1248 1289 suos
1275 1225 1536 1298 comites,
1593 1232 1652 1287 et
1681 1223 1827 1286 dixit
1860 1244 2203 1310 responsum
2221 1272 2237 1297 ,
2292 1234 2352 1286 et
2381 1224 2557 1287 addi-

431 1325 550 1400 dit,
602 1344 865 1411 auguror
902 1325 1062 1412 quod
1106 1325 1274 1389 vobis
1315 1345 1435 1387 non
1472 1324 1548 1387 sit
1587 1343 1756 1387 amor
1781 1344 1954 1388 sexus
1993 1334 2218 1395 castus;
2271 1323 2331 1385 in
2362 1324 2554 1389 Caelo

431 1445 698 1490 amamus
725 1424 984 1511 virgines
1010 1447 1083 1490 ex
1118 1424 1350 1490 illarum
1383 1422 1819 1511 pulchritudine
1845 1433 1903 1487 et
1944 1423 2238 1509 elegantia
2283 1445 2555 1500 morum,

429 1534 490 1590 et
518 1526 777 1616 impense
805 1547 1074 1591 amamus
1102 1524 1260 1601 illas,
1301 1525 1403 1588 sed
1430 1533 1621 1599 caste,
1676 1524 1750 1588 ad
1778 1524 1893 1589 boc
1922 1524 2182 1588 riserunt
2204 1524 2334 1610 ejus
2362 1525 2555 1589 comi-

432 1636 549 1701 tes,
610 1636 670 1690 et
709 1626 1013 1701 dixerunt,
1060 1635 1219 1690 recte
1258 1625 1605 1710 augur-aris,
1661 1625 1790 1710 quis
1833 1624 1985 1712 potis
2025 1632 2113 1689 est
2153 1626 2360 1691 videre
2398 1625 2554 1691 tales

431 1725 894 1814 pulchritudines
917 1748 1134 1815 prope,
1185 1736 1244 1789 et
1273 1745 1394 1788 non
1427 1724 1647 1812 aliquid
1677 1746 1911 1811 cupere.

588 1830 733 1890 750.
790 1827 931 1892 Post
957 1824 1075 1890 hoc
1113 1826 1388 1907 festivum
1416 1825 1768 1891 sodalitium
1808 1845 2016 1891 omnes
2058 1825 2294 1892 invitati
2323 1826 2399 1889 ad
2445 1847 2557 1891 nu·

431 1926 583 2013 ptias
621 1927 970 2003 abiverant,
1022 1937 1080 1990 et
1122 1948 1359 2013 quoque
1407 1927 1612 1990 decem
1654 1924 1734 1990 illi
1779 1927 1907 1991 Viri
1949 1948 2082 1989 cum
2124 1948 2233 1990 suo
2288 1925 2554 2011 Angelo,

430 2037 561 2091 erat
598 2049 730 2094 sera
758 2027 1055 2113 Vespera,
1109 2036 1166 2088 et
1214 2027 1477 2091 cubitu-m
1517 2027 1699 2091 ibant.
1770 2026 1839 2089 In
1878 2026 2135 2091 diluculo
2183 2027 2555 2092 audiverunt

436 2127 997 2202 Proclamationem‚
1041 2126 1260 2190 Home
1283 2126 1693 2200 Summum,
1743 2137 1802 2190 et
1827 2136 2230 2202 surrexerunt,
2275 2137 2334 2190 et
2360 2128 2553 2192 inter-

431 2237 797 2314 rogaverunt
839 2226 1166 2313 Angelum,
1218 2227 1358 2313 quid
1394 2227 1568 2319 illud,
1624 2227 1953 2314 respondit,
1996 2227 2154 2313 quod
2198 2229 2273 2291 sit
2301 2228 2374 2290 ad
2410 2228 2552 2293 Cul-

431 2337 553 2391 tum
598 2328 741 2404 Dei,
797 2327 896 2414 qui
948 2327 1113 2392 statis
1154 2329 1521 2415 temporibus
1552 2327 1739 2404 redit,
1793 2338 1853 2392 et
1879 2348 1913 2394 a
1940 2326 2368 2394 Sacerdotibus
2412 2351 2552 2416 pro·

425 2429 760 2499 clamatur;
816 2430 1119 2515 peragitur
1158 2429 1253 2492 ille
1284 2431 1343 2495 in
1372 2428 1637 2516 Templis
1664 2430 1914 2505 nostris,
1968 2439 2029 2493 et
2058 2438 2277 2516 perstat
2306 2430 2550 2495 circiter

431 2527 599 2590 binas
640 2525 851 2599 boras;
907 2549 1123 2616 quare,
1174 2531 1222 2594 si
1249 2531 1445 2604 lubet,
1497 2531 1575 2592 ite
1618 2551 1871 2604 mecum,
1922 2539 1982 2593 et
2019 2530 2430 2603 introducam;
2491 2542 2549 2596 et

432 2628 816 2691 accinxerunt
844 2649 945 2707 se,
1000 2639 1058 2693 et
1087 2630 1350 2696 comitati
1376 2640 1513 2694 sunt
1539 2628 1868 2716 Angelum,
1922 2641 1981 2694 et
2022 2632 2432 2694 intraverunt:
2490 2642 2544 2694 et

427 2747 564 2791 ecce
590 2728 904 2816 Templum
933 2740 1062 2794 erat
1090 2726 1348 2816 arffplum
1370 2778 1387 2806 ,
1442 2751 1628 2814 capax
1655 2731 1888 2823 circiter
1915 2732 2091 2794 trium
2123 2731 2406 2806 millium,
2453 2753 2542 2798 se·

430 2829 868 2907 witmundum,
919 2853 1159 2896 scamna
1199 2852 1301 2896 seu
1342 2831 1544 2895 sedilia
1587 2825 1867 2895 continua
1908 2832 2232 2896 secundum
2288 2829 2541 2918 figuram

428 2930 663 3019 Templi
703 2931 762 2994 in
812 2932 1132 2996 rotundum
1183 2932 1604 2995 circumducta.
1686 2932 1987 3017 Pulpitum
2032 2941 2172 2996 ante
2218 2930 2316 2996 illa
2366 2932 2544 3018 paulo

428 3040 754 3096 retractum
782 3054 815 3096 a
846 3042 1082 3105 centro;
1134 3034 1312 3118 janua
1356 3040 1485 3119 post
1528 3030 1815 3118 pulpitum
1856 3054 1891 3096 a
1928 3031 2184 3097 sinistro.
2268 3032 2545 3097 Intrave-

432 3141 571 3194 runt
599 3132 801 3195 decem
831 3133 958 3197 Viri
985 3133 1253 3203 advenae
1296 3152 1428 3196 cum
1458 3132 1688 3216 Angelo
1720 3132 1965 3196 ductore
1993 3144 2139 3209 suo,
2197 3142 2255 3195 et
2282 3128 2548 3218 Angelus

432 3229 655 3294 addixit
694 3231 808 3296 illis
846 3232 974 3295 loca
1003 3232 1103 3294 ubi
1131 3233 1433 3307 sederent,
1482 3232 1682 3297 dicens
1721 3232 1867 3306 illis,
1926 3218 2173 3319 unisque
2222 3235 2324 3320 qui
2368 3235 2546 3298 intrat

428 3330 489 3393 in
518 3331 834 3417 Templum
858 3381 876 3408 ,
927 3333 1035 3397 scit
1064 3354 1232 3395 suum
1264 3331 1486 3408 locum,
1542 3330 1659 3395 hoc
1696 3332 1809 3395 scit
1837 3355 1906 3396 ex
1933 3333 2140 3408 insito,
2197 3353 2308 3396 nec
2351 3343 2539 3420 potest

423 3431 633 3496 sedere
660 3433 836 3505 alibi;
891 3433 942 3497 si
980 3433 1151 3509 alibi,
1204 3431 1350 3495 nihil
1378 3432 1543 3495 audit
1584 3440 1643 3495 et
1683 3429 1830 3495 nihil
1868 3435 2149 3523 percipit,
2202 3443 2262 3497 et
2302 3453 2539 3521 quoque

428 3532 632 3595 turbat
656 3534 953 3609 ordinem,
1007 3554 1040 3598 a
1072 3556 1190 3621 quo
1218 3534 1459 3597 turbato
1485 3532 1776 3597 Sacerdos
1806 3555 1923 3596 non
1954 3533 2295 3621 inspiratur.

497 3676 506 3681 -
583 3635 729 3694 751.
785 3632 1110 3718 Postquam
1140 3633 1485 3720 congregati
1510 3642 1682 3709 sunt,
1736 3633 1998 3701 ascendit
2025 3631 2325 3698 Sacerdos
2355 3633 2540 3723 pulpi-

428 3738 587 3802 tum,
642 3740 700 3792 et
744 3733 1214 3797 concionabatur
1264 3754 1596 3798 sermonem
1646 3734 2134 3819 plenum-spiritu
2176 3734 2534 3820 sapientiae:

423 3827 650 3893 Concio
678 3838 805 3893 erat
835 3829 907 3891 de
934 3835 1245 3896 sanctitate
1271 3835 1612 3921 scripturae
1639 3855 1877 3909 sacrae,
1932 3834 2090 3898 etde
2119 3835 2538 3919 conjunctione

422 3927 663 3992 Domini
695 3950 827 3992 cum
859 3938 1113 4017 utroque
1140 3933 1399 4011 Mundo,
1436 3933 1740 4020 spirituali
1770 3943 1827 3997 et
1856 3933 2166 4010 Naturali,
2211 3955 2319 4022 per
2347 3934 2533 4007 illam;

420 4029 481 4091 in
511 4027 934 4107 illustratione,
982 4033 1039 4095 in
1069 4052 1185 4120 qua
1216 4042 1378 4109 erat,
1429 4034 1598 4122 plene
1630 4033 1921 4110 convicit,
1972 4034 2130 4123 quod
2158 4034 2419 4101 Sanctus
2442 4035 2536 4099 ille

421 4129 604 4194 Liber
647 4129 899 4196 dictatus
923 4131 997 4197 sit
1023 4154 1057 4198 a
1085 4131 1361 4201 Jehovah
1393 4134 1684 4213 Domino,
1739 4143 1798 4197 ct
1840 4135 2001 4222 quod
2042 4134 2180 4198 inde
2205 4135 2348 4222 Ipse
2375 4136 2452 4200 sit
2475 4135 2533 4198 in

419 4227 554 4304 illo,
611 4229 760 4294 adeo
801 4240 872 4294 ut·
904 4231 1036 4316 lpse
1077 4234 1151 4297 sit
1176 4231 1479 4319 Sapientia
1506 4233 1621 4305 ibi3
1669 4234 1773 4298 sed
1801 4235 1960 4321 quod
1989 4235 2331 4324 Sapientia,
2383 4254 2533 4322 quae

2696 457 2708 548 l

2694 4342 2708 4398 t
