2750 4775
389 344 501 393 sio
619 328 1085 385 UNIYERSA
1127 288 1665 383 ‘runonoois
1711 328 1779 382 m.
1826 326 1891 382 c.
1935 327 2034 379 ET
2084 326 2153 382 u.
2196 327 2266 379 E.

385 484 611 558 tinere,
684 491 1047 569 quapropter
1099 502 1219 545 non
1276 480 1465 544 miror
1514 482 1676 566 quod
1730 480 1861 566 Ego
1916 481 2360 555 aberraverim,
2414 481 2518 547 sed

387 583 576 649 miror
621 582 782 669 quod
830 603 982 646 unus
1028 581 1290 646 delirans
1333 589 1424 645 tot
1472 582 1690 645 deliros
1736 581 1996 668 potuerit
2027 581 2399 668 producere;
2464 592 2524 645 et

387 684 638 771 inspexit
683 706 717 748 a
762 684 947 747 latere
990 681 1220 769 aliquos
1268 681 1603 768 Scriptores
1658 682 2031 766 dogmaticos
2080 702 2194 745 suo
2251 691 2528 769 tempore

388 784 550 851 fama
581 785 874 858 celebres,
925 803 1068 848 suae
1096 782 1404 846 doctrinae
1434 780 1633 846 fideles
1664 792 2018 856 sectatores,
2075 781 2239 868 quod
2282 804 2409 846 non
2439 785 2527 848 vi-

389 885 587 949 derint
623 884 1022 972 oppositiones
1061 884 1119 944 in
1160 882 1467 969 Scriptura
1510 883 1728 958 Sacra,
1781 903 1936 968 quae
1980 892 2180 946 tamen
2225 894 2527 948 exstantes

389 995 543 1051 sunt.
626 985 865 1049 Dictum
907 994 994 1047 est
1036 983 1176 1045 mihi
1204 983 1281 1046 ab
1309 981 1553 1069 Angelis
1578 983 2086 1069 exploratoribus,
2143 985 2315 1069 quod
2338 985 2526 1050 Prae·

387 1086 481 1152 sul
507 1086 605 1150 ille
635 1106 774 1172 prae
804 1084 1002 1149 multis
1027 1084 1173 1159 aliis,
1219 1085 1318 1169 qui
1347 1105 1411 1147 se
1436 1085 1493 1146 in
1521 1083 1959 1148 Justilicatione
1989 1105 2096 1172 per
2118 1084 2310 1148 solam
2343 1085 2521 1149 fidem

392 1183 932 1260 confirmaverunt,
988 1186 1045 1248 in
1075 1185 1246 1248 Statu
1275 1184 1686 1249 conversionis
1710 1186 1783 1247 sit
1802 1235 1817 1256 ,
1865 1186 2145 1271 quoniam
2174 1187 2234 1247 in
2266 1187 2523 1272 pueritia

390 1307 533 1363 sua,
584 1294 901 1373 antequam
930 1284 1228 1370 ingressus
1267 1294 1353 1347 est
1394 1281 1909 1350 Reformationem
1949 1285 2179 1358 facere,
2238 1286 2524 1349 imbuerit

390 1387 628 1474 Dogma
655 1387 727 1450 de
761 1385 1226 1473 praeeminentia
1255 1382 1604 1459 Charitatis,
1664 1397 2029 1473 quapropter
2066 1386 2249 1449 etiam
2292 1397 2420 1448 tam
2465 1387 2521 1447 in

389 1489 636 1576 Scriptis
662 1509 840 1574 quam
869 1489 928 1550 in
957 1485 1344 1551 sermonibus
1370 1486 1491 1552 suis
1519 1496 1637 1549 tam
1676 1487 1917 1572 egregie
1956 1488 2043 1549 de
2058 1486 2375 1551 Charitate
2417 1489 2520 1550 do·

392 1590 543 1661 cuit;
596 1609 668 1651 ex
706 1589 920 1673 quibus
961 1585 1232 1674 profluit,
1289 1585 1450 1672 quod
1492 1585 1637 1650 fides
1674 1584 2103 1670 justificationis
2148 1590 2309 1673 apud
2354 1588 2517 1651 illum

390 1689 740 1776 implantata
772 1688 1036 1752 fueritin
1067 1688 1330 1751 Externo
1357 1686 1614 1751 naturali
1655 1688 1781 1771 ejus
1821 1686 2094 1761 homine,
2148 1708 2271 1750 non
2313 1700 2516 1752 autem

392 1789 746 1854 radicatam
777 1789 1024 1852 Interno
1052 1787 1340 1874 spirituali
1367 1785 1627 1850 homine.
1681 1787 1872 1852 Aliter
1919 1809 2062 1852 vero
2102 1787 2168 1851 fit
2200 1811 2339 1852 cum
2386 1790 2512 1862 illis,

395 1890 583 1977 quiin
616 1890 864 1976 pueritia
892 1908 997 1951 sua
1037 1877 1100 1954 se
1142 1888 1498 1951 confirmant
1538 1897 1744 1951 contra
1790 1887 2266 1974 spiritualitatem
2308 1889 2516 1953 Chari-

392 1991 560 2063 tatis;
615 1988 772 2076 quod
813 1989 992 2052 etiam
1033 2009 1105 2051 ex
1144 2009 1206 2052 se
1250 1987 1347 2062 fit,
1401 1987 1539 2050 dum
1580 1986 1918 2072 justificatio
1961 2010 2066 2075 per
2104 1989 2295 2051 solam
2343 1989 2514 2052 fidem

391 2112 502 2179 per
556 2088 1042 2153 confirmationes
1093 2088 1404 2153 stabilitur.
1498 2088 1813 2174 Loquutus
1859 2110 1988 2154 sum
2045 2110 2177 2152 cum
2237 2091 2517 2176 Principe

389 2190 718 2265 Saxoniae,
772 2209 903 2251 cum
935 2210 1053 2274 quo
1084 2188 1382 2254 Lutherus
1411 2189 1469 2252 in
1499 2189 1727 2254 Mundo
1757 2189 1980 2265 fuerat,
2034 2189 2131 2253 ille
2161 2190 2308 2253 mihi
2358 2201 2512 2255 retu-

390 2290 490 2365 lit,
545 2289 703 2375 quod
756 2290 990 2374 saepius
1043 2288 1401 2374 obloquutus
1444 2290 1549 2364 sit,
1604 2290 1887 2375 imprimis
1932 2290 2089 2375 quod
2138 2290 2512 2355 Charitatem

389 2390 755 2474 separaverit
782 2412 814 2452 e
843 2390 1009 2465 Fide,
1051 2402 1108 2455 et
1138 2389 1294 2454 banc
1318 2389 1640 2456 salvificam
1670 2401 1731 2455 et
1758 2414 1877 2455 non
1906 2391 2064 2456 illam
2095 2393 2514 2468 declaraverit,

391 2508 525 2552 cum
556 2497 755 2551 tamen
797 2491 1101 2578 Scriptura
1141 2492 1322 2556 Sacra
1364 2514 1484 2555 non
1516 2492 1693 2556 modo
1721 2493 1820 2557 illa
1850 2494 1967 2557 duo
1996 2493 2358 2557 universalia
2392 2495 2512 2559 Me·

390 2588 486 2654 dia
518 2588 724 2654 salutis
759 2592 1096 2679 conjungit,
1151 2592 1255 2656 sed
1283 2594 1462 2655 etiam
1504 2594 1729 2658 Paulus
1770 2593 2139 2661 Charitatem
2172 2592 2309 2656 fidei
2350 2615 2512 2682 prae-

392 2691 547 2766 fert,
599 2689 883 2767 dicendo,
936 2678 1105 2784 quod
1145 2698 1266 2757 sint
1294 2697 1443 2768 tria,
1493 2691 1714 2769 Fides,
1768 2692 1952 2787 Spes,
2005 2709 2063 2759 et
2093 2692 2417 2770 CharitaS,
2457 2707 2510 2759 et

392 2789 563 2885 quod
588 2788 800 2859 harum
830 2798 1101 2859 maxima
1127 2798 1210 2858 sit
1239 2792 1549 2870 Chamas,
1601 2794 1627 2856 l
1657 2795 1790 2857 Cor.
1823 2795 2005 2859 xm·
2053 2798 2166 2867 13;
2221 2797 2326 2859 sed
2360 2795 2509 2882 quod

387 2892 688 2958 Lutherus
734 2894 907 2958 toties
955 2895 1355 2982 responderit,
1429 2894 1589 2980 quod
1646 2915 1764 2957 non
1823 2896 2002 2982 possit
2047 2894 2224 2958 aliter
2272 2905 2511 3009 propter

398 2993 1262 3059 Romano-Catholicos.1·lic
1285 2995 1572 3080 Princeps
1597 3004 1682 3059 est
1710 2996 1866 3058 inter
1890 2995 2105 3059 felices
2520 2988 2526 2995 ’

548 3100 696 3157 ‘197
754 3094 932 3175 Quod
962 3095 1539 3160 Mensncnrnonssm
1563 3097 1792 3170 attinet,
1823 3097 1897 3159 de
1923 3097 2099 3161 Sorte
2125 3098 2276 3180 ejus,
2327 3096 2509 3182 qualis

395 3192 547 3259 haec
576 3192 684 3259 fuit
713 3196 849 3259 dum
880 3196 1131 3281 primum
1171 3197 1228 3257 in
1260 3195 1551 3260 Mundum
1578 3195 1956 3283 spiritualem
1988 3197 2187 3271 venit,
2240 3206 2301 3259 et
2330 3197 2512 3283 qualis

393 3306 631 3383 postea,
686 3296 854 3382 plura
904 3297 1058 3360 scire
1102 3295 1302 3359 datum
1350 3305 1467 3371 est,
1541 3318 1659 3359 non
1703 3297 1895 3363 solum
1942 3299 2020 3361 ab
2063 3294 2341 3382 Angelis,
2411 3296 2507 3361 sed

392 3398 575 3461 etiam
602 3396 680 3461 ab
712 3397 878 3482 Ipso,
932 3417 1067 3460 nam
1097 3419 1230 3460 cum
1262 3397 1362 3461 illo
1391 3397 1702 3482 aliquoties
1732 3399 2014 3483 loquutus
2036 3418 2201 3473 sum,
2255 3398 2361 3462 sed
2396 3419 2508 3461 non

392 3497 476 3558 ita
533 3516 709 3581 saepe
758 3507 816 3559 et
862 3519 1046 3584 prope
1100 3509 1160 3560 ut
1217 3519 1347 3560 cuni
1403 3486 1691 3568 Luther0⁸3
1768 3500 1926 3583 quod
1979 3520 2098 3563 non
2157 3506 2281 3562 tam
2334 3518 2505 3585 saepe

394 3604 455 3658 et
509 3615 725 3680 prope,
803 3606 932 3660 erat
976 3618 1191 3673 causa,
1271 3599 1410 3684 quia
1460 3619 1579 3661 non
1636 3599 1904 3662 similiter
1955 3600 2239 3662 accedere
2302 3601 2507 3685 potuit,

387 3694 673 3780 quoniam
741 3698 1151 3762 tantummodo
1213 3697 1637 3762 Justificationi
1703 3722 1807 3785 per
1872 3701 2056 3764 solam
2126 3699 2337 3763 Fidem
2388 3707 2503 3762 stu-

391 3797 554 3859 dium
608 3793 926 3882 impendit,
1007 3820 1127 3860 non
1184 3809 1382 3879 autem
1429 3799 1750 3873 Charitati,
1827 3810 1884 3863 et
1929 3800 2331 3863 circumdatus
2382 3822 2501 3864 suu·

391 3892 709 3983 spiritibus
737 3895 1015 3981 angelicis
1042 3900 1142 3983 qui
1171 3897 1230 3961 in
1261 3899 1567 3964 Charitate
1595 3908 1763 3974 sunt,
1809 3909 1866 3961 et
1893 3899 1953 3962 tn·
1985 3921 2295 3965 accessum
2318 3901 2395 3963 ad
2422 3920 2506 3963 me

390 3996 864 4061 intercluserunt.
942 3994 1190 4073 Audivi,
1246 4000 1406 4084 quod
1435 4010 1499 4063 ut
1527 4001 1782 4087 primum
1811 3999 2101 4066 Mundum
2145 4000 2500 4085 spiritualem

390 4097 664 4173 intravit,
720 4108 925 4185 parata
966 4097 1048 4161 illi
1086 4108 1237 4162 esset
1281 4100 1511 4164 Domus
1538 4100 1754 4164 similis
1790 4100 2024 4176 domui,
2079 4100 2307 4187 inqua
2350 4120 2500 4164 com-

391 4206 659 4262 moratus
699 4198 831 4262 est
816 4220 876 4261 in
906 4196 1170 4270 Mundo,
1219 4196 1335 4260 hoc
1376 4199 1442 4262 fit
1483 4200 1660 4263 etiam
1704 4201 2002 4289 plerisque
2040 4196 2213 4270 novis
2247 4201 2503 4273 advenis,
