2750 4775
786 379 941 437 xul.
1022 379 1370 435 SANCTA
1416 380 1737 439 COENA.
2198 397 2307 445 225

218 533 331 598 boc
355 543 440 600 est
466 533 715 600 Connus
742 555 951 622 unum.
1008 535 1084 600 Et
1111 535 1404 622 accipiens
1426 535 1757 611 Poeumm,
1801 547 1857 599 et
1886 538 2103 625 gratias
2127 560 2312 628 agens

215 637 372 702 dedit
398 635 528 710 illis,
566 637 797 714 dicens,
849 637 1031 700 bibite
1058 659 1130 701 ex
1175 658 1247 700 eo
1275 657 1501 713 omnes,
1542 634 1657 700 boc
1689 648 1775 702 est
1812 638 2090 703 SANours
2117 661 2307 721 Meus»,

215 735 306 800 ille
334 737 496 803 Novi
521 737 909 812 Testamenti,
931 739 1032 824 qni
1065 760 1170 823 pro
1199 736 1398 802 multis
1423 735 1756 803 effunditur.
1828 737 2041 804 Manli.
2073 740 2308 807 XXVI:

218 844 317 902 26.
361 842 468 902 2Ἶ.
522 842 622 901 28.
694 839 878 903 Marc.
922 839 1099 906 XIV:
1145 841 1249 902 22.
1294 842 1397 903 28.
1448 843 1551 903 24.
1618 838 1757 903 Luc.
1801 838 2005 903 XXII:
2057 843 2152 903 19.
2203 847 2305 906 20.

357 940 689 1005 DocrnmA
722 939 969 1004 Dolumr
1001 960 1085 1004 m:
1128 960 1248 1003 sne,
1279 939 1499 1005 CARNE
1539 959 1615 1002 ET
1650 959 1772 1004 sno
1804 939 2150 1017 Smemnn,
2202 961 2312 1006 nr,-

213 1062 340 1119 QUE
381 1042 563 1106 Pane
604 1061 681 1103 ΕΤ
721 1040 904 1106 Vmo.
1003 1040 1348 1129 operamini
1391 1041 1618 1117 eibum,
1670 1062 1789 1104 non
1837 1041 1936 1126 qui
1979 1041 2159 1129 perit,
2208 1044 2313 1107 sed

213 1144 442 1217 cibum,
495 1143 595 1229 qui
648 1152 847 1205 manet
892 1142 951 1204 in
998 1142 1178 1204 vitam
1223 1151 1562 1216 aeternam,
1614 1161 1790 1228 quem
1836 1141 2017 1207 Filius
2058 1141 2314 1209 bominis

216 1243 387 1312 vobis
406 1243 593 1306 dabir
634 1271 640 1278 ·
673 1239 896 1319 Amen,
951 1264 1154 1317 amen,
1208 1242 1339 1304 dico
1375 1242 1575 1318 vobis,
1625 1264 1746 1305 non
1775 1244 1974 1309 Moses
2011 1243 2171 1307 dedit
2202 1268 2310 1310 vo-

215 1342 300 1409 bis
329 1366 543 1433 panem
573 1366 606 1408 e
631 1343 845 1419 Caelo,
897 1345 999 1408 sed
1031 1344 1210 1409 Pater
1248 1365 1411 1407 meus
1452 1343 1554 1407 dat
1591 1344 1761 1408 vobis
1804 1362 2012 1430 panem
2052 1361 2085 1408 e
2127 1344 2309 1412 Caelo

214 1466 451 1510 verum:
504 1443 683 1510 Panis
729 1466 979 1532 namque
1028 1445 1139 1509 Dei
1189 1454 1302 1518 est,
1357 1444 1475 1525 Qui
1521 1444 1821 1509 deseendit
1867 1444 1940 1508 de
1985 1443 2194 1521 Caelo,
2250 1457 2312 1513 et

213 1549 394 1611 vitam
440 1545 538 1610 dat
584 1546 831 1611 Mund0.
914 1548 1044 1633 Ego
1078 1568 1209 1610 sum
1250 1546 1432 1611 Panis
1476 1547 1660 1622 vitae,
1715 1546 1816 1633 qui
1866 1545 2027 1609 venit
2071 1545 2147 1609 ad
2179 1546 2311 1626 Me,

210 1667 326 1711 non
375 1647 623 1724 esuriet,
674 1657 732 1712 et
774 1648 876 1735 qui
923 1647 1108 1712 credit
1154 1648 1210 1709 in
1258 1647 1387 1721 Me,
1441 1669 1560 1711 non
1608 1647 1767 1711 sitiet
1811 1666 2086 1732 unquam.
2179 1648 2310 1736 Ego

208 1767 336 1836 sum
368 1749 579 1823 PaniS,
632 1750 729 1835 qui
761 1749 1058 1814 descendit
1088 1749 1159 1813 de
1187 1747 1384 1811 Caelo.
1439 1746 1652 1823 Amen,
1705 1769 1896 1823 amen,
1943 1747 2077 1811 dico
2116 1750 2306 1826 vobis,

211 1851 309 1936 qui
356 1850 541 1913 credit
588 1852 646 1911 in
701 1851 834 1926 Me,
887 1849 1065 1913 babet
1123 1852 1302 1913 vitam
1365 1858 1704 1913 aeternamt
1767 1848 1898 1935 Ego
1950 1870 2079 1913 sum
2132 1847 2312 1916 Panis

212 1953 387 2018 vitae.
469 1950 676 2015 Patres
705 1951 883 2016 vestri
924 1951 1307 2014 comederunt
1339 1949 1561 2013 Manna
1592 1950 1943 2027 indeserto,
1981 1959 2058 2024 „et
2094 1954 2313 2017 mortui

203 2062 376 2116 sunt:
431 2051 544 2118 Hic
571 2061 658 2115 est
683 2051 879 2126 Panis,
909 2052 1006 2137 qui
1038 2074 1068 2113 e
1101 2050 1283 2116 Caelo
1310 2048 1626 2124 descendit,
1665 2061 1729 2128 ut
1756 2052 1888 2135 quis
1925 2072 2004 2114 ex⁴
2036 2072 2110 2116 eo
2136 2073 2301 2118 com-

201 2154 328 2216 edit
385 2156 549 2217 vivat
588 2160 649 2214 et
692 2173 811 2216 non
853 2152 1156 2216 moriatur.
1240 2147 1369 2236 Eg'o
1420 2171 1548 2216 sum
1600 2151 1779 2217 Panis
1821 2152 2059 2228 vivenS,
2129 2155 2228 2239 qui
2267 2176 2301 2216 e

209 2255 396 2319 Caelo
425 2251 758 2321 descendit;
809 2253 855 2315 si
887 2253 1014 2338 quis
1041 2252 1361 2315 comederit
1390 2271 1458 2313 ex
1497 2251 1612 2316 hoc
1636 2253 1829 2329 Pane,
1884 2254 2042 2317 vivet
2078 2254 2139 2318 in
2178 2276 2311 2321 sae-

205 2355 440 2427 culum;
516 2352 727 2427 Panis»,
789 2374 963 2437 quem
1006 2353 1137 2437 Ego
1180 2352 1370 2428 dabo,
1424 2351 1579 2418 Caro
1619 2374 1746 2418 inea
1789 2365 1904 2430 est,
1958 2376 2135 2442 quam
2177 2356 2307 2447 Ego

205 2458 370 2519 dabo
402 2477 509 2542 pro
538 2453 746 2519 Mundi
776 2454 912 2516 nita.
970 2451 1193 2531 Amen,
1247 2472 1437 2531 amen,
1485 2453 1617 2518 dico
1647 2455 1848 2532 vobiS,
1898 2455 2005 2519 nisi
2034 2459 2306 2525 comede-

211 2556 346 2621 ritis
380 2554 629 2620 Carnem
673 2554 804 2618 Filii
840 2553 1125 2633 bominiS,
1178 2565 1233 2620 et
1272 2547 1537 2621 biberitis
1576 2556 1716 2643 Ejus
1741 2556 2132 2646 Sanguinem,
2180 2582 2305 2627 non

209 2654 511 2720 habebitis
554 2656 730 2721 vitam
772 2656 830 2745 in
874 2656 1056 2721 vobis.
1146 2656 1264 2736 Qui
1307 2657 1622 2720 manducat
1662 2658 1851 2722 meain
1902 2659 2193 2739 Carnem,
2241 2673 2306 2728 et

207 2757 362 2821 bibit
411 2779 604 2827 meum
647 2756 1037 2844 Sanguinem,
1102 2757 1279 2823 babet
1324 2758 1506 2822 vitam
1553 2769 1891 2835 aeternam,
1945 2768 2002 2825 et
2041 2760 2169 2849 Ego
2208 2784 2306 2827 re-

203 2859 502 2925 suscitabo
543 2859 705 2924 illum
746 2857 807 2920 in
842 2870 1103 2925 extrema
1138 2860 1257 2923 die:
1312 2881 1449 2922 nam
1479 2859 1636 2924 Caro
1664 2880 1792 2924 mea
1822 2871 1908 2925 est
1938 2882 2077 2925 vere
2105 2862 2306 2939 Cibus„

206 2969 266 3024 et
306 2959 558 3047 Sanguis
599 2980 763 3024 meus
808 2969 895 3024 est
941 2982 1080 3024 vere
1124 2960 1323 3026 Polus.
1408 2961 1525 3041 Qui
1568 2961 1885 3025 manducat
1932 2981 2121 3025 meam
2161 2962 2307 3026 Car·-

210 3083 385 3141 nem,
438 3072 495 3125 et
544 3059 687 3133 bibit
733 3082 929 3124 meum
975 3061 1365 3147 Sanguinem,
1419 3062 1477 3124 in
1524 3061 1625 3125 Me
1673 3071 1901 3137 manet,
1968 3070 2028 3123 et
2074 3061 2201 3148 Ego
2242 3062 2307 3129 in

208 3163 327 3227 illu.
409 3161 695 3227 Joh.VI:
744 3166 847 3224 27.
888 3165 987 3226 32.
1021 3166 1122 3226 33.
1157 3167 1258 3227 35.
1306 3166 1408 3225 41.
1454 3164 1553 3225 4Ἷ.
1602 3164 1699 3229 48.
1747 3165 1848 3224 49.
1896 3167 1998 3226 50.
2045 3166 2149 3224 51.
2197 3167 2300 3228 53.

206 3267 308 3327 54.
362 3269 465 3328 55.
512 3267 611 3327 50.

244 3406 271 3421 ,.
367 3368 517 3428 Ἷο4.
573 3363 748 3443 Quod
779 3385 880 3451 per
910 3364 1162 3429 Carnem
1190 3363 1272 3428 ibi
1301 3383 1428 3427 non
1451 3363 1811 3450 intelligatur
1836 3384 2012 3441 caro,
2062 3384 2173 3429 nec
2201 3386 2307 3452 pet

204 3465 564 3552 Sanguinem
608 3464 847 3550 sanguis
866 3513 881 3541 ‚
935 3467 1182 3552 quisque
1210 3485 1241 3527 e
1267 3463 1448 3531 Caelo
1477 3464 1799 3529 iliustratus
1827 3465 1884 3527 in
1910 3487 1971 3530 se
2000 3466 2305 3556 percipere

204 3577 428 3657 potest:
480 3567 583 3631 sed
616 3565 772 3650 quod
812 3587 917 3651 per
956 3575 1274 3653 utrumque
1315 3566 1372 3629 in
1414 3565 1612 3630 SENsu
1657 3586 1973 3632 sunnam
2013 3566 2303 3656 intelliga-

205 3679 301 3737 tur
328 3669 536 3737 Passio
563 3667 782 3740 cruciS,
834 3667 998 3752 cujus
1028 3667 1514 3739 recordarentur;
1560 3687 1742 3753 quare
1770 3669 1942 3739 dixit,
1988 3691 2116 3733 cum
2146 3670 2303 3737 hane

204 3769 414 3849 Ultimi
460 3766 766 3833 Pascbatis
802 3768 1074 3843 judaici,
1138 3778 1196 3830 et
1226 3766 1409 3830 Primi
1450 3766 1755 3832 Paschatis
1794 3769 2106 3835 Christiani
2154 3773 2302 3839 Cae-

204 3892 341 3935 nam
372 3870 649 3945 instituit,
704 3866 818 3935 hoc
833 3863 1039 3961 facite
1076 3871 1141 3932 in
1178 3868 1316 3934 Mei
1350 3868 1854 3947 recordationem,
1909 3871 2053 3938 Luc.
2084 3874 2260 3941 XXII
2283 3899 2300 3934 z

209 3976 306 4035 19.
372 3976 400 4034 1
436 3969 697 4036 Corinth.
728 3970 846 4034 Xl:
892 3972 994 4034 24.
1027 3975 1134 4033 25.
1180 3960 1523 4043 Similiter,
1579 3970 1734 4056 quod
1778 3979 1883 4057 per
1912 3971 2135 4036 Panem
2179 3995 2300 4041 non

203 4072 567 4159 intelligatur
612 4072 804 4159 panis,
861 4092 971 4137 nec
1012 4092 1114 4159 per
1155 4070 1368 4135 Vinum
1419 4070 1649 4146 vinnm,
1714 4072 1814 4135 sed
1860 4073 1918 4134 in
1964 4072 2301 4137 NArunAu

201 4173 402 4239 Sensi]
441 4172 627 4238 simile
656 4173 812 4261 quod
856 4194 959 4261 per
984 4171 1236 4237 Carnem
1267 4180 1326 4234 et
1353 4170 1741 4256 Sanguinem,
1796 4172 2067 4236 videlicet
2094 4172 2302 4241 Passio

202 4276 392 4340 crucis
423 4273 627 4363 Ipsius,
667 4295 804 4339 nam
835 4272 1069 4361 legitur,
1115 4271 1301 4338 Jesus
1334 4271 1569 4336 Panem
1574 4267 1795 4360 fregit,
1839 4284 1896 4335 et
1924 4269 2091 4335 dedit
2118 4270 2298 4334 disci-

1828 4368 1879 4430 P
