2750 4775
444 403 549 452 ²8⁰
679 388 1140 443 UMVERSA
1197 389 1734 444 'rnEOLOGtA
1779 391 1846 446 N.
1890 390 1953 443 C.
2002 391 2106 441 ET
2149 390 2213 443 N.
2259 391 2322 441 E.

436 543 530 608 his
557 542 769 608 auditis
809 543 1061 609 diximus
1102 541 1175 604 ad
1217 541 1380 617 illos,
1432 539 1741 628 loquimini
1787 541 1989 626 lingua
2031 542 2460 628 Hippocratica
2498 554 2558 607 et

436 643 806 720 Galeniana,
858 643 958 708 illa
986 641 1159 706 nubis
1188 651 1324 707 sunt
1360 662 1606 727 graeca,
1660 663 1779 704 non
1820 642 2229 727 intelligimus,
2287 666 2399 709 nos
2441 665 2560 708 non

439 746 796 834 qaesivimus
835 746 907 808 de
940 742 1028 807 bis
1055 742 1317 818 Morbis,
1370 742 1473 806 sed
1516 743 1587 805 de
1629 742 2001 807 Conscientia
2051 763 2205 829 quae
2246 753 2336 808 est
2378 745 2560 811 solius

437 847 691 923 Mentis3
734 856 793 910 et
823 846 1131 919 dixerunt,
1179 844 1379 909 Morbi
1408 845 1620 908 mentis
1649 851 1708 906 et
1736 843 1929 907 morbi
1961 845 2169 929 capitis
2192 856 2336 910 sunt
2365 846 2562 923 iidem¹

435 957 496 1013 et
524 945 584 1010 bi
614 946 937 1013 ascendunt
967 965 1039 1009 ex
1067 965 1346 1030 corpore,
1400 943 1721 1008 cohaerent
1751 945 1907 1007 enim
1935 945 2085 1008 sicut
2119 945 2271 1008 duae
2307 947 2563 1011 mansio—

437 1069 544 1115 nes
571 1050 741 1112 unius
769 1048 1006 1118 domus.
1059 1046 1216 1109 inter
1254 1066 1400 1134 quas
1439 1055 1526 1109 cst
1567 1046 1757 1120 scala,
1812 1066 1919 1131 per
1956 1064 2133 1132 quam
2179 1044 2243 1108 fit
2283 1068 2563 1113 ascensus

436 1159 498 1214 et
550 1150 894 1217 descensusz
965 1167 1149 1232 quare
1204 1146 1507 1219 novimus,
1571 1146 1730 1230 quod
1774 1154 1963 1212 status
2005 1147 2216 1210 mentis
2261 1146 2561 1213 indivulse

440 1250 694 1338 pendeat
722 1268 757 1313 a
785 1256 940 1312 statu
969 1248 1264 1335 corporis3
1318 1247 1422 1311 sed
1462 1267 1569 1309 nos
1608 1245 1960 1332 gravedines
1998 1268 2100 1310 seu
2143 1246 2562 1335 cephalalgias

442 1349 593 1426 illas,
648 1370 794 1435 quas
834 1350 1203 1446 captavimus
1247 1368 1354 1411 vos
1394 1346 1723 1432 intelligere
1763 1368 1868 1431 per
1906 1349 2338 1423 conscientias,
2391 1370 2564 1414 sana-

442 1450 671 1525 vimus,
724 1450 1008 1536 quasdam
1054 1469 1159 1538 per
1197 1448 1516 1535 emplastra
1562 1457 1622 1511 et
1665 1448 2051 1523 vesicatoria,
2118 1448 2414 1533 quasdam
2463 1472 2564 1539 per

438 1550 631 1617 infusa
660 1561 719 1615 et
746 1551 1002 1624 emulsa,
1052 1561 1110 1614 et
1140 1548 1425 1636 quasdam
1458 1570 1561 1636 per
1589 1546 1987 1626 condimenta,
2029 1558 2089 1614 et
2120 1569 2230 1634 per
2257 1551 2560 1641 anodyna.

438 1652 588 1718 Cum
617 1673 761 1739 ergo
788 1651 1000 1716 similia
1030 1650 1224 1716 adhuc
1253 1649 1593 1714 audivimus
1627 1648 1704 1712 ab
1743 1646 1885 1725 illis,
1939 1649 2265 1714 avertimus
2307 1672 2455 1726 nos,
2504 1659 2561 1715 et

441 1754 845 1819 convertimus
873 1752 943 1815 ad
973 1753 1266 1826 Clericus,
1321 1760 1381 1815 et
1408 1750 1690 1824 diximus,
1746 1771 1851 1813 vos
1877 1751 2038 1814 scitis
2065 1749 2209 1837 quid
2238 1749 2562 1816 Conscien-

437 1856 552 1931 tia,
593 1854 770 1918 dicite
797 1872 976 1938 ergo,
1016 1863 1074 1916 et
1103 1853 1371 1916 instruite
1403 1858 1773 1939 praesentes;
1811 1862 1874 1913 et
1903 1852 2378 1937 responderunt,
2423 1852 2561 1939 quid

438 1954 845 2029 Conscientia,
915 1952 1190 2017 novimus
1234 1960 1293 2015 et
1346 1974 1465 2016 non
1508 1950 1818 2028 novimus,
1874 1951 2233 2016 credidimus
2280 1952 2446 2039 quod
2492 1953 2563 2018 sit

436 2055 817 2127 Con'rmrro,
875 2074 1024 2137 quae
1071 2054 1368 2140 praecedit
1409 2052 1809 2126 Electionem,
1862 2050 1978 2114 hoe
2019 2062 2136 2127 est,
2186 2062 2558 2118 momentum

436 2179 556 2243 quo
586 2156 766 2219 homo
793 2155 1051 2217 donatur
1075 2151 1223 2229 fide,
1278 2174 1382 2241 per
1408 2174 1586 2240 quam
1616 2152 1669 2215 εἰ
1698 2174 1917 2216 novum
1962 2174 2069 2217 cor
2107 2161 2167 2216 et
2208 2175 2405 2218 novus
2448 2155 2562 2241 spi·

433 2260 582 2322 ritus
617 2256 714 2328 tit,
779 2275 851 2317 ac
887 2264 1310 2340 regeneratum
1372 2255 1474 2318 sed
1514 2254 1993 2342 appercepimus‚
2061 2254 2219 2341 quod
2257 2253 2559 2319 Contritio

435 2358 532 2422 illa
573 2355 772 2444 paucis
808 2354 1150 2431 obvenerit,
1187 2355 1375 2420 solum
1408 2354 1758 2442 quibusdam
1798 2374 1985 2442 pavor
2021 2364 2081 2419 et
2116 2354 2253 2419 inde
2290 2357 2558 2422 anxietas

436 2477 543 2544 pro
580 2457 716 2540 igne
753 2453 1058 2533 infernali,
1107 2467 1165 2519 et
1204 2458 1299 2521 vix
1336 2456 1514 2520 alicui
1566 2477 1673 2541 pro
1713 2456 1968 2541 peccatis
2004 2465 2062 2520 et
2098 2456 2237 2520 inde
2273 2456 2435 2542 justa
2475 2458 2557 2521 ira

438 2555 581 2627 Dei;
620 2554 746 2619 ‘sed
792 2553 920 2622 illos
967 2580 1074 2622 nos
1122 2557 1568 2622 confessionarii
1622 2557 1962 2621 sanavimus
2015 2577 2117 2643 per
2163 2556 2558 2642 Evangelium

441 2656 600 2743 quod
628 2655 893 2720 Christus
923 2679 1027 2743 per
1053 2659 1397 2724 Passionem
1429 2657 1617 2721 crucis
1642 2657 1941 2722 sustulerit
1971 2657 2451 2735 damnationem,
2506 2667 2559 2722 et
2677 2652 2689 2701 l

437 2759 521 2819 sic
548 2757 744 2841 ignem
773 2756 1122 2822 infernalem
1152 2758 1528 2832 exstinxerit,
1580 2766 1637 2820 et
1669 2758 1967 2844 aperuerit
1994 2758 2239 2822 Caelum
2269 2757 2417 2834 illis,
2460 2758 2560 2844 qui

435 2855 590 2933 fide,
646 2858 738 2921 cui
791 2858 1103 2946 imputatio
1159 2859 1351 2921 meriti
1409 2858 1542 2923 Filii
1599 2857 1708 2920 Dei
1760 2859 2039 2944 inscripta
2093 2868 2211 2935 est,
2281 2858 2558 2924 beantur.

435 2958 758 3024 Praeterea
803 2957 1020 3023 dantur
1048 2959 1473 3039 Conscientiosi
1514 2978 1584 3022 ex
1636 2959 1800 3023 &aria
1846 2959 2191 3045 Religione,
2246 2967 2371 3022 tam
2418 2981 2560 3025 vera

438 3081 615 3145 quam
647 3058 937 3136 fanatica,
993 3061 1090 3147 qui
1119 3060 1230 3125 sibi
1263 3060 1572 3148 scrupulos
1600 3058 1824 3125 faciunt
1853 3061 1911 3124 in
1940 3061 2119 3124 rebus
2146 3059 2387 3135 salutis,
2444 3081 2561 3123 nou

436 3161 615 3223 modo
643 3161 1081 3239 essentialibuS,
1137 3161 1238 3225 sed
1265 3160 1443 3225 etiam
1474 3147 1852 3237 formalibus,
1909 3170 1967 3224 et
2009 3181 2248 3248 quoque
2292 3161 2354 3224 in
2394 3160 2559 3226 adia-

437 3259 667 3348 phoris;
724 3281 942 3349 quare,
988 3269 1259 3346 utsupra
1289 3261 1570 3335 diximus,
1624 3260 1897 3326 novimus
1928 3261 2086 3348 quod
2131 3262 2205 3325 sit
2234 3262 2559 3327 Conscien-

437 3365 551 3438 tia,
604 3361 704 3427 sed
736 3361 874 3449 quid
903 3371 960 3426 et
991 3361 1178 3449 qualis
1212 3383 1385 3437 vera,
1440 3383 1596 3450 quae
1624 3360 1867 3427 omnino
1894 3362 2216 3451 spiritualis
2245 3362 2394 3440 erit,
2442 3383 2560 3427 non

440 3464 732 3528 novimus.
1314 3534 1320 3539 ,

595 3568 741 3626 666.
815 3562 984 3624 Haec
1024 3562 1256 3638 omnia,
1309 3584 1465 3649 quae
1494 3585 1530 3628 a
1559 3572 1817 3652 quatuor
1844 3562 2123 3628 Caetibus
2164 3563 2359 3628 edicta
2404 3573 2558 3640 sunt,

439 3662 682 3747 Angeli,
737 3662 835 3748 qui
864 3683 1041 3747 supra
1073 3662 1204 3727 illos
1233 3673 1438 3740 erant‘,
1490 3665 1957 3738 exaudis-erunt,
2011 3673 2070 3727 et
2098 3663 2376 3729 dixerunt
2405 3666 2558 3728 inter

435 3783 530 3834 se,
589 3762 939 3846 percipimus
976 3764 1137 3849 quod
1166 3786 1296 3831 „non
1337 3765 1550 3850 aliquis
1591 3764 1650 3829 in
1690 3759 2138 3830 Christianismi)
2182 3766 2362 3841 sciat,
2418 3766 2555 3852 quid

435 3861 842 3937 Conscientia,
897 3885 1081 3951 quare
1125 3865 1500 3930 demittemus
1542 3885 1613 3929 ex
1655 3865 1826 3929 nobis
1860 3887 2077 3941 unum,
2142 3865 2244 3951 qni
2286 3866 2558 3939 instruet,

436 3971 494 4024 et
523 3969 786 4025 actutum
821 3972 962 4028 tunc
991 3965 1048 4027 in
1079 3966 1273 4028 medio
1302 3966 1538 4030 illorum
1567 3965 1790 4029 adstitit
1820 3962 2086 4052 Angelus
2113 3966 2171 4027 in
2204 3975 2371 4031 veste
2403 3966 2556 4040 alba,

432 4061 654 4132 circum
698 4065 864 4148 cujus
895 4063 1083 4152 Caput
1106 4067 1402 4153 'apparuit
1442 4066 1706 4131 cinctura
1747 4066 1973 4142 lucida,
2028 4067 2083 4128 in
2126 4088 2246 4152 qua
2292 4066 2558 4131 minutae

435 4161 640 4226 stellae
672 4174 871 4240 erant,
925 4164 1106 4229 ethic
1135 4164 1475 4251 alloquutus
1529 4176 1787 4253 quatuor
1828 4165 2045 4229 Caetus
2089 4166 2267 4240 dixit,
2325 4167 2557 4233 audivi·

437 4282 564 4326 mus
593 4262 650 4327 in
681 4264 892 4341 Cael0,
947 4264 1104 4352 quod
1149 4265 1207 4326 in
1250 4266 1456 4327 ordine
1505 4265 1865 4353 protuleritis
1907 4267 2232 4332 sententias
2271 4266 2344 4330 de
2395 4268 2557 4332 Con·
2676 4334 2679 4360 x
