2750 4775
990 311 1622 368 PAENITENTIA.
2199 394 2221 410 ae
2290 323 2359 374 87

267 469 346 534 ad
375 468 746 544 adulterium,
788 466 1174 532 defraudandi
1202 489 1392 554 usque
1427 467 1499 531 ad
1530 468 1781 545 furtum,
1833 464 2150 534 mentiendi
2175 488 2363 556 usque

264 570 956 643 salsum2testimonium‚
1028 570 1086 632 in
1133 569 1715 657 quatuor'Decalogi
1765 570 2102 659 Praeceptis
2148 569 2363 634 dicitur

262 672 374 736 illa
412 692 532 735 non
572 670 778 745 facies,
834 679 892 732 et
931 670 989 733 in
1029 670 1261 734 duobus
1290 669 1508 734 ultimis
1534 671 1744 735 dicitur
1774 671 1868 734 illa
1900 692 2015 734 non
2056 671 2361 756 concupis-

262 795 402 847 ceS,
455 794 594 834 num
640 771 906 861 creditis,
970 772 1126 858 quod
1171 771 1466 838 internus,
1488 780 1681 836 vester
1721 770 1899 835 homo
1942 772 2002 833 in
2036 770 2126 835 his
2163 772 2363 839 similis

261 873 455 946 suerit
484 873 742 937 Externo
785 881 1013 948 vestro,
1063 874 1110 941 si
1156 871 1270 934 hoc
1307 873 1573 948 creditis,
1630 870 1782 937 forte
1810 870 2092 936 fallimini.
2145 871 2260 934 Sed
2288 873 2364 937 ad

259 975 433 1038 haec
453 974 916 1066 responderunt„
951 973 1089 1061 quid
1121 972 1394 1036 Inter-nus
1417 971 1627 1046 homo;
1681 984 1845 1038 estne
1877 972 1969 1035 hie
1995 983 2053 1037 et
2078 971 2367 1038 Externus

261 1097 428 1141 unus
454 1061 641 1146 idem}
695 1074 1023 1138 audivimus
1049 1095 1082 1136 a
1110 1074 1394 1138 Ministris
1420 1076 1653 1151 nostris„
1704 1075 1859 1160 quod
1888 1072 2161 1138 Internus
2188 1071 2365 1138 homo

261 1196 398 1241 non
425 1175 584 1239 aliud
611 1177 685 1240 sit
715 1196 890 1261 quam
922 1175 1112 1249 Fides,
1142 1185 1222 1246 :et
1250 1177 1409 1261 quod
1439 1175 1623 1262 pietas
1650 1178 1769 1240 oris
1795 1184 1855 1238 et
1882 1173 2183 1238 moralitas
2214 1173 2370 1240 vitae

260 1279 504 1362 signum
536 1277 661 1360 ejus
686 1277 780 1351 sit,
833 1277 968 1361 quia
999 1276 1263 1363 operatio
1290 1277 1445 1362 ejus3
1501 1278 1574 1340 ad
1606 1299 1759 1362 quae
1794 1277 2222 1363 responderunt
2246 1273 2369 1339 An·

263 1379 428 1465 geli,
477 1377 652 1442 Fides
688 1375 947 1444 salvifica
994 1387 1081 1442 est
1122 1379 1181 1440 in
1224 1376 1468 1440 Interno
1509 1377 1775 1452 homine,
1832 1378 2052 1461 pariter
2080 1374 2370 1452 Charitas,

263 1490 333 1544 et
363 1479 499 1544 inde
523 1487 612 1542 est
633 1476 916 1544 Fidelitas
940 1489 999 1541 et
1027 1477 1334 1543 Moralitas
1364 1476 1696 1544 Christiana
1731 1481 1791 1541 in
1820 1480 2079 1542 Externo
2108 1475 2367 1554 homine,

263 1591 332 1646 et
361 1581 410 1644 si
439 1580 940 1667 concupiscentiae
978 1580 1347 1666 supradictae
1376 1581 1435 1642 in
1466 1579 1713 1643 Interno
1738 1579 2008 1654 homine,
2057 1579 2136 1641 ita
2173 1578 2233 1641 in
2264 1599 2368 1644 vo-

266 1680 504 1746 luntate
544 1689 605 1743 et
639 1682 772 1744 inde
800 1682 857 1743 in
886 1682 1240 1766 cogitatione
1269 1689 1543 1756 manent,
1595 1681 1840 1767 proinde
1866 1682 1912 1745 si
1934 1662 2185 1744 'interius
2209 1699 2371 1742 ama·

269 1785 352 1847 tis
391 1782 549 1855 illas,
601 1792 661 1844 et
690 1771 897 1845 'tamen
936 1781 1105 1845 aliter
1142 1781 1202 1844 in
1239 1782 1497 1846 externis
1534 1783 1706 1867 agitis
1746 1791 1803 1845 et
1846 1778 2146 1866 loquimini
2162 1828 2190 1855 ,,
2231 1788 2371 1845 tunc

272 1886 432 1971 apud
464 1905 571 1947 vos
599 1882 816 1946 malum
845 1891 931 1946 est
959 1902 1141 1969 supra
1164 1881 1384 1946 bonum
1404 1929 1420 1955 ‚
1474 1892 1532 1945 et
1561 1884 1780 1947 bonum
1808 1893 1894 1948 est
1931 1882 2083 1947 infra
2128 1879 2369 1957 malum,

277 1992 645 2071 quapropter
673 1992 971 2067 utcunque
996 1983 1146 2045 sicut
1172 2003 1244 2047 ex
1269 1980 1929 2070 intellectu-loquimini,
1985 1991 2042 2046 et
2069 2003 2140 2046 ex
2168 2001 2373 2047 amore

280 2084 489 2170 agitis,
540 2083 786 2148 interius
824 2092 912 2147 est
939 2082 1194 2157 malum,
1245 2092 1304 2146 et
1329 2078 1447 2145 hoc
1471 2084 1549 2145 ita
1580 2084 2089 2155 circumvelatum;
2143 2091 2202 2145 et
2228 2092 2371 2148 tunc

280 2183 423 2246 estis
458 2184 608 2246 sicut
644 2181 857 2266 Singae
896 2190 1154 2258 astutae„
1208 2205 1358 2270 quae
1386 2181 1613 2268 fingunt
1640 2194 1802 2249 actus
1828 2184 2043 2254 similes
2080 2183 2371 2260 humanis,

283 2283 385 2347 sed
432 2303 537 2345 cor
563 2303 767 2344 eorum
801 2283 976 2366 longe
1005 2283 1188 2347 abest.
1255 2282 1369 2347 Sed
1413 2284 1599 2370 qualis
1642 2283 1911 2349 Internus
1953 2295 2147 2352 vester
2190 2283 2368 2350 homo

284 2393 393 2460 est,
439 2383 519 2467 ‘de
545 2405 664 2469 qno
693 2381 830 2447 nihil
857 2382 1045 2459 scitis,
1099 2385 1231 2471 quia
1261 2406 1378 2449 non
1408 2386 1976 2471 exploravistis-vos,
2027 2395 2087 2452 et
2112 2395 2245 2473 post
2268 2408 2371 2452 ex-

285 2484 676 2571 plorationem
710 2505 825 2548 non
857 2485 1270 2570 paenitentiam
1298 2487 1526 2571 egistis,
1581 2497 1707 2573 post
1735 2499 1963 2574 tempus
1993 2486 2169 2555 visuri
2215 2488 2371 2564 estis,

277 2585 523 2674 quando
563 2586 852 2649 exuemini
883 2586 1140 2651 Externo
1173 2587 1439 2663 homine,
1492 2610 1562 2653 ac
1587 2590 2053 2654 intromittemini
2091 2588 2149 2651 in
2181 2587 2371 2653 Inter·

274 2710 452 2761 num,
515 2696 573 2751 et
612 2708 744 2750 cum
788 2686 901 2752 hoc
946 2686 1036 2762 fit,
1094 2710 1212 2751 non
1256 2690 1507 2774 amplius
1548 2690 1945 2776 agnoscemini
2001 2711 2033 2753 a
2088 2690 2372 2754 consociis

275 2790 518 2864 vestris,
573 2810 683 2850 nec
720 2810 754 2851 a
796 2788 964 2851 vobis
1002 2790 1165 2874 ipsis;
1220 2790 1336 2853 vidi
1367 2793 1619 2855 morales
1648 2791 1833 2855 malos
1860 2801 1997 2853 tunc
2021 2790 2170 2855 sient
2199 2788 2372 2866 feraS‚

270 2890 576 2977 intuentes
616 2890 940 2973 proximum
971 2890 1318 2955 truculentis
1343 2892 1556 2967 oculis,
1579 2975 1586 2978 .
1608 2890 1929 2976 flagrantes
1954 2892 2090 2956 odio
2118 2892 2377 2956 interne-

279 2991 448 3065 cino,
514 2999 575 3053 et
611 2990 1083 3076 blasphemantes
1109 2993 1333 3066 Deum,
1387 3013 1562 3078 quem
1591 2994 1651 3056 in
1678 2993 1941 3056 Externo
1968 2991 2203 3057 homine
2232 2991 2376 3056 ado·

277 3100 600 3173 raverunt:
666 3090 753 3153 his
795 3091 1016 3155 auditis.
1054 3104 1455 3167 recesserunt,
1526 3102 1585 3157 et
1626 3092 1836 3182 Angeli
1888 3104 2029 3158 tunc
2079 3092 2373 3167 dicebant,

278 3191 556 3256 videbitis
581 3200 797 3255 sortem
830 3195 984 3259 vitae
1013 3203 1240 3257 vestrae
1271 3193 1531 3280 posthae,
1586 3216 1720 3257 nam
1751 3196 1916 3259 brevi
1947 3192 2247 3278 auferetur
2273 3214 2379 3254 vo-

278 3292 370 3355 bis
408 3292 706 3362 Externus
745 3291 953 3368 homo,
1005 3313 1076 3356 ac
1112 3294 1404 3359 intrabitis
1447 3295 1509 3358 in
1556 3294 1893 3371 Internum,
1945 3296 2045 3380 qui
2096 3314 2250 3356 nunc
2290 3301 2377 3382 est

276 3392 534 3478 Spiritus
573 3402 766 3456 vester

443 3498 581 3556 569.
649 3494 950 3558 Tannum
992 3495 1435 3560 Mummium.
1510 3496 1721 3560 Omnis
1764 3495 1949 3561 Amor
1993 3493 2148 3581 apud
2189 3493 2376 3564 homi·

280 3616 418 3658 nem
465 3594 717 3680 exspirat
755 3595 1106 3681 jucundum,
1160 3618 1266 3682 per
1292 3597 1450 3682 quod
1476 3618 1537 3659 se
1567 3596 1707 3661 facit
1732 3599 1969 3673 sentiri,
2021 3608 2089 3659 et
2125 3596 2381 3682 exspirat

280 3696 340 3758 id
372 3694 634 3783 proxime
663 3695 722 3757 in
746 3695 1044 3782 spiritum,
1098 3706 1155 3759 et
1186 3697 1319 3760 inde
1347 3696 1404 3757 in
1437 3719 1678 3785 corpus,
1735 3707 1790 3760 et
1818 3698 2130 3785 infundunt
2167 3698 2383 3762 amffl‘ls

281 3797 411 3882 ejus
449 3817 564 3858 una
597 3818 729 3858 cum
763 3818 1011 3860 amaeno
1039 3799 1414 3882 cogitationis
1453 3796 1591 3862 facit
1618 3798 1796 3864 vitam
1841 3802 1990 3882 ejus:
2050 3800 2142 3862 illa
2175 3802 2379 3882 juclin*

280 3899 358 3962 da
396 3905 457 3964 et
495 3917 741 3961 amaena
783 3918 901 3962 non
926 3900 1260 3966 sentiuntur
1290 3898 1399 3962 nisi
1426 3900 1677 3964 obscure
1705 3900 1780 3963 ab
1809 3900 2070 3974 hortuna,
2102 3898 2383 3987 quamdiu

282 3998 433 4063 vivit
470 3998 531 4062 in
564 3998 825 4085 Corpore
867 3999 1154 4074 naturali,
1192 3999 1328 4087 quia
1357 3997 1473 4062 hoc
1501 3999 1729 4083 Corpus
1755 4002 2030 4066 ahsnilffll
2062 4011 2114 4063 et
2142 3999 2383 4063 hebetat

276 4099 411 4178 illa,
465 4109 534 4162 at*
559 4109 697 4188 post
736 4108 1020 4177 mortem,
1073 4122 1207 4165 cum
1237 4099 1466 4187 Corpus
1506 4099 1814 4166 materiale
1858 4103 2114 4163 ablatum
2151 4111 2271 4171 est,
2323 4107 2383 4159 et

280 4201 365 4265 sic
421 4201 854 4290 operimentum
905 4222 1009 4265 sen
1068 4199 1772 4290 indumentum-spiritus
1825 4211 2151 4271 >rue-niummfl
2243 4207 2379 4255 tunc
