2750 4775
478 389 587 447 258
706 379 1171 436 UNIVEBSA
1219 378 1760 434 THEOLOGIA
1805 380 1873 433 N.
1917 380 1981 433 C.
2021 380 2121 432 ET
2161 378 2224 431 N.
2265 378 2322 430 Ε.

475 533 985 603 Glorificatiouem
1013 533 1126 598 Dei
1156 533 1536 619 intelligitur,
1587 532 1937 620 intelligitur
1967 532 2196 597 fructus
2212 531 2412 595 amoris
2439 527 2536 592 fer·

473 660 572 714 re,
627 637 744 702 hoc
770 645 890 713 est,
940 634 1227 710 fideliter,
1278 636 1540 708 sincere,
1587 644 1647 697 et
1687 634 1889 698 sedule
1926 655 2068 699 suae
2097 632 2395 697 {unctionis
2415 651 2538 717 opus

477 737 711 814 facere,
761 735 879 801 boc
905 738 1061 799 enim
1103 742 1190 799 est
1233 735 1455 799 amoris
1489 734 1628 810 Dei,
1682 745 1743 797 et
1781 733 2005 799 amoris
2046 733 2316 820 proximi,
2361 739 2417 793 et
2449 730 2540 794 boc

476 848 568 904 est
614 838 916 902 vinculum
948 834 1293 910 societatis,
1343 844 1404 897 et
1450 834 1670 900 bonum
1715 834 1873 920 ejus3
1931 856 2035 921 pet
2073 835 2189 899 hoc
2224 831 2542 920 glorificatur

2646 443 2657 580 ἴ

479 941 677 1014 Deus,
733 949 793 1002 et
838 947 981 1001 tunc
1023 956 1128 1024 per
1173 936 1399 1000 cultum
1450 937 1619 1000 statis
1655 937 2059 1021 temporibus;
2126 956 2320 998 annon
2360 931 2542 1018 legistis
2655 985 2656 988 ,

477 1040 629 1105 baec
657 1037 897 1105 Domini
928 1038 1146 1110 verba,
1203 1037 1284 1102 In
1328 1034 1443 1100 hoc
1483 1034 1967 1101 Gnoniricnun
2010 1037 2223 1100 Pmn
2269 1054 2453 1110 mens,
2497 1042 2545 1094 ut

455 1137 743 1229 finctum
800 1136 1050 1203 multum
1084 1132 1354 1225 stratis,
1422 1150 1480 1201 et
1519 1136 1868 1203 reddamini
1907 1136 2201 1229 discipuli
2242 1137 2377 1209 mei,
2433 1131 2543 1197 Joh‚

480 1239 624 1306 XV:
672 1243 729 1302 8.
807 1237 932 1305 Vos
972 1236 1328 1303 Sacerdotes
1368 1238 1610 1323 potestis
1652 1237 1708 1300 in
1743 1238 1939 1301 cultus
1984 1235 2399 1322 glorificatione
2433 1253 2546 1305 esse,

482 1340 622 1427 quia
648 1336 766 1404 boc
793 1348 879 1404 est
909 1348 1170 1406 vestrum
1212 1358 1462 1411 munus,
1513 1347 1571 1401 et
1614 1338 1751 1402 inde
1793 1348 1879 1402 est
1923 1338 2094 1402 vobis
2131 1337 2349 1410 honor,
2395 1331 2548 1421 gloria

481 1449 541 1504 et
568 1440 968 1506 remuneratio
986 1486 1003 1515 ,
1055 1439 1371 1524 sedusque
1402 1461 1510 1503 vos
1538 1459 1657 1502 non
1686 1438 1928 1526 potestis
1957 1438 2086 1526 plus
2119 1459 2295 1524 quam
2324 1435 2399 1502 illi
2425 1435 2474 1497 in
2496 1451 2546 1496 ea

483 1540 914 1628 glorificatione
940 1562 1099 1615 esse,
1140 1541 1246 1605 nisi
1274 1539 1489 1615 bonor,
1532 1539 1753 1624 gloria,
1797 1548 1856 1602 et
1885 1539 2290 1602 remuneratio
2317 1557 2423 1600 una
2448 1553 2551 1597 cnm

480 1653 681 1708 vestro
708 1662 955 1706 munere
984 1643 1114 1704 sint.
1192 1640 1302 1705 His
1334 1638 1504 1704 dictis
1530 1638 1804 1728 Episcopi
1846 1639 2215 1705 mandabant
2258 1635 2551 1702 custodibus

480 1752 722 1830 portae,
787 1752 847 1805 ut
895 1742 1358 1805 intromitterent
1404 1759 1649 1814 omnes,
1716 1748 1773 1802 et
1817 1741 2159 1804 emitterent
2212 1753 2433 1812 omues,
2487 1741 2551 1798 est

480 1843 638 1906 enim
672 1843 1024 1917 multitudo,
1075 1843 1176 1926 qui
1221 1861 1340 1905 uon
1387 1840 1546 1905 aliud
1579 1839 1858 1926 gaudium
1885 1839 2189 1915 Caeleste,
2245 1859 2412 1926 quam
2447 1855 2550 1925 per·

483 1953 723 2031 petuum
772 1943 996 2006 cultum
1044 1941 1190 2017 Dei,
1244 1950 1566 2028 potueruut
1605 1940 1902 2026 cogitare,
1959 1941 2094 2026 quia
2135 1961 2257 2005 non
2300 1936 2553 2005 sciverunt

478 2042 699 2131 aliquid
732 2042 804 2106 de
834 2052 991 2105 statu
1023 2040 1203 2105 Caeli

636 2145 788 2206 739.
845 2143 988 2206 Post
1027 2142 1176 2205 haec
1199 2139 1464 2228 Angelus
1495 2164 1627 2205 cum
1660 2142 1780 2206 suis
1824 2142 2137 2207 comitibus
2178 2119 2352 2206 rediit
2392 2137 2457 2202 ad
2489 2136 2554 2200 lo·

478 2265 611 2307 cum
657 2251 1014 2318 conventus,
1079 2262 1112 2304 a
1160 2264 1279 2328 quo
1325 2243 1603 2307 cobortes
1644 2241 1989 2357 sapientum
2036 2242 2328 2306 nondum
2345 2256 2556 2303 recesse-

477 2352 652 2418 runt,
707 2351 764 2406 et
803 2333 881 2407 ibi
924 2343 999 2406 ad
1038 2363 1100 2408 se
1142 2343 1381 2409 vocavit
1424 2342 1584 2419 illos,
1638 2343 1737 2428 qui
1781 2342 2194 2419 crediderunt,
2250 2341 2402 2429 quod
2446 2355 2555 2425 gau-

480 2440 640 2506 dium
673 2441 927 2507 caeleste
954 2453 1012 2506 et
1040 2443 1292 2509 felicitas
1320 2454 1586 2521 aeterna,
1611 2445 1687 2507 sit
1707 2446 1905 2508 modo
1946 2445 2308 2509 intromissio
2348 2444 2403 2505 in
2439 2440 2552 2504 eae·

478 2542 634 2615 lum,
691 2560 762 2603 ac
801 2542 1159 2609 intromissio
1202 2565 1274 2607 ex
1304 2544 1522 2608 Divina
1552 2544 1773 2629 gratia;
1826 2556 1883 2609 et
1930 2545 2087 2631 quod
2128 2554 2277 2608 tunc
2320 2542 2552 2630 gaudium

479 2643 553 2707 sit
592 2639 737 2716 iltis,
788 2643 1056 2707 similiter
1101 2655 1165 2708 ut
1203 2642 1265 2707 in
1304 2642 1535 2709 Mundo
1578 2653 1665 2709 est
1701 2644 1847 2721 illis,
1903 2646 2003 2731 qui
2043 2646 2102 2707 in
2151 2645 2322 2710 aulas
2359 2644 2552 2728 Regum

470 2743 689 2806 diebus
735 2741 1099 2821 festivitatis,
1153 2754 1255 2808 aut
1302 2744 1362 2807 in
1409 2744 1644 2832 nuptias
1687 2746 1951 2821 invitati,
2004 2745 2447 2831 ingrediuntur:
2491 2738 2557 2802 bis

478 2843 624 2908 dixit
669 2842 961 2932 AngeluS‚
1015 2855 1248 2910 manete
1295 2844 1389 2909 bic
1430 2846 1885 2933 aliquantisper,
1933 2854 2001 2915 ,et
2039 2847 2272 2913 sonabo
2315 2845 2476 2918 tuba,
2516 2846 2558 2900 el

476 2943 596 3008 huc
624 2946 872 3011 veniunt
911 2946 1114 3011 incluti
1157 2945 1314 3012 fama
1359 2947 1683 3032 sapientiae
1724 2945 1785 3008 in
1822 2946 2242 3032 spiritualibus
2267 2942 2556 3011 Ecclesiae:

478 3055 612 3134 post
640 3047 865 3133 aliquot
894 3046 1071 3111 boras
1100 3046 1350 3111 aderant
1378 3068 1592 3114 novem
1630 3046 1774 3122 viri,
1828 3048 2077 3133 quisque
2119 3047 2427 3131 insignitus
2461 3043 2558 3104 lau-

476 3168 581 3220 ru,
639 3146 858 3211 adorea
882 3145 1084 3211 famae
1110 3166 1283 3219 suae3
1335 3145 1444 3211 hos
1469 3144 1731 3247 Angelus
1757 3146 2123 3212 introduxit
2109 3166 2167 3209 ιιι
2197 3144 2421 3211 Aedem
2450 3161 2557 3206 cou-

478 3256 723 3320 ventus,
765 3247 819 3308 in
850 3269 962 3332 qua
997 3266 1201 3312 omues
1227 3246 1387 3335 prius
1416 3248 1728 3311 convocati
1758 3246 2034 3319 aderant;
2093 3246 2153 3309 in
2181 3247 2396 3313 horum
2424 3260 2559 3333 prae-

475 3346 673 3410 sentia
712 3344 972 3433 Angelus
1016 3348 1354 3434 alloquutus
1401 3369 1617 3410 novem
1659 3346 1990 3423 laureatos,
2045 3341 2220 3422 dixit,
2272 3348 2394 3412 scio
2432 3335 2557 3431 quod

476 3448 647 3510 vobis
675 3468 745 3511 ex
773 3459 914 3512 voto
949 3458 1144 3512 vestro
1172 3450 1495 3512 secundnm
1526 3448 1716 3511 ideam
1750 3458 2027 3525 vestram,
2059 3449 2257 3511 datum
2287 3450 2363 3513 sit
2389 3460 2558 3510 ascen-

476 3545 662 3608 dere
646 3568 706 3607 m
734 3547 1011 3622 Caelum,
1065 3558 1124 3612 et
1152 3548 1311 3634 quod
1342 3548 1689 3612 redieritis
1673 3570 1732 3610 ιιι
1772 3548 2113 3612 inferiorem
2143 3548 2299 3613 hanc
2325 3569 2425 3613 seu
2449 3541 2558 3608 sub-

478 3643 789 3706 caelestem
818 3655 1072 3723 teriam,
1125 3670 1259 3711 cum
1290 3648 1461 3736 plena
1502 3649 1746 3713 scientia
1787 3646 1858 3711 de
1898 3659 2054 3713 statu
2084 3649 2277 3723 Caeli3
2337 3660 2559 3711 comme·

475 3751 706 3806 morate
752 3745 985 3831 itaque,
1041 3747 1214 3832 quale
1264 3749 1434 3813 vobis
1478 3748 1664 3815 visum
1711 3754 1801 3813 est
1837 3749 2115 3813 Caelum·
2165 3759 2227 3812 et
2272 3736 2558 3833 responde·

474 3851 616 3908 runt
643 3844 700 3905 in
731 3843 970 3920 ordine,
1020 3850 1081 3909 'et
1119 3846 1262 3910 dixit
1302 3848 1583 3931 I'fflmus;
1639 3849 1770 3912 idea
1819 3870 1947 3912 mea
1989 3850 2063 3913 de
2103 3849 2283 3913 Caelo
2325 3871 2358 3912 a
2400 3843 2555 3934 prima

474 3942 724 4030 pueritia
771 3966 952 4030 usque
1000 3946 1074 4010 ad
1119 3945 1293 4011 finem
1337 3949 1495 4014 vitae
1543 3951 1601 4010 in
1643 3935 1904 4024 Mundo,
1960 3950 2187 4026 fuerat,
2205 3947 2396 4047 quod
2434 3945 2557 4008 esset
2655 4018 2656 4033 χ

470 4044 635 4107 locus
665 4045 928 4109 omnium
961 4047 1424 4124 beatitudinum,
1465 4049 1851 4123 faustitatum‚
1897 4050 2347 4135 jucunditatum,
2390 4058 2557 4110 amae-

473 4143 754 4220 nitatum,
814 4156 871 4209 et
934 4144 1333 4235 voluptatum,
1414 4158 1474 4210 et
1523 4150 1680 4235 quod
1738 4151 1788 4214 si
1847 4150 2309 4223 intromitteret,
2379 4144 2554 4209 talium

468 4242 812 4309 felicitatum
859 4262 1002 4312 aura
1050 4247 1592 4323 circumfunderei·,
1663 4258 1721 4311 et
1767 4249 1944 4334 pleno
1993 4261 2231 4338 pectore
2278 4246 2550 4313 haurirem

2649 4326 2657 4391 t
