2750 4775
444 407 548 457 19⁶
666 392 1135 449 UNIVERSA
1181 391 1719 447 THEOLOGIA
1773 393 1842 448 N.
1887 393 1949 445 C.
1994 392 2100 444 ET
2141 394 2209 446 N.
2250 394 2314 445 E.

437 549 625 616 verba
665 546 940 623 Domini,
990 545 1121 627 Qui
1158 544 1479 613 crediderit
1525 560 1582 612 et
1626 546 1973 642 baptizatus
1989 541 2230 636 fuerit,
2284 545 2545 614 salvabi-

440 665 560 728 tur,
616 663 682 717 at
706 651 814 744 qui
849 673 971 714 non
1001 647 1355 726 crediderit,
1410 646 1932 724 condemnabitur,
1986 650 2172 714 Marc.
2218 648 2394 714 XVI:
2444 654 2545 726 16,

437 752 553 817 hoc
575 752 635 815 in
661 750 842 817 Caelo
873 751 949 814 ab
979 750 1221 836 Angelis
1258 749 1635 838 intelligitur,
1686 749 1846 836 quod
1892 750 1990 837 qui
2032 751 2302 836 agnoscit
2343 750 2548 814 Domi·

435 875 577 918 num
632 864 692 917 et
743 859 1162 938 regeneratur,
1216 849 1314 914 ille
1358 849 1642 916 salvetur.
1742 849 1886 915 Inde
1931 872 2168 938 quoque
2211 861 2333 927 est,
2387 852 2543 937 quod

436 955 771 1044 Baptismus
796 954 873 1018 ab
902 953 1177 1018 Ecclesiis
1204 950 1549 1016 Christianis
1574 952 1632 1014 in
1664 960 1855 1027 terra,
1907 963 2153 1016 vocetur
2181 952 2547 1018 Lavaeauu

438 1074 1005 1126 manumortis:
1058 1053 1204 1118 sciat
1233 1054 1433 1139 itaque
1461 1052 1860 1128 Christianus,
1914 1054 2070 1139 quod
2111 1055 2210 1140 qui
2259 1076 2384 1118 non
2426 1075 2549 1118 cre·

440 1159 527 1224 di:
569 1158 629 1221 in
675 1156 1033 1232 Dominum,
1099 1174 1218 1217 non
1272 1153 1452 1239 possit
1503 1155 1878 1238 regenerari,
1930 1157 2163 1219 tametsi
2218 1156 2548 1243 baptizatus

441 1267 565 1335 est,
615 1265 676 1321 et
702 1257 860 1345 quod
891 1255 1211 1346 baptizatio
1239 1255 1463 1342 absque
1493 1254 1606 1318 fide
1638 1257 1697 1319 in
1729 1256 2082 1332 Dominum,
2136 1277 2380 1341 prorsus
2413 1257 2552 1321 nibil

439 1358 640 1434 faciat,
679 1358 953 1424 videatur
974 1380 1151 1444 supra
1179 1357 1240 1419 in
1267 1354 1384 1419 boc
1407 1355 1614 1443 Capite
1644 1354 1771 1420 Art.
1795 1355 1883 1421 11:
1913 1377 1982 1420 n:
2017 1361 2073 1421 4.
2112 1350 2320 1450 [678]
2373 1357 2549 1437 Quod

442 1460 778 1550 Baptismus
816 1459 1083 1524 involvat
1116 1456 1584 1547 purificationem
1610 1479 1645 1522 a
1676 1458 1873 1533 malis,
1925 1465 1983 1522 et
2021 1458 2107 1522 sie
2145 1461 2551 1544 regeneratioss

441 1583 608 1640 nem,
666 1561 1030 1627 notissimum
1082 1568 1270 1646 potest
1312 1579 1441 1623 esse
1488 1561 1647 1623 omui
1691 1558 2061 1634 Christiano,
2114 1581 2252 1622 nam
2302 1562 2448 1625 dum
2494 1570 2553 1626 ut

444 1660 649 1728 Infans
694 1663 1055 1750 baptizatur,
1117 1656 1392 1726 sacerdos
1430 1658 1716 1736 Crucem,
1784 1670 1852 1724 ut
1894 1661 2239 1725 memoriale
2287 1662 2551 1736 Domini,

444 1763 627 1852 digito
661 1764 853 1850 signat
883 1764 939 1825 in
972 1762 1165 1826 fronte
1193 1771 1251 1825 et
1277 1782 1453 1848 super
1479 1772 1751 1849 pectore,
1803 1772 1862 1827 et
1905 1771 2106 1850 postea
2147 1765 2454 1828 convertit
2494 1784 2553 1829 se

443 1865 518 1929 ad
546 1863 841 1953 patrinos,
890 1873 947 1928 et
977 1863 1247 1949 quaerit,
1296 1884 1435 1927 num
1465 1863 1700 1928 abdicet
1726 1862 2060 1940 diabolum,
2106 1873 2167 1926 et
2195 1865 2403 1928 omnia
2433 1865 2556 1950 ejus
2591 1877 2596 1882 '

443 1988 658 2052 opera:
711 1974 770 2029 et
801 1985 940 2027 num
971 1962 1144 2028 fidem
1170 1964 1450 2050 recipiat,
1503 1964 1578 2028 ad
1606 1985 1759 2052 quae
1789 1965 1920 2029 loco
1960 1963 2201 2031 infantis
2229 1967 2556 2054 responde-

444 2077 541 2132 tur
570 2088 604 2132 a
645 2064 921 2154 patrinis,
969 2064 1093 2128 imo
1130 2066 1339 2138 etiam;
1396 2064 1692 2131 abdicatio
1719 2065 1998 2143 Diaboli,
2045 2065 2160 2130 hoc
2191 2076 2314 2142 est,
2367 2067 2556 2132 malo·

444 2189 576 2234 rum
608 2187 762 2254 quae
787 2187 859 2229 ex
887 2163 1117 2229 inferno
1145 2175 1312 2242 suut,
1364 2174 1426 2229 et
1465 2164 1609 2231 fides
1644 2167 1702 2229 in
1743 2166 2065 2232 Dominum
2107 2168 2433 2256 perficiunt
2468 2190 2557 2234 re-
2687 2211 2688 2214 =

443 2268 905 2357 generationem.

440 2438 465 2451 ⁸
599 2372 746 2433 686.
829 2366 897 2431 ln
940 2364 1138 2433 Verbo
1182 2366 1428 2443 dicitur,
1483 2368 1642 2458 quod
1672 2368 1964 2436 Dominus
1991 2370 2155 2438 Deus
2184 2381 2396 2437 noster
2441 2374 2558 2440 Re·

444 2471 718 2556 demptor
745 2469 997 2558 baptizet
1024 2470 1231 2557 spiritu
1256 2477 1462 2534 sancto
1490 2480 1550 2535 et
1589 2471 1756 2558 igne,
1809 2471 1969 2560 quod
2015 2494 2120 2560 per
2147 2473 2208 2537 id
2249 2474 2555 2563 intelliga-

447 2580 577 2646 tur,
629 2569 786 2657 quod
829 2570 1121 2635 Dominus
1162 2579 1473 2658 regeneret
1509 2568 1808 2637 hominem
1856 2593 1961 2659 per
2001 2573 2285 2641 Divinum
2335 2576 2559 2640 Verum

447 2667 615 2746 fidei,
664 2678 724 2734 et
765 2692 871 2760 per
912 2670 1192 2736 Divinum
1221 2671 1456 2736 Bonum
1483 2673 1706 2737 amoris
1742 2690 1846 2738 seu
1889 2672 2222 2751 charitatis,
2275 2674 2559 2742 videatur

449 2791 625 2859 supra
652 2770 711 2835 in
740 2771 851 2836 boc
868 2770 996 2838 Art.
1026 2793 1093 2837 u:
1128 2776 1181 2837 1.
1208 2767 1417 2865 [684]
1472 2771 1564 2836 Illi
1595 2774 1695 2860 qui
1721 2774 2053 2861 regenerati
2078 2784 2213 2840 sunt
2242 2796 2354 2863 per
2368 2777 2559 2866 Spiri-

445 2881 571 2937 tum
605 2884 874 2939 sanctum
892 2923 907 2950 ‚
951 2873 1067 2938 boc
1093 2884 1213 2949 est,
1252 2894 1356 2960 per
1383 2873 1665 2939 Divinum
1693 2875 1913 2939 Verum
1942 2874 2107 2953 fidei,
2159 2877 2219 2940 in
2247 2877 2452 2943 Caelis
2478 2878 2564 2943 di-

443 2974 641 3039 stincti
668 2977 908 3041 suntab
941 2975 1050 3041 illis
1075 2975 1175 3062 qui
1204 2976 1535 3061 regenerati
1560 2986 1699 3041 sunt
1729 2998 1834 3066 per
1862 2976 2097 3063 Ignem,
2144 2977 2260 3042 boc
2288 2988 2413 3055 est,
2458 3000 2561 3068 per
2685 2988 2686 3033 l

447 3075 729 3142 Divinum
776 3077 1014 3144 Bonum
1056 3074 1307 3142 amoris:
1385 3075 1476 3139 Illi
1524 3078 1626 3163 qui
1671 3098 1788 3171 per·
1816 3077 2097 3142 Divinum
2133 3079 2371 3145 Verum
2422 3079 2559 3146 fidei

446 3170 779 3265 regenerati
818 3186 984 3257 sunt,
1035 3179 1097 3243 in
1135 3175 1317 3241 Caelo¹
1358 3177 1640 3242 incedunt
1683 3178 1747 3242 iu
1787 3179 2046 3245 vestibus
2085 3179 2235 3244 albis
2282 3181 2561 3272 byssinis,

449 3284 516 3343 et‘
537 3289 828 3345 vocantur
853 3277 1063 3367 Angeli
1089 3276 1451 3366 spirituales:
1507 3288 1568 3343 at
1596 3279 1696 3367 qui
1723 3281 2057 3367 regenerati
2087 3290 2224 3347 suut
2256 3301 2366 3369 per
2393 3281 2561 3347 Divi-

449 3403 588 3444 num
633 3380 865 3445 Bonum
915 3379 1162 3452 amoris,
1215 3378 1495 3443 incedunt
1538 3381 1597 3442 in
1641 3381 1901 3445 vestibus
1948 3381 2286 3470 purpureis,
2342 3391 2405 3446 et
2456 3405 2560 3449 vo·

446 3493 659 3547 cantur
683 3479 892 3569 Angeli
919 3481 1227 3549 caelestes:
1282 3480 1362 3543 illi
1393 3481 1490 3566 qui
1531 3478 1812 3546 incedunt
1850 3481 2034 3545 induti
2081 3482 2343 3548 vestibus
2367 3484 2556 3559 *albis,

442 3582 853 3668 intelliguntur
891 3598 993 3667 per
1029 3578 1140 3645 hos
1180 3577 1563 3672 „Sequuntur
1595 3579 1849 3671 Agrium
1874 3585 2085 3648 vestiti
2118 3582 2371 3672 Iyssino
2410 3584 2559 3651 albo

449 3696 508 3747 et
549 3678 805 3754 mundo,
857 3679 1039 3767 Apoc.
1081 3678 1257 3746 XIX:
1323 3685 1423 3745 14.
1516 3678 1939 3748 Ambulabunt
1980 3684 2222 3750 Mecum
2266 3687 2338 3749 in
2374 3684 2556 3762 albis,

450 3782 632 3869 Apoc.
666 3780 787 3844 III:
836 3783 892 3844 4.
929 3790 1053 3844 tum
1094 3780 1235 3867 Cap.
1267 3782 1419 3847 VII:
1471 3787 1570 3847 14.
1623 3781 1859 3875 Angelt'
1896 3788 1958 3849 in
1995 3783 2318 3876 sepulchro
2343 3786 2558 3853 Domi·

450 3885 517 3946 ni
540 3884 668 3946 visi
690 3883 756 3945 in
778 3882 1053 3968 vestibus
1082 3881 1241 3949 albis
1265 3898 1324 3948 et
1348 3881 1867 3977 splendentibus,“
1910 3885 2121 3951 Matth.
2154 3887 2461 3952 XXVIII:
2491 3892 2550 3952 8.

450 3983 591 4048 Luc.
622 3976 857 4049 XXIV:
902 3986 971 4057 4;
1024 3982 1262 4049 fuerunt
1290 3986 1366 4049 ab
1394 3984 1510 4048 hoc
1535 4006 1781 4072 genere:
1837 4007 1975 4050 nam
2016 3986 2336 4077 Byssinum
2377 3986 2557 4075 signi-

449 4082 586 4148 ficat
610 4083 860 4173 justitias
896 4097 1269 4161 sauctorum,
1320 4083 1504 4177 Apoc.
1537 4086 1712 4154 XIX:
1762 4091 1833 4164 8,
1888 4088 1987 4153 ubi
2025 4087 2139 4151 hoe
2177 4101 2385 4176 aperte
2413 4088 2555 4154 dici·

448 4196 576 4248 tur:
631 4186 789 4274 quod
816 4187 1023 4254 Vestes
1048 4188 1105 4251 in
1132 4188 1334 4250 Verbo
1361 4187 1690 4271 significent
1719 4210 1893 4264 vera,
1946 4210 2016 4252 ac
2046 4189 2260 4254 Vestes·
2294 4192 2469 4256 albae
2493 4198 2554 4252 et

450 4286 722 4374 byssinae
754 4287 970 4352 Divina
1017 4307 1191 4361 vera,
1228 4284 1517 4351 'videatur
1555 4284 1738 4376 Apoc.
1783 4288 1992 4355 Revel.
2040 4309 2108 4352 n:
2155 4294 2305 4367 379,
2352 4290 2452 4357 ubi
2491 4288 2550 4352 id
2681 4354 2682 4365 ¹
