2750 4775
655 344 812 401 vm.
892 344 1297 397 LIBERUM
1350 344 1883 399 ARBIRTHJM.
2269 357 2341 407 49

246 498 434 587 Ipsius
463 508 579 561 'ore
607 508 666 561 et
694 498 999 564 voluntate
1019 548 1034 573 ,
1091 489 1207 561 hoc
1235 497 1389 561 facio
1417 519 1489 564 ox
1513 519 1639 570 me;
1693 501 1822 586 quis
1849 501 2026 577 dicit,
2078 499 2179 587 qui
2203 499 2347 564 facit

247 621 318 663 ex
347 600 546 684 Rege,
597 598 751 662 illius
778 620 883 663 ore
910 607 969 662 et
999 601 1327 673 voluntate,
1379 598 1492 664 hoc
1531 597 1684 663 facio
1727 621 1794 663 ex
1839 622 1946 665 me.
2011 601 2141 666 Nos
2182 600 2347 665 vide-

246 722 381 764 mus
419 720 575 763 nunc
603 700 880 765 Divinam
921 699 1366 764 Providentiam
1389 750 1403 774 ,
1457 721 1566 763 cur
1602 721 1719 763 non
1758 702 1999 765 inventa
2042 700 2153 765 fuit
2178 700 2347 767 Fidei

248 813 308 866 et
353 803 641 864 bonorum
666 802 938 888 Operum
981 801 1349 886 conjunctio,
1404 821 1554 885 quae
1592 802 1669 863 ab
1700 801 2107 866 Ecclesiastica
2145 802 2343 867 Socie-

246 912 373 967 tate
405 903 603 988 agnita
634 912 751 976 θεῇς
808 924 923 963 non
958 903 1143 988 potuit
1175 901 1446 975 inveniri,
1497 902 1634 986 quia
1664 923 1780 964 non
1810 903 1998 990 potuit
2025 902 2183 978 dari,
2225 923 2346 967 non

247 1005 409 1067 enirn
437 1002 547 1067 fuit
576 1003 749 1066 Fides
775 1003 835 1065 in
863 1003 1214 1078 Dominum,
1269 1004 1368 1089 qui
1399 1013 1485 1067 est
1513 1003 1808 1076 Verbum,
1854 1011 1912 1065 et
1937 1004 2071 1070 inde
2101 1001 2211 1068 nec
2237 1003 2349 1069 fuit

247 1105 431 1172 Fides
466 1125 498 1165 e
538 1103 755 1168 Verbo.
828 1104 1197 1191 Sedreliqui
1238 1104 1624 1178 Sacerdotes,
1692 1105 1790 1191 qui
1832 1115 2000 1170 erant
2039 1126 2109 1169 ex
2150 1103 2349 1192 Grege

247 1205 584 1279 hircorum,
639 1204 916 1278 abibant,
969 1215 1028 1268 et
1069 1206 1383 1271 vibrabant
1431 1204 1612 1291 pileos
1654 1225 1819 1280 suos,
1889 1215 1948 1269 et
1990 1205 2348 1281 clamabant,

245 1308 393 1376 Sola
421 1306 625 1383 Fides,
671 1306 811 1370 Sola
841 1306 1014 1371 Fides
1034 1353 1050 1382 ,
1106 1308 1266 1370 vivet
1294 1327 1493 1392 usque.

410 1413 556 1472 δοῖ.
611 1408 925 1489 Qumruni
953 1408 1398 1473 Mssuoeamnr..
1452 1406 1632 1472 Eram
1659 1407 1720 1469 in
1749 1427 2022 1474 sermone
2062 1430 2195 1472 cum
2222 1407 2347 1473 An·

253 1511 421 1597 gelis,
471 1518 529 1572 et
556 1508 813 1596 denique
836 1509 908 1572 de
938 1508 1422 1596 Concupiscentia
1453 1509 1610 1582 mali,
1663 1508 1723 1570 in
1750 1529 1866 1595 qua
1895 1509 2144 1595 quisque
2170 1507 2347 1574 homo

250 1623 341 1678 est
370 1631 439 1675 ex
469 1611 794 1685 nativitate,
845 1610 986 1673 dixit
1017 1631 1165 1676 unus
1193 1609 1352 1696 quod
1379 1609 1439 1671 in
1468 1607 1703 1674 Mundo
1736 1611 1832 1674 nbi
1862 1619 1982 1686 est,
2026 1618 2353 1699 appareant

249 1715 336 1777 illi
377 1713 473 1798 qui
516 1711 579 1774 in
619 1712 1090 1797 concupiscentia
1124 1722 1288 1785 sunt,
1347 1711 1517 1774 nobis
1559 1710 1785 1796 angelis
1821 1711 1972 1775 sicut
2012 1709 2194 1789 fatui,
2244 1711 2349 1777 sed

251 1815 333 1879 illi
362 1814 468 1876 sibi
500 1811 636 1899 ipsis
667 1823 809 1875 tunc
847 1813 993 1876 sicut
1031 1833 1256 1878 summe
1295 1811 1620 1897 sapientes,
1672 1820 2037 1899 quapropter
2073 1819 2138 1877 ut
2165 1831 2239 1876 ex
2262 1810 2351 1877 fa—

251 1916 594 1979 tuitate-sua
623 1911 1040 1988 extrahantur,
1095 1934 1200 1997 per
1231 1914 1386 1976 vices
1426 1913 1799 1976 remittuntur
1826 1913 1885 1974 in
1913 1912 2106 1989 illam,
2160 1920 2219 1976 et
2245 1934 2353 2001 per

236 2019 415 2080 ‚vices
453 2017 511 2078 in
551 2013 870 2089 rationale,
925 2011 1082 2101 quod
1126 2013 1281 2098 apud
1327 2013 1459 2075 illos
1496 2013 1554 2074 in
1597 2014 1847 2077 externis
1885 2023 2007 2087 est,
2063 2013 2208 2078 etin
2235 2012 2350 2078 hoc

249 2128 410 2182 statu
456 2116 695 2189 vident,
747 2126 1072 2198 agnoscunt
1114 2121 1174 2176 et
1213 2110 1569 2177 confitentur
1596 2113 1877 2177 insaniam
1906 2136 2103 2188 snam,
2157 2124 2217 2179 at
2259 2135 2353 2180 us·

164 2285 175 2292 ,
257 2211 378 2303 que
421 2237 454 2277 e
497 2223 657 2278 statu
698 2214 964 2277 rationali
1004 2235 1111 2277 suo
1149 2213 1207 2274 in
1247 2221 1462 2278 statum
1506 2214 1773 2278 insanum
1802 2233 1970 2279 suum
1999 2215 2350 2304 discupiunt,

261 2326 320 2380 et
349 2337 584 2403 quoque
610 2336 674 2377 se
703 2314 761 2375 in
789 2314 945 2378 hunc
974 2313 1325 2389 immittunt,
1375 2313 1526 2380 sicut
1553 2335 1584 2377 a
1617 2324 1822 2378 coacto
1855 2328 1912 2378 et
1939 2316 2351 2402 injucundo.in
2397 2345 2402 2348 ·

262 2418 515 2493 liberum
557 2427 615 2478 et
645 2415 995 2500 jucundum;
1048 2415 1127 2478 ita
1157 2417 1619 2504 concupiscentia
1650 2417 1891 2482 interius
1919 2418 2175 2482 oblectat
2202 2418 2351 2496 illos»,

259 2530 322 2583 et
365 2504 481 2582 non
510 2515 911 2602 intelligentia.
979 2517 1129 2581 Sunt
1170 2526 1287 2581 tres
1313 2517 1562 2582 Amores
1602 2519 1993 2594 universaled,
2042 2539 2114 2582 ex
2140 2520 2354 2606 quibus

256 2643 293 2686 a
338 2617 652 2685 Creatione
697 2616 979 2682 conflatus
1025 2627 1112 2681 est
1158 2618 1346 2685 omnis
1388 2618 1598 2693 homo,
1670 2620 1856 2685 Amor
1903 2620 2183 2707 proximi,
2241 2622 2349 2707 qui

254 2724 435 2786 etiam
473 2729 561 2785 est
597 2717 783 2783 Amor
813 2717 1060 2784 faciendi
1090 2741 1259 2794 usus,
1309 2718 1404 2783 hic
1445 2742 1613 2784 arnor
1651 2730 1738 2784 est
1769 2720 2115 2807 spiritualis;
2167 2719 2354 2786 Amor

255 2822 506 2896 Mundi,
558 2820 659 2908 qui
698 2820 873 2885 etiam
911 2820 1196 2887 estamor
1220 2822 1548 2907 possidendi
1577 2841 1749 2909 opes,
1798 2822 1892 2884 hic
1921 2840 2089 2886 amor
2114 2832 2201 2889 est
2227 2842 2354 2888 ma·-

255 2923 509 2995 terialis;
581 2943 653 2985 ac
697 2920 882 2986 Amor
919 2923 1038 2997 sui,
1092 2921 1189 3009 qui
1236 2923 1416 2987 etiam
1458 2933 1542 3011 est
1589 2943 1758 2986 amor
1801 2923 2131 3009 imperandi
2177 2944 2355 3012 super

240 3026 445 3100 alios,
497 3033 554 3087 et
585 3021 677 3085 hic
716 3044 884 3085 amor
922 3031 1006 3087 est
1034 3044 1387 3109 corporeus:
1444 3023 1643 3086 Hoino
1670 3032 1764 3089 est.
1785 3045 1925 3087 vere
1952 3021 2166 3100 homo,
2211 3022 2350 3087 dum

254 3127 455 3193 Amor>
474 3123 755 3212 proximi,
806 3146 905 3186 seu
935 3145 1102 3195 arnor
1131 3123 1386 3187 faciendi
1421 3145 1587 3198 usus,
1642 3122 1781 3186 facit
1806 3124 2027 3211 Caput,
2079 3133 2138 3187 et
2167 3120 2357 3189 Amor

254 3226 469 3295 Mundi
510 3247 612 3289 seu
655 3246 823 3293 amor
850 3225 1190 3313 possidendi
1233 3246 1374 3311 opes
1416 3223 1555 3286 facit
1587 3225 1803 3288 Pectus
1834 3233 1890 3285 et
1917 3220 2231 3298 Ventrem,
2286 3246 2358 3287 ac

255 3327 450 3393 Amor
484 3327 573 3390 sui
616 3347 718 3390 seu
761 3347 930 3389 amor
969 3325 1480 3412 imperandi.facit
1507 3324 1696 3389 Pedes
1738 3336 1792 3387 et
1837 3323 2079 3389 Plantas
2116 3343 2358 3396 eorunm

256 3438 323 3493 at
349 3428 396 3492 si
427 3428 612 3491 Amor
640 3426 839 3490 mundi
868 3425 1007 3490 facit
1037 3426 1256 3515 Caput,
1300 3426 1486 3491 horno
1516 3444 1632 3489 non
1662 3434 1748 3488 est
1774 3424 1951 3489 honio
1980 3423 2153 3490 aliter
2177 3447 2356 3512 quam

255 3530 409 3594 sicut
437 3528 746 3614 gibbosus3
801 3537 861 3592 at
889 3520 937 3593 si
963 3525 1147 3591 Amor
1174 3525 1432 3591 suifaeit
1459 3526 1677 3614 Caput,
1737 3548 1853 3588 non
1888 3538 1972 3591 est
2003 3528 2152 3592 sicut
2177 3526 2357 3595 homo

256 3640 421 3695 stans
459 3650 636 3713 super
682 3630 960 3717 pedibus,
1024 3628 1316 3697 sedsicut
1358 3649 1533 3714 super
1578 3628 1784 3713 palmis
1842 3649 2120 3694 manuum
2166 3631 2357 3720 capite

257 3731 543 3795 deorsum
566 3740 623 3793 et
651 3729 919 3799 clunibus
944 3751 1193 3795 sursum.
1223 3744 1233 3753 ‘
1264 3729 1520 3810 Quando
1550 3726 1734 3792 Amor
1770 3722 2024 3794 faciendi
2052 3752 2190 3797 usus
2215 3730 2360 3801 facit

259 3832 485 3920 Caput,
539 3853 611 3894 ac
651 3830 855 3915 reliqui
896 3831 1013 3894 duo
1056 3851 1288 3894 amores
1315 3829 1544 3895 faciunt
1575 3830 1781 3893 ordine
1809 3852 2022 3920 corpus
2057 3842 2118 3895 et
2163 3833 2359 3918 pedes,

257 3943 505 4021 apparet
546 3932 640 4015 ille
678 3931 854 3996 homo
889 3933 950 3995 in
979 3931 1159 3998 Caelo
1201 3930 1350 3996 facie
1392 3928 1692 4018 angelica,
1745 3953 1877 3997 curn
1921 3931 2169 4019 pulchra
2193 3933 2360 3999 -iride

257 4035 481 4097 circum
522 4041 733 4123 caput;
787 4042 848 4097 at
872 4033 927 4098 si'
951 4042 1122 4114 amor
1149 4031 1356 4097 Mundi
1396 4053 1501 4097 seu
1523 4052 1706 4117 opum
1737 4030 1882 4097 facit
1899 4033 2127 4119 Caput,
2179 4055 2362 4122 appa·-

258 4144 349 4198 ret
376 4134 472 4197 iue
496 4157 534 4203 e
558 4132 738 4198 Caelo
771 4133 921 4198 facie
949 4132 1164 4222 pallida
1192 4133 1347 4198 sicut
1384 4130 1601 4196 mortui
1630 4150 1763 4194 eum
1804 4132 2025 4198 circulo
2052 4130 2215 4199 flavo·
2251 4133 2364 4195 eir·

261 4254 393 4299 eum
421 4230 642 4325 Casium
695 4234 744 4298 si
782 4255 922 4302 vero
962 4240 1129 4298 amor
1170 4234 1257 4298 sui
1294 4255 1399 4298 seu
1440 4232 1768 4318 imperandi
1813 4246 1989 4318 snper
2033 4230 2180 4293 alios
2220 4231 2363 4294 facit

1892 4329 1949 4390 D
