2750 4775
446 394 554 448 388
669 382 1118 438 Unlvssnsa
1178 382 1712 437 rflssohossta
1770 384 1837 436 Β.
1878 382 1945 437 C.
1987 382 2095 434 ΕΤ
2134 384 2205 441 Ν.
2246 385 2320 439 Ε.

535 537 906 604 dilaniabant
957 546 1016 601 et
1069 536 1447 607 mactabant:
1496 536 1599 602 sed
1641 539 1841 602 omnia
1880 537 1979 601 itta
2020 557 2177 625 qnae
2220 538 2349 602 visa
2395 548 2545 614 sunt,

533 640 779 704 inducta
823 648 996 704 erant
1025 661 1129 727 per
1157 638 1524 726 phantasiam
1578 638 1695 703 boc
1734 640 1861 703 viso
1900 640 2019 701 dixi
2059 639 2137 701 ad
2184 639 2543 714 Draconem,

540 750 671 831 post
711 751 946 827 tempus
975 741 1200 805 videbis
1225 738 1342 803 boc
1369 739 1665 804 theatrum
1694 761 1934 804 versum
1965 741 2027 803 in
2064 740 2361 825 Stagnum
2401 743 2542 828 ignis

537 854 599 908 et
650 840 960 929 sulphuris.
1066 840 1237 905 Ludo
1301 851 1575 928 peracto,
1646 843 1824 905 exivit
1880 843 2063 905 draco
2116 842 2376 928 stipatus
2436 842 2545 907 suis

533 945 756 1037 satyris
803 953 862 1006 et
917 942 1356 1015 meretricibus,
1426 953 1483 1003 et
1534 943 1678 1005 vidit
1730 960 1973 1028 gregem
2018 941 2254 1018 ovium,
2313 963 2391 1006 ex
2436 965 2541 1030 qno

537 1042 1017 1132 comprehendit,
1073 1043 1230 1130 quod
1259 1063 1379 1105 una
1410 1043 1570 1106 Urbs
1602 1065 1675 1106 ex
1703 1043 2268 1132 Hierosolymitanis
2302 1045 2370 1106 in
2414 1067 2541 1132 pro·

541 1148 762 1237 pinquo
789 1157 971 1221 esset,
1025 1165 1140 1231 qua
1187 1143 1310 1209 visa
1353 1144 1570 1209 invasit
1610 1144 1775 1207 iilum
1814 1145 2029 1232 cupido
2062 1145 2336 1229 capiendi
2367 1145 2541 1217 illam,

539 1268 612 1313 ac
639 1247 906 1333 ejiciendi
935 1245 1328 1320 habitatores,
1381 1245 1483 1308 sed
1510 1245 1649 1330 quia
1688 1246 1880 1309 cincta
1918 1254 2051 1309 erat
2090 1267 2303 1320 muro,
2358 1248 2543 1311 inten-

539 1349 626 1413 dit
653 1349 816 1414 illam
847 1368 1054 1435 capere
1085 1368 1187 1433 per
1223 1345 1457 1421 dolum,
1508 1356 1569 1408 et
1595 1356 1736 1410 tunc
1764 1348 1919 1411 misit
1950 1367 2132 1410 unum
2159 1366 2423 1433 gnarum
2462 1349 2541 1411 in·

542 1449 926 1524 cantationis,
978 1448 1078 1534 qui
1105 1447 1395 1510 immissus
1422 1466 1556 1510 cum
1584 1446 1844 1512 Urbanis
1882 1447 2092 1511 callide
2132 1446 2426 1533 loquutus
2460 1457 2541 1514 est

542 1552 614 1616 de
643 1550 789 1616 Fide
825 1561 883 1612 et
923 1547 1258 1622 Charitate,
1313 1547 1599 1635 imprimis
1641 1569 1797 1634 qnae
1839 1548 2072 1612 illarum
2115 1558 2204 1613 est
2246 1549 2540 1635 primaria,

540 1661 599 1716 et
628 1673 768 1715 num
794 1650 1066 1715 Charitas
1089 1648 1311 1735 aliquid
1339 1647 1607 1713 conserat
1647 1650 1722 1713 ad
1746 1650 2030 1721 salutum
2082 1649 2185 1714 sed
2212 1650 2408 1716 draco
2437 1654 2540 1716 ira·

541 1763 634 1818 tus
661 1773 735 1819 ex
777 1774 1060 1839 responso
1102 1750 1286 1814 exivit
1326 1750 1475 1813 urbe
1514 1758 1575 1814 et
1618 1751 2008 1837 congregavit
2050 1752 2275 1817 multos
2323 1772 2401 1816 ex
2440 1773 2533 1818 sua

543 1855 736 1927 turba,
782 1862 842 1917 et
869 1855 1062 1940 caepit
1087 1850 1358 1915 obsidere
1388 1850 1636 1925 Urbem,
1680 1862 1740 1915 at
1770 1873 1902 1915 cum
1933 1852 1993 1913 in
2024 1862 2246 1917 conatu
2279 1854 2536 1941 capiendi

542 1965 603 2020 et
643 1954 957 2018 invadendi
985 1952 1143 2016 illam
1173 1960 1333 2027 erat,
1385 1951 1538 2038 ignis
1575 1972 1609 2015 e
1654 1952 1835 2017 Caelo
1877 1953 2195 2018 consumsit
2238 1953 2412 2031 illos,
2462 1977 2538 2019 se·

544 2054 796 2121 cundum
827 2053 925 2116 illa
954 2074 1107 2139 quae
1136 2054 1192 2116 in
1222 2054 1609 2118 Crocum&
1646 2054 1788 2143 Cap.
1819 2054 1968 2120 XX:
2013 2059 2070 2118 8.
2106 2059 2188 2130 9.,
2238 2056 2534 2140 praedicta

541 2167 707 2232 sunt,
760 2178 829 2218 n:
871 2158 1020 2217 888.

445 2258 666 2325 XLIII.
720 2254 1036 2335 Quondam
1074 2255 1292 2322 Charta
1322 2255 1569 2320 demissa
1599 2264 1729 2319 erat
1757 2277 1788 2318 e
1816 2255 2028 2332 Caelo,
2072 2255 2132 2317 in
2161 2278 2281 2344 qua
2309 2255 2429 2320 fuit
2451 2277 2537 2320 ex·

541 2354 802 2423 hortatio
834 2367 894 2419 ut
926 2368 1315 2444 agnoscerent
1335 2357 1669 2422 Dominum
1695 2357 2069 2422 salvatorem
2100 2379 2206 2442 pro
2228 2357 2365 2422 Deo
2389 2357 2539 2424 Caeli

543 2469 602 2524 et
627 2458 888 2533 Terrae,
925 2460 1247 2524 secundum
1280 2458 1466 2546 Ipsius
1497 2459 1679 2522 verba
1707 2458 1918 2522 Mattb.
1949 2458 2251 2524 XXVIII:
2300 2463 2405 2524 18.
2447 2458 2536 2524 sed

545 2558 856 2625 consultati
886 2572 1022 2625 sunt
1050 2562 1184 2626 Duo
1215 2560 1521 2648 Episcopi,
1574 2559 1782 2645 quiibi
1810 2569 2020 2638 erant,
2071 2562 2209 2646 quid
2257 2560 2535 2635 facerent,

544 2662 644 2750 qui
674 2660 982 2738 dixerunt,
1033 2671 1100 2726 ut
1136 2660 1417 2726 Chartam
1464 2661 1941 2725 remitterentad
1971 2661 2213 2725 Caelum
2261 2661 2421 2725 unde
2449 2682 2537 2724 ve·

545 2763 660 2834 nit;
713 2764 872 2850 quod
928 2784 1063 2827 cum
1118 2763 1336 2827 {actum
1389 2772 1510 2839 est,
1585 2761 1851 2834 Societas
1908 2762 2007 2825 illa
2071 2762 2371 2840 subsedit,
2444 2761 2534 2830 sed

544 2885 665 2931 non
696 2863 1019 2951 profunde:
1075 2873 1201 2950 post
1230 2863 1384 2926 diem
1408 2862 1797 2930 ascenderunt
1824 2864 2005 2950 aliqui
2036 2862 2197 2936 inde,
2255 2874 2314 2926 et
2343 2884 2539 2927 narra-

544 2968 688 3031 bant
719 2968 950 3056 qualem
979 2976 1199 3031 sortem
1230 2964 1310 3029 ibi
1338 2963 1688 3027 subiverunt
1706 3010 1723 3039 ,
1774 2973 1897 3027 tum
1928 2963 2088 3051 quod
2132 2963 2210 3026 ibi
2253 2965 2539 3030 adiverint

455 3087 468 3100 ·
545 3068 866 3159 Episcopus
895 3078 953 3131 et
980 3068 1283 3153 arguerint
1309 3063 1437 3128 illos
1468 3075 1708 3153 propter
1733 3084 1966 3130 suasum
1997 3065 2267 3141 illorum,
2301 3075 2362 3127 et
2389 3063 2535 3152 quod

545 3170 714 3257 plura
743 3191 874 3233 cum
907 3168 1016 3232 illis
1041 3167 1270 3256 loquuti
1298 3166 1415 3230 sint
1450 3167 1525 3230 de
1562 3174 1718 3230 statu
1759 3166 2059 3231 Ecclesiae
2099 3165 2306 3242 bodie,
2364 3176 2423 3229 et
2457 3166 2537 3227 in-

545 3273 921 3359 crepaverint
943 3270 1292 3334 Doctrinam
1318 3266 1555 3331 illorum
1585 3266 1658 3330 de
1682 3263 2011 3341 Trinitate‚
2063 3266 2136 3330 de
2168 3265 2314 3331 Fide
2342 3264 2536 3354 justiti·

546 3381 747 3446 cante,
799 3372 871 3434 de
898 3370 1231 3447 Charitate,
1284 3378 1342 3431 et
1370 3368 1443 3432 de
1483 3368 1639 3441 aliis,
1693 3388 1844 3453 quae
1885 3382 1957 3431 ex
1994 3366 2369 3434 Ortbodoxia
2409 3366 2536 3455 Epi-

542 3475 855 3557 scoporum
896 3481 1086 3547 erant,
1139 3480 1198 3533 et
1243 3472 1587 3556 rogaverint
1634 3477 1697 3532 ut
1741 3469 1819 3534 ab
1864 3468 1976 3534 illis
2020 3468 2370 3534 desisterent
2408 3468 2532 3556 quia

543 3580 750 3633 contra
784 3570 1043 3634 Verbum
1068 3619 1083 3647 ,
1133 3571 1235 3634 sed
1264 3573 1586 3639 incassum-;
1640 3578 1698 3632 et
1742 3571 1880 3656 quia
1924 3570 2129 3636 Fidem
2160 3569 2399 3634 illorum
2440 3591 2534 3634 vo-

545 3679 832 3735 caverunt
862 3680 1190 3746 mortuam,
1245 3680 1304 3734 et
1343 3692 1580 3759 quoque
1608 3670 1960 3735 diabolicam
2003 3671 2323 3738 seeundum
2366 3673 2537 3736 Jaco-

436 3764 438 3767 ⁴
545 3771 681 3834 bum
713 3769 770 3833 in
804 3769 1062 3854 Epistola
1103 3792 1236 3845 sna,
1294 3794 1443 3837 unus
1483 3794 1554 3835 ex
1596 3771 1898 3859 Episcopis
1936 3772 2257 3860 desumpsit
2285 3771 2533 3837 Cidarim

543 3894 574 3935 e
618 3872 807 3957 capite
844 3893 982 3946 suo,
1037 3882 1092 3934 ct
1136 3873 1396 3959 reposuit
1436 3895 1612 3961 super
1653 3893 1849 3937 mensa
1876 3922 1891 3950 ,
1944 3873 2142 3936 dicens·
2181 3874 2343 3958 quod
2386 3872 2532 3935 illam

542 3993 658 4037 non
688 3982 1042 4048 resumeret,
1097 3982 1413 4060 antequam
1446 3975 1599 4037 ultus
1626 3971 1802 4037 suerit
1833 3974 2074 4038 dicteria
2118 3974 2190 4036 de
2230 3995 2337 4038 sua
2367 3971 2532 4044 Fide;

543 4095 747 4140 verum
777 4084 916 4138 tunc
944 4076 1217 4162 apparuit
1262 4085 1588 4138 monstrum
1633 4094 1701 4138 ex
1744 4074 1946 4138 inseris
1986 4075 2321 4140 ascendens
2357 4072 2539 4139 simile

539 4176 759 4240 bestiae
811 4173 1137 4262 descriptae
1183 4176 1240 4236 in
1288 4173 1679 4238 Aponiana
1724 4171 1864 4263 Cap.
1916 4174 2100 4241 XIII:
2158 4181 2210 4239 t.
2257 4180 2341 4253 ⁶2,
2382 4172 2534 4264 quod

539 4273 796 4340 Cidarim
829 4275 1145 4361 desumpsit
1173 4283 1230 4336 et
1257 4274 1621 4360 deportavit,
1677 4296 1748 4337 n:
1792 4279 1945 4339 389.
