2750 4775
392 456 425 505 6
632 438 1101 498 UNIVERSA
1143 435 1683 491 THEOLOGIA
1725 439 1791 494 N.
1835 439 1901 494 C.
1942 438 2052 489 ΕΤ
2092 437 2161 493 N.
2202 438 2267 491 E.

390 596 530 684 quia
560 594 776 660 similia
804 593 1085 656 dicuntur
1111 592 1187 654 de
1214 593 1408 681 Tyro,
1457 587 1726 656 Aschure
1755 600 1814 653 et
1840 591 2041 654 Zione.
2094 590 2214 656 Per
2241 589 2500 653 Hortum

388 695 758 783 significatur
799 692 1194 779 Intelligentia
1230 695 1409 756 etiam
1437 691 1577 756 alibi
1614 693 1673 755 in
1704 692 1934 768 Verbo,
1988 700 2052 754 ut
2084 691 2241 774 Esaj.
2270 690 2497 756 LVIII:

399 801 498 862 11.
544 796 687 883 Cap.
736 794 904 860 LXI:
957 798 1055 857 11.
1111 794 1235 857 Jer.
1285 791 1521 857 XXXI:
1574 797 1673 856 12.
1747 792 1940 856 Amos
1977 791 2093 856 IX:
2145 795 2244 856 14.
2316 790 2495 856 Num.

391 897 630 964 XXIV:
674 902 731 961 6.
813 896 930 958 Hic
985 893 1306 979 spiritualis
1346 894 1679 957 intellectus
1723 892 1902 957 Horti
1947 892 2106 955 ducit
2145 913 2383 956 causam
2427 914 2499 956 ex

391 996 1039 1086 repraesentationibus
1065 995 1124 1056 in
1153 996 1382 1059 Mundo
1409 993 1729 1082 spirituali,
1782 993 1865 1074 ibi
1894 993 2160 1059 Paradisi
2190 1004 2502 1079 apparent,

390 1099 494 1163 ubi
521 1096 733 1183 Angeli
762 1098 822 1159 in
851 1095 1250 1180 Intelligentia
1280 1104 1339 1158 et
1365 1095 1671 1180 Sapientia
1711 1106 1878 1167 sunt3
1933 1094 2057 1178 ipsa
2099 1092 2497 1179 Intelligentia

390 1207 451 1262 et
476 1198 781 1285 Sapienta,
834 1218 987 1284 quae
1018 1196 1129 1259 illis
1165 1202 1252 1259 est
1293 1216 1326 1257 a
1357 1196 1656 1270 Domino,
1709 1194 1857 1259 sistit
1885 1194 2025 1257 talia
2069 1195 2288 1257 circum
2332 1194 2496 1266 illos;

391 1308 450 1363 et
490 1298 606 1362 hoc
648 1298 713 1361 fit
756 1318 828 1362 ex
875 1295 1432 1382 correspondentia,
1501 1316 1639 1357 nani
1673 1295 1905 1369 omnia,
1973 1316 2127 1382 quae
2169 1295 2226 1357 in
2267 1295 2497 1360 Mundo

389 1399 677 1487 spirituali
718 1401 1008 1473 existunt,
1058 1405 1195 1460 sunt
1228 1395 1819 1482 Correspondentjae.

547 1503 695 1563 468.
750 1499 928 1580 Quod
956 1496 1156 1561 Arbor
1181 1495 1469 1582 significet
1498 1494 1829 1570 hominem,
1882 1504 2110 1559 constat
2137 1516 2209 1557 ex
2237 1494 2326 1560 his
2352 1497 2499 1560 locis

390 1599 451 1663 in
483 1600 719 1675 Verbo,
777 1600 1151 1686 Cognoscent
1189 1619 1398 1659 onmes
1425 1594 1701 1660 Arbores
1737 1598 1903 1684 agri,
1955 1594 2125 1687 quod
2146 1596 2285 1686 Ego
2307 1594 2496 1662 Jeho-

388 1698 520 1764 vale
547 1698 850 1764 humiliem
879 1695 1183 1762 Arborem
1210 1694 1419 1771 altam,
1462 1693 1727 1760 exaltem
1759 1694 2055 1760 Arborem
2089 1694 2388 1771 humilem,
2440 1711 2499 1761 et

389 1797 722 1889 arefaciam
761 1797 1062 1864 Arborem
1106 1795 1367 1862 viridem
1387 1844 1404 1871 ‚
1456 1810 1511 1859 et
1546 1800 1886 1886 germinare
1912 1795 2157 1882 faciam
2196 1795 2500 1863 Arborem

389 1900 664 1974 aridam,
718 1895 929 1961 Ezech.
973 1895 1180 1960 xvll:
1217 1901 1318 1960 24.
1385 1896 1616 1961 Beatus
1655 1902 1832 1984 cujus
1870 1900 1934 1961 in
1960 1899 2119 1988 Lege
2160 1896 2500 1990 beneplaci-

393 2014 547 2074 tum,
613 2002 726 2063 erit
762 2001 918 2061 sicut
954 1994 1170 2062 Arbor
1202 1996 1489 2089 plantata
1531 2001 1723 2086 juxta
1763 2003 1923 2062 rivos
1964 2023 2291 2091 aquarum,
2343 2021 2503 2088 quae

372 2097 658 2187 fructum
678 2097 848 2164 dabit
874 2101 938 2161 in
966 2112 1376 2190 temporesuO,
1402 2098 1618 2164 Psalm.
1652 2100 1708 2163 1:
1733 2092 1844 2191 [2]
1865 2102 1922 2161 3.
1951 2099 2173 2164 Jerem.
2200 2099 2403 2163 XVII:
2434 2103 2493 2161 8.

390 2196 675 2264 Laudate
711 2197 1004 2265 Jelzovam
1030 2195 1308 2265 Arbores
1328 2195 1620 2285 fruetus,
1673 2200 1870 2266 Psalm
1900 2199 2241 2265 CXLVlll:
2273 2205 2330 2264 9.
2382 2197 2498 2264 Sa-

392 2312 675 2364 turantur
696 2295 973 2366 Arbores
1000 2298 1289 2377 Jehovae,
1340 2301 1558 2366 Psalm.
1591 2300 1755 2365 CIV:
1794 2306 1893 2365 16.
1949 2297 2188 2366 Securis
2214 2300 2304 2365 ad
2311 2299 2500 2368 fadi-

391 2423 514 2465 cem
542 2397 808 2466 Arboris
826 2404 1021 2489 jacet,
1074 2405 1269 2466 omnis
1294 2402 1513 2466 Arbor
1537 2426 1659 2466 non
1675 2400 1933 2489 faciens
1948 2399 2231 2489 fluctum
2259 2402 2498 2476 bonum,

391 2497 840 2579 exscindetur(
873 2501 1085 2567 Matth.
1119 2501 1238 2564 Ill:
1275 2507 1372 2565 10.
1406 2503 1548 2587 Cap.
1581 2501 1722 2567 VII:
1764 2509 1840 2567 16
1875 2494 1950 2567 ad
1981 2507 2082 2566 ι21.
2138 2500 2272 2565 Aut
2293 2498 2503 2588 facite

390 2597 695 2667 Arborem
733 2603 955 2669 bonam
995 2616 1051 2665 et
1070 2597 1355 2689 fluctum
1397 2601 1647 2677 bonum,
1694 2616 1801 2667 aul
1816 2600 2024 2689 facite
2048 2602 2348 2668 Arborem
2382 2627 2499 2694 pu-

388 2715 568 2778 trem,
624 2697 708 2795 [et
742 2702 998 2791 frustum
1040 2702 1167 2788 ejus
1196 2710 1427 2787 putrem
1446 2696 1488 2793 ς]
1540 2726 1623 2766 ex
1643 2698 1868 2788 fluctu
1916 2707 2070 2768 enim
2117 2702 2503 2793 cognoscitur

388 2799 619 2880 Arbor,
662 2802 875 2868 Matth.
918 2802 1065 2866 XII:
1115 2806 1213 2865 33.
1259 2803 1401 2866 Luc,
1441 2802 1556 2868 Vl:
1602 2806 1701 2866 43.
1745 2805 1849 2867 44.
1904 2803 2237 2868 Ine-endam
2282 2807 2497 2893 ignem,

387 2904 498 2994 qui
527 2902 795 2968 comedet
837 2925 1069 2966 omnem
1114 2899 1415 2967 Arborem
1462 2901 1754 2978 viridem,
1818 2918 1876 2968 et
1920 2928 2152 2969 omnem
2196 2904 2497 2970 Arborem

388 3001 660 3081 aridam,
703 3002 929 3066 Ezechz
970 3002 1150 3068 XXIz
1197 3006 1253 3066 3.
1305 3003 1604 3081 Quoniam
1632 3002 1833 3068 Arbor
1857 3004 2149 3090 significat
2178 3004 2500 3081 hominem,
2539 3088 2544 3095 ἡ

386 3102 524 3168 ideo
567 3112 852 3168 statutum
891 3102 1032 3177 fuit,
1088 3103 1273 3187 Quod
1297 3100 1556 3191 fructus
1608 3105 1846 3170 arboris
1892 3109 2219 3170 inserviens
2262 3107 2399 3170 esui
2434 3109 2498 3169 in

395 3203 585 3269 Tetra
614 3203 905 3269 Canaane
920 3208 1440 3296 praeputiaretur,
1483 3204 1671 3270 Levit.
1701 3206 1879 3270 XIX:
1911 3211 2014 3271 23.
2046 3211 2149 3269 24.
2195 3205 2493 3288 Quoniam

391 3304 542 3368 Olea
585 3302 879 3391 significat
916 3304 1217 3368 hominem
1259 3305 1561 3370 Ecclesiae
1606 3306 1903 3382 caelestis,
1968 3307 2183 3369 dicitur
2228 3308 2301 3370 de
2339 3305 2500 3371 binis

398 3404 710 3482 Testibus,
761 3410 869 3497 qui
894 3403 1374 3499 prophetabant,
1432 3405 1618 3488 Quod
1651 3420 1850 3470 essent
1897 3405 2058 3471 duae
2102 3405 2291 3472 Oleae
2329 3420 2499 3471 stan-

390 3517 479 3567 tes
502 3508 691 3590 juxta
717 3505 1043 3571 Dominum
1069 3508 1252 3570 totius
1280 3520 1490 3582 terrae,
1530 3502 1712 3593 Apoc.
1743 3505 1865 3570 XI.
1901 3509 1959 3569 4.
2012 3506 2294 3571 Similiter
2321 3505 2492 3571 Sach.

391 3602 507 3668 le
550 3607 610 3666 3.
664 3607 766 3666 11.
802 3609 903 3667 12.
944 3616 1003 3668 et
1030 3606 1543 3691 apud‘Davidem‚
1596 3606 1736 3694 Ego
1771 3604 1927 3670 Olea
1961 3609 2170 3670 virens
2205 3611 2271 3671 in
2296 3607 2497 3672 Domo

389 3702 541 3777 Dei,
602 3702 821 3768 Psalm.
869 3704 1011 3768 Lllz
1057 3710 1159 3768 10.
1206 3715 1267 3768 et
1312 3707 1468 3791 apud
1508 3706 1866 3779 hermiam,
1940 3704 2152 3770 Oleum
2204 3711 2500 3772 virentem

381 3800 703 3895 pulchram
717 3800 944 3890 fructu
982 3810 1225 3870 vocavit
1249 3803 1531 3870 Jehovah
1570 3828 1785 3868 nomen
1823 3818 2019 3880 tuum,
2087 3807 2204 3868 xlx
2248 3811 2344 3869 16.
2393 3810 2494 3871 17.

385 3911 625 3990 praeter
666 3902 868 3992 plura,
922 3927 1077 3992 quae
1116 3905 1210 3969 hie
1251 3914 1493 3992 propter
1533 3904 1762 3990 copiam
1802 3924 1921 3968 non
1961 3903 2308 3977 afferuntur.

543 4005 689 4067 469.
745 4005 1011 4090 Quisque
1048 4004 1253 4079 hodie,
1309 4004 1410 4090 qui
1452 4004 1699 4071 interius
1735 4004 1923 4091 sapit,
1973 4013 2164 4093 potest
2195 4002 2502 4092 percipere

390 4113 493 4166 aut
551 4104 855 4180 divinare,
920 4105 1079 4191 quod
1145 4104 1280 4179 ina,
1348 4126 1504 4191 quae
1563 4104 1636 4168 de
1693 4101 1926 4170 Adamo
1981 4115 2042 4170 et
2108 4106 2233 4191 ejus
2296 4103 2500 4170 Uxoro

390 4203 611 4290 scripta
638 4214 796 4279 sunt,
846 4204 1159 4271 involvant
1182 4203 1512 4291 spiritualia
1533 4256 1548 4283 ‚
1603 4228 1756 4292 quae
1783 4226 1958 4272 nemo
1992 4207 2279 4272 hactenus
2307 4204 2499 4281 novit,

389 4304 530 4390 quia
566 4300 786 4372 'Sensus
827 4302 1146 4392 spiritualis
1185 4305 1368 4376 Verbi
1421 4328 1543 4375 non
1592 4307 1754 4397 prius
1797 4329 1978 4396 quam
2030 4330 2188 4376 nunc
2227 4307 2499 4374 detectus
