2750 4775
899 325 995 381 lx,
1076 324 1713 382 ΡΑΕΝΙΤΕΝἸἻῙΑ.
2292 338 2360 386 53

258 478 817 568 „aperiatursupra
848 479 975 567 plus
1003 488 1060 541 et
1091 477 1248 567 plus,
1304 488 1362 544 et
1389 479 1471 556 sic
1499 478 1764 544 elevetur
1790 478 1848 540 in
1878 480 2063 544 lucem
2086 528 2103 557 ,
2154 478 2212 544 in
2240 497 2361 569 qua

256 588 427 658 „sunt
456 579 670 665 Angeli
700 579 892 656 Caeli,
946 589 1002 642 et
1034 580 1160 644 Lux
1190 578 1285 643 illa
1328 579 1392 642 in
1428 602 1534 644 sua
1573 581 1821 645 essentia
1852 590 1936 644 est
1963 580 2228 659 Veritas,
2300 590 2362 646 et

254 681 352 758 „in
382 682 496 744 bac
525 681 685 744 Luce
714 683 936 767 agnitio
965 682 1205 745 Domini
1243 702 1349 766 pro
1379 681 1509 745 Deo
1537 680 1698 745 Caeli
1739 692 1795 743 et
1826 682 1881 745 T
1884 702 2051 747 errae
2091 681 2360 769 splendet

253 782 352 858 „in
396 795 506 847 su'a
538 783 783 869 Qgtoria.
837 782 973 846 Hoc
1019 781 1363 870 intelligitur
1410 802 1514 870 per
1556 781 1920 867 Scripturam
1967 804 2144 868 snper
2186 792 2356 870 porta

251 882 1047 970 ‚,Templi,Nunc1„101-:‘r,
1101 892 1425 970 etquoque
1461 904 1590 998 ρεξ·
1605 882 1768 968 quod
1793 882 2002 946 vetum
2031 882 2194 973 adyti
2220 895 2358 950 ante

248 983 640 1059 „·Che1ubum
686 984 988 1049 sublatum
1030 984 1133 1056 sit;
1201 983 1409 1052 Canon
1448 983 1601 1048 enim
1646 983 1863 1049 Novae
1913 982 2210 1058 Ecclesiae
2256 996 2359 1062 est,

248 1087 450 1173 „quod
496 1085 785 1151 falsitates
825 1085 1140 1150 occludam
1179 1085 1575 1157 intellectum,
1629 1093 1688 1146 et
1728 1084 1886 1170 quod
1919 1085 2197 1151 veritates
2224 1105 2362 1174 ape-

247 1188 449 1263 „riant
496 1181 682 1251 illum.
750 1188 892 1251 Post
934 1186 1080 1250 haec
1121 1186 1239 1251 vidi
1277 1187 1428 1250 sicut
1467 1185 1764 1252 Infantem
1805 1207 1980 1274 supra
2011 1196 2223 1274 caput,
2277 1196 2363 1250 te·

246 1307 438 1364 „nens
487 1290 547 1350 in
607 1311 784 1354 manu
836 1287 1150 1364 Chartam,
1221 1288 1318 1351 ille
1369 1288 1521 1352 sicut
1566 1288 1642 1350 ad
1699 1306 1791 1351 me
1846 1287 2359 1376 appropinquavit,

247 1389 589 1466 „succrevit
643 1392 702 1453 in
762 1398 1051 1454 staturam
1110 1388 1424 1454 mediocris
1474 1387 1761 1461 bominis,
1839 1397 1968 1454 erat
2020 1385 2279 1475 Angelus
2325 1411 2362 1453 e

247 1489 477 1568 „Caelo
508 1494 712 1568 tertio,
767 1491 865 1554 ubi
909 1512 1113 1557 ornnes
1163 1513 1196 1555 e
1248 1490 1574 1576 longinquo
1627 1499 1916 1575 apparent
1962 1489 2115 1553 sicut
2159 1487 2360 1553 Infan-
2441 1514 2448 1522 ·

244 1601 411 1668 „tes,;
482 1592 621 1656 dum
660 1593 818 1684 apud
861 1614 953 1656 me
990 1603 1161 1667 erat,
1220 1591 1481 1678 porrexit
1525 1590 1666 1654 mibi
1713 1587 2032 1666 Chartam,
2078 1589 2180 1656 sed
2220 1591 2359 1677 quia

244 1692 482 1769 „literis
527 1694 897 1768 circinnatis,
959 1696 1233 1779 qualibus
1274 1693 1333 1756 in
1368 1692 1470 1757 illo
1513 1692 1728 1766 Caelo,
1790 1693 2009 1779 scripta
2053 1701 2211 1766 erat,
2265 1712 2362 1755 re-

249 1794 491 1870 „stitui,
562 1805 619 1860 et
665 1794 837 1882 petii,
893 1805 954 1858 ut
996 1795 1102 1883 ipsi
1159 1804 1572 1883 expromerent
1620 1814 1855 1858 sensum
1905 1790 2225 1870 verborum
2275 1792 2359 1858 ibi

247 1895 543 1970 „vocibus
586 1894 932 1980 adaequatis
985 1895 1131 1960 ideis
1169 1895 1543 1981 cogitationis
1582 1916 1778 1971 meae,
1842 1903 1900 1958 et
1946 1893 2180 1969 retulit,
2243 1892 2360 1959 hoc

248 1995 377 2071 „ibi
437 1981 717 2082 scriptum
778 2005 903 2072 est,
992 1994 1269 2060 lxmam
1333 2015 1611 2060 ros'rfflc
1669 2013 2104 2066 mmmmm
2157 1994 2357 2062 Vnum

253 2112 624 2169 „naevi-:uus
674 2115 970 2172 oenum,
1045 2116 1192 2160 nan
1242 2115 1556 2160 smoumn
1600 2094 1949 2160 Vssm'rnns
1999 2116 2147 2160 mus
2196 2115 2360 2161 sum·

252 2213 577 2269 „Toum-:M
622 2215 889 2260 specum
930 2195 1196 2262 Domni.

820 2446 827 2453 ’
947 2454 1683 2557 cAruT'NONUM

681 2740 686 2747 ι
1252 2656 1370 2712 DE'

735 2813 1867 2915 PAENITENTIA.

407 3009 556 3069 509.
612 3004 756 3069 Post
785 3004 1213 3072 transactiones
1240 3007 1312 3073 de
1341 3006 1509 3082 Fide,
1560 2980 1895 3081 Charitate,
1948 3017 2009 3073 et
2034 3008 2110 3073 de
2134 3008 2354 3075 Libero

244 3105 549 3180 Arbitrio,
596 3106 858 3169 innexu
897 3106 1162 3192 sequitur
1204 3107 1275 3169 de
1316 3109 1723 3182 Paenitentia,
1779 3108 2058 3194 quoniam
2089 3131 2230 3174 vera
2258 3110 2358 3174 Fi-

242 3211 350 3274 des
377 3219 437 3272 et
469 3208 722 3292 genuina
753 3207 984 3272 Caritas
1009 3209 1231 3293 absque
1259 3208 1633 3291 Paenitentia
1666 3231 1780 3272 nen
1813 3208 2045 3280 *dabiles
2082 3220 2251 3285 sunt,
2297 3218 2357 3275 el

132 3342 143 3359 ·
243 3311 685 3398 paenitentiam
702 3328 877 3393 agere
906 3308 1127 3395 absque
1157 3310 1378 3376 Libero
1409 3310 1688 3402 arbritrio
1720 3330 1892 3372 nemo
1921 3318 2143 3394 potest:
2197 3310 2358 3395 quod

241 3410 337 3475 hic
372 3409 446 3473 de
482 3409 853 3482 Paenitentia
880 3420 1127 3496 agatur,
1179 3422 1264 3476 est
1294 3432 1535 3496 quoque
1565 3424 1774 3487 causa,
1827 3409 1963 3495 quia
1990 3409 2256 3499 sequitur
2284 3412 2358 3477 de

243 3511 785 3598 Regeneratione,
839 3521 897 3574 et
953 3532 1127 3585 nemo
1174 3521 1364 3596 potest
1410 3511 1781 3598 regenerari,
1831 3510 2169 3599 priusquam
2220 3532 2355 3600 gra·

235 3614 419 3678 'viora
470 3611 654 3687 mala,
708 3632 862 3697 quae
905 3609 1202 3677 bominem
1250 3634 1450 3676 coram
1490 3615 1620 3678 Deo
1664 3612 2069 3681 detestabilem
2103 3613 2354 3694 faciunt,

247 3721 481 3778 remota
520 3721 689 3788 sunt,
744 3722 801 3774 et
843 3713 990 3777 baec
1033 3735 1137 3801 per
1164 3715 1595 3781 Paenitentiam
1630 3726 2039 3797 removentun
2094 3716 2232 3803 quid
2273 3717 2353 3781 ir-

247 3814 550 3902 regenitus
587 3813 694 3881 nisi
737 3812 1154 3901 impaenitens,
1210 3825 1268 3878 et
1308 3814 1447 3905 quid
1489 3817 1873 3904 impaenitens
1915 3818 2213 3883 nisisicut
2250 3817 2352 3904 qui

245 3915 303 3980 in
346 3915 641 4002 lethargia
673 3922 791 3991 est,
845 3926 900 3979 et
926 3916 1036 3981 scit
1063 3915 1308 3993 nibilde
1336 3928 1615 4004 peccato,
1667 3926 1726 3982 et
1753 3918 1886 3982 ideo
1915 3914 2079 3987 fovet
2108 3917 2250 3982 illud
2290 3918 2352 3980 in

245 4015 377 4081 sinn
413 4038 559 4092 suo,
608 4025 667 4080 et
708 4014 851 4080 illud
892 4016 1155 4104 quotidie
1197 4018 1497 4093 osculatur
1533 4019 1683 4083 sicut
1724 4019 1954 4085 adulter
1993 4027 2252 4084 scortum
2288 4017 2351 4079 in

245 4116 397 4182 lecto
446 4139 572 4183 suo.
647 4116 763 4181 Sed
818 4128 899 4182 ut
926 4119 1146 4182 sciatur
1178 4118 1337 4207 quid
1384 4118 1793 4194 Paenitentia,
1862 4127 1922 4183 et
1967 4116 2105 4206 quid
2156 4114 2349 4186 efficit,

250 4218 571 4286 transactio
610 4219 680 4283 de
719 4218 820 4284 illa
863 4203 1255 4307 dispertienda
1299 4228 1385 4286 est
1422 4220 1481 4285 in
1523 4215 1832 4287 Articutos
