2750 4775
453 354 561 404 216
678 340 1135 395 UNIVERSA
1180 340 1720 394 THEOLOGM
1765 340 1833 397 N.
1877 339 1942 395 C.
1985 339 2088 392 ΕΤ
2133 340 2201 394 Ν.
2247 339 2305 389 Ε.

452 495 747 569 animam,
793 494 896 560 sed
926 498 1161 558 animae
1188 495 1247 558 in
1276 515 1527 580 corpus,
1580 516 1758 582 quem
1799 515 1909 560 nos
1951 516 2236 560 vocamus
2267 492 2534 558 luiturum

453 596 916 670 occasionalem,
970 605 1028 659 et
1062 617 1299 682 quoque
1335 596 1717 682 spiritualem.
1800 598 1916 661 His
1951 598 2200 673 auditis,
2256 605 2373 659 tres
2408 596 2538 669 Viri,

455 698 557 786 qui
585 707 715 786 post
742 696 963 762 triades
992 697 1221 782 priores
1245 706 1568 772 steterunt,
1593 700 1718 782 *qui
1745 707 1918 764 erant
1943 698 2212 763 fautores
2238 696 2539 771 Leihnitzii,

454 799 789 864 extulerunt
816 819 1022 862 vocem
1042 849 1056 870 ‚
1112 797 1404 873 dicentes,
1455 798 1790 865 audivimus
1819 808 2171 886 argumenta
2202 797 2282 866 ab
2308 809 2538 883 utraque

451 909 650 988 parte,
688 909 763 964 ·et
790 898 1146 963 contulimus
1174 898 1272 963 illa
1289 944 1307 974 ,
1357 907 1417 963 et
1445 901 1845 986 percepimus,
1883 901 2044 988 quod
2069 900 2136 963 in
2164 899 2365 964 multis
2390 919 2538 984 prae·

450 1000 691 1067 valeant
717 1001 866 1066 haec
894 999 1037 1075 illis,
1090 1008 1148 1062 et
1176 1000 1233 1062 in
1260 1000 1459 1064 multis
1481 999 1586 1065 ‘his
1627 1001 1758 1075 illa,
1810 1023 2032 1087 quare,
2081 1001 2129 1065 si
2176 1000 2348 1075 licet,
2399 1022 2538 1063 com·

452 1123 738 1191 ponemus
791 1102 949 1174 lites;
1023 1110 1081 1164 et
1135 1100 1211 1164 ad
1264 1102 1795 1186 interrogationem
1847 1102 2190 1188 quomodo,
2255 1103 2537 1171 dixerunt,

453 1201 730 1269 Non'est
767 1203 978 1286 aliquis
1018 1201 1280 1267 Influxus
1319 1202 1570 1266 Animae
1613 1204 1673 1267 in
1715 1204 1977 1289 Corpus,
2030 1225 2144 1267 nec
2184 1201 2459 1290 Corporis
2492 1202 2542 1262 in

456 1304 766 1378 Animam,
815 1304 918 1367 sed
963 1312 1049 1367 est
1096 1304 1378 1370 unanima
1426 1313 1484 1367 et
1525 1304 1897 1369 instantenea
1939 1306 2230 1390 operatio=
2260 1304 2539 1388 utriusque

454 1405 661 1484 deul,
686 1426 893 1491 ‚quam
936 1404 1183 1469 celebris
1218 1405 1449 1469 Auctor
1494 1403 1743 1492 pulchro
1788 1408 2027 1471 nomine
2065 1405 2406 1491 insignivit,
2455 1424 2541 1465 vo·

452 1506 643 1571 cando
674 1505 1065 1570 Harmoniam
1098 1506 1580 1594 praestabilitate.
1663 1507 1775 1572 His
1804 1507 2084 1594 peractis,
2141 1529 2348 1571 rursus
2385 1525 2539 1592 appa·

450 1610 571 1672 ruit
597 1608 850 1695 Spiritus
881 1630 1011 1677 cum
1044 1608 1237 1671 facula
1272 1609 1331 1668 in
1358 1628 1572 1683 manu,
1627 1610 1734 1674 sed
1773 1630 1931 1672 nunc
1955 1608 2229 1684 sinistra,
2279 1619 2342 1671 et
2370 1607 2541 1669 vibra-

452 1710 537 1773 vit
562 1710 723 1774 illam
754 1709 826 1772 ad
855 1710 1127 1797 occipitia
1152 1708 1423 1785 illorum,
1475 1709 1618 1773 iude
1652 1709 1935 1774 confusae
1978 1708 2176 1773 factae
2219 1718 2360 1774 sunt
2393 1708 2537 1771 ideae

458 1811 722 1875 omniurn
740 1858 756 1887 ,
809 1819 869 1873 et
896 1811 1381 1885 conclamabant,
1433 1832 1553 1874 non
1579 1812 1689 1875 scit
1716 1810 1913 1894 anima
1942 1820 2141 1875 nostra
2161 1832 2292 1873 -nec
2335 1828 2539 1893 corpus,

451 1912 513 1973 in
563 1933 738 2000 quam
787 1920 1012 1999 partem
1059 1920 1456 1988 transeamus,
1508 1932 1694 1998 quare
1737 1912 2080 1976 dirimamus
2125 1911 2238 1975 has
2281 1913 2408 1976 lites
2451 1928 2537 1994 per

450 2012 716 2090 Sortem,
772 2021 830 2075 et
870 2010 1062 2087 Sorti,
1117 2033 1268 2098 quae
1309 2012 1562 2100 primum
1615 2014 1763 2088 exit,
1814 2013 2179 2086 savehimus;
2238 2024 2299 2075 et
2342 2031 2538 2076 sumse-

452 2122 593 2176 runt
648 2124 767 2178 tres
817 2111 1156 2189 schedulas,
1208 2122 1268 2176 et
1320 2114 1421 2176 uni
1465 2112 1710 2186 ¹illarum
1764 2114 2182 2199 inscripserunt
2240 2113 2538 2179 lunuxus

454 2213 800 2288 anslcus,
854 2213 1025 2276 alteri
1056 2214 1376 2279 lunuxns
1405 2234 1818 2298 smmrmnw,
1871 2226 1931 2278 et
1959 2216 2169 2279 tertiae
2201 2215 2539 2280 Haemona

451 2315 981 2391 Pau-,sumum
1034 2324 1093 2378 et
1121 2316 1407 2379 miserunt
1432 2325 1551 2380 tres
1576 2316 1705 2381 illas
1731 2316 1791 2377 in
1820 2337 2030 2380 cavum
2061 2313 2238 2405 pilei,
2282 2326 2343 2380 et
2369 2316 2537 2398 elege-

449 2424 592 2481 runt
618 2437 800 2479 unum
831 2416 929 2500 qui
957 2426 1361 2503 expromeret,
1415 2427 1474 2481 et
1501 2416 1610 2480 hie
1648 2419 1904 2483 immissa
1943 2439 2124 2482 mauu
2167 2414 2538 2506 apprehendit

452 2513 650 2590 illam,
700 2536 876 2602 super
918 2540 1033 2602 qua
1072 2520 1357 2606 scriptum
1398 2516 1538 2596 fuit,
1595 2518 1912 2584 Inruimus
1951 2519 2382 2584 swan-mus:
2439 2535 2536 2601 qua

454 2616 580 2679 visa
611 2624 670 2681 et
699 2615 878 2693 lecta,
930 2620 1204 2683 dixerunt
1234 2638 1469 2694 omnes,
1523 2619 1758 2706 quidam
1801 2630 1999 2687 tamen
2037 2620 2201 2684 claro
2241 2629 2306 2682 et
2343 2619 2538 2681 fluente

452 2737 632 2792 sono,
688 2718 924 2804 quidam
964 2722 1219 2784 obscuro
1262 2728 1320 2783 et
1359 2720 1647 2796 intractu,
1698 2720 2002 2786 faveamus
2042 2719 2210 2797 huic,
2268 2722 2405 2808 quia
2435 2717 2537 2806 pri-

456 2839 616 2881 mum
646 2820 841 2883 exivit.
910 2824 1000 2885 ‘At
1029 2821 1223 2886 subito
1251 2830 1393 2884 tunc
1417 2821 1638 2887 adstitit
1663 2822 1959 2908 Angelus,
2014 2833 2073 2885 et
2101 2823 2278 2897 dixit,
2334 2843 2406 2885 ne
2432 2840 2537 2883 cre·

453 2919 645 2995 datis,
692 2923 848 3009 quod
883 2922 1164 2986 Chartula
1207 2938 1314 3008 pro
1356 2912 1640 2987 lmuxu
1666 2920 2030 2988 Summam
2061 2924 2317 2987 exiverit
2353 2920 2538 2986 fortui-

453 3029 549 3096 to,
598 3023 700 3089 sed
729 3044 800 3086 ex
831 3026 1098 3110 proviso:
1152 3045 1260 3086 vos
1288 3022 1477 3098 enim,
1515 3025 1656 3110 ¹quia
1683 3024 1747 3086 in
1775 3023 2033 3088 confusis
2059 3025 2203 3088 ideis
2231 3027 2391 3099 estis,
2435 3039 2535 3084 non

451 3121 661 3187 videtis
701 3126 1012 3189 veritatem
1042 3126 1200 3209 ejus,
1253 3124 1352 3188 sed
1394 3124 1517 3212 ipsa
1555 3125 1771 3190 veritas
1812 3127 2027 3209 obtulit
2065 3148 2128 3190 se
2171 3125 2332 3189 illam
2360 3120 2535 3190 manui

450 3233 517 3287 ut
559 3226 611 3287 ei
651 3224 915 3291 faveatis.

584 3328 729 3388 697.
758 3326 1031 3391 SEx'ruM
1051 3325 1491 3391 MemonAsslm.
1533 3325 1850 3405 Quondam
1877 3349 1996 3391 non
2016 3329 2223 3413 procul
2241 3349 2285 3390 a
2313 3348 2406 3391 me
2435 3320 2536 3387 vidi

450 3425 796 3499 Meteor·on;
853 3427 970 3491 vidi
997 3426 1230 3499 Nuhem
1261 3428 1506 3491 divisam
1536 3431 1594 3491 in
1627 3429 1979 3504 nubeculas,
2031 3450 2284 3514 quarum
2326 3429 2534 3511 aliquae

451 3529 792 3602 caeruleae,
845 3536 903 3599 et
935 3528 1165 3613 aliquae
1201 3550 1455 3613 opacae;
1505 3537 1564 3592 et
1600 3528 1717 3592 vidi
1745 3531 1873 3595 illas
1902 3532 2054 3593 inter
2080 3552 2144 3594 se
2183 3530 2353 3615 quasi
2375 3516 2534 3590 ‘colli-

451 3623 688 3701 dentes;
744 3628 1180 3707 radiistriatim
1218 3629 1681 3697 transmicabant
1723 3631 1881 3706 illas,
1934 3631 2031 3717 qui
2072 3652 2228 3697 nunc
2273 3629 2379 3695 visi
2415 3631 2533 3691 sunt

449 3727 608 3791 acuti
650 3728 799 3793 sicut
844 3752 1189 3807 mucrones,
1245 3750 1400 3795 nunc
1446 3730 1638 3794 obtusi
1682 3732 1831 3795 sicut
1884 3753 2056 3795 enses
2101 3731 2305 3804 fracti3
2363 3726 2532 3793 striae

447 3827 585 3893 illae
638 3851 794 3892 nunc
845 3832 1240 3896 excurrebant
1294 3831 1565 3907 obviam,
1630 3854 1787 3895 nunc
1833 3831 2215 3897 retrahebant
2257 3855 2322 3896 se
2369 3832 2423 3890 in
2461 3846 2530 3898 se,

449 3929 622 4017 plane
662 3929 810 3994 sicut
849 3932 1106 4020 pugiles3
1160 3934 1240 3995 ita
1282 3932 1727 3997 diversicolores
1765 3932 1898 3997 illae
1938 3929 2266 4001 nubeculae
2304 3946 2531 4019 appare·

449 4030 599 4113 hant¹
638 4034 805 4119 quasi
851 4036 1006 4099 inter
1047 4055 1110 4099 se
1154 4033 1560 4108 dimicarent,.
1598 4032 1699 4099 sed
1738 4033 2045 4099 ludebant.
2130 4034 2206 4097 Et
2251 4035 2389 4120 quia
2431 4027 2528 4092 hoc

448 4131 767 4198 Meteoron
805 4157 924 4200 non
965 4134 1175 4223 procul
1208 4156 1242 4197 a
1275 4154 1366 4215 me
1410 4132 1598 4198 visum
1640 4148 1762 4210 est,
1811 4135 2016 4200 sustuli
2057 4119 2295 4211 oculos,
2349 4130 2530 4203 acin-
2613 4189 2618 4199 .

377 4256 381 4263 ·
451 4233 611 4297 tendi
655 4226 869 4316 aciem,
939 4246 996 4301 et
1045 4235 1163 4321 vidi
1210 4254 1455 4318 pueros,
1527 4235 1768 4319 juvenes
1817 4245 1879 4302 et
1930 4258 2102 4303 senes
2150 4236 2431 4301 intrantes
2477 4230 2528 4291 in
