2750 4775
399 382 468 429 «ιο
625 351 1086 421 UN1VERSA
1134 363 1664 417 ΤιιΕοΒοθιΑ
1723 363 1790 415 N.
1836 365 1897 415 Β.
1940 364 2047 415 ET
2091 364 2158 420 N.
2209 365 2267 414 Β.

395 543 517 584 non
570 518 817 606 religio,
891 518 1030 605 quid
1085 529 1225 580 tunc
1276 517 1517 581 Caelum
1576 526 1633 578 et
1685 516 2032 592 Infernum,
2104 518 2210 580 nisi
2270 517 2509 580 fabulae

396 621 798 686 ministrorum
840 629 898 681 et
937 619 1268 706 praesulum
1303 618 1602 682 Ecclesiae
1627 619 1700 681 ad
1734 621 2089 704 captandum
2133 617 2395 706 plebem,
2450 628 2510 681 et

397 721 472 786 ad
512 743 574 787 se
614 720 965 784 elevandum
1010 719 1083 782 ad
1128 718 1387 782 honores
1430 719 1793 804 superiores:
1845 720 1979 781 inde
2030 731 2111 783 est
2160 719 2509 782 detestabile

397 822 542 892 illud
583 821 954 885 enuntiatum
996 819 1114 883 oris
1154 820 1310 905 apud
1353 819 1577 906 plures,
1638 820 1766 906 quis
1810 828 1997 905 potest
2047 822 2262 882 bonurn
2309 819 2509 884 facere

397 944 431 988 a
472 946 566 1000 se,
619 932 676 986 et
719 923 849 1010 quis
893 930 1081 1006 potest
1125 919 1297 982 fidem
1343 930 1582 1006 captare
1617 941 1646 982 a
1677 942 1771 996 se,
1827 931 1882 981 et
1915 923 2048 984 inde
2077 921 2354 984 omittunt
2387 921 2509 995 illa,

397 1033 457 1089 et
495 1025 778 1114 paganice
822 1015 1047 1085 vivunt.

553 1121 632 1189 At
662 1124 740 1187 mi
770 1126 987 1199 amice,
1042 1123 1179 1208 fuge
1219 1121 1469 1195 malum,
1512 1130 1567 1183 et
1597 1120 1690 1184 fac
1722 1122 1962 1197 bonurn,
2004 1131 2063 1184 et
2090 1121 2263 1185 crede
2293 1122 2353 1183 in
2385 1121 2515 1186 Do-

400 1227 622 1290 minum
666 1246 736 1288 ex
776 1234 900 1288 toto
947 1225 1126 1287 corde
1168 1235 1301 1297 tuo,
1352 1231 1408 1284 et
1453 1224 1510 1285 in
1554 1231 1678 1284 tota
1714 1224 2074 1297 animatum,
2134 1232 2191 1285 et
2220 1223 2520 1287 Dominus

403 1326 630 1391 amabit
658 1336 736 1401 te,
789 1337 847 1389 et
869 1326 1030 1389 dabit
1061 1344 1325 1387 amorem
1358 1324 1431 1385 ad
1461 1321 1827 1396 faciendum,
1877 1333 1932 1386 et
1965 1322 2136 1386 fidem
2167 1325 2239 1386 ad
2271 1325 2522 1387 treden-

403 1428 578 1502 dum,
632 1435 690 1490 et
722 1437 865 1488 tunc
891 1448 961 1489 ex
989 1445 1193 1489 amore
1227 1423 1408 1486 facies
1435 1423 1654 1488 bonurn
1675 1471 1691 1499 ,
1744 1435 1802 1487 et
1831 1446 1901 1487 ex
1931 1422 2076 1496 fide,
2130 1446 2280 1510 quae
2310 1435 2396 1488 est
2443 1423 2518 1487 fi-

400 1529 604 1604 ducia,
663 1528 898 1602 credes,
955 1535 1011 1587 et
1055 1526 1101 1588 si
1146 1546 1492 1612 perseveras
1532 1524 1646 1598 ita,
1688 1523 1788 1587 fiet
1819 1524 2157 1609 conjunctio
2188 1526 2518 1613 reciproca,

399 1638 458 1692 et
484 1629 634 1693 haec
663 1635 946 1717 perpetua
969 1674 983 1703 ,
1041 1647 1193 1712 quae
1223 1634 1308 1687 est
1345 1626 1466 1711 ipsa
1497 1625 1653 1687 salus
1680 1634 1738 1688 et
1767 1626 1887 1690 vita
1922 1635 2182 1688 aeterna.
2238 1624 2300 1689 Si
2328 1626 2514 1690 borno

399 1750 469 1793 ex
512 1730 664 1792 datis
709 1729 931 1792 viribus
970 1748 1086 1788 non
1131 1724 1353 1787 faceret
1387 1727 1644 1800 bonum,
1696 1736 1753 1789 et
1781 1748 1848 1788 ex
1875 1748 1978 1790 sua
2012 1735 2207 1788 mente
2240 1728 2516 1790 erederet

398 1830 459 1892 in
502 1829 861 1902 Dominum,
924 1826 1059 1913 quid
1103 1825 1256 1889 soret
1298 1825 1626 1889 horno‘nisi
1668 1827 1922 1890 solitudo
1968 1837 2023 1889 et
2066 1828 2393 1901 desertum,
2450 1838 2515 1890 et

396 1951 642 2017 prorsus
669 1929 818 1991 sicut
849 1937 1006 1990 terra
1035 1929 1217 1997 sice-a.
1277 1948 1428 2013 quae
1460 1927 1717 2012 pluviam
1750 1949 1863 1991 non
1897 1928 2132 2014 recipit,
2174 1928 2276 1990 sed
2306 1949 2513 2013 reper-

401 2031 566 2093 cutit.
644 2026 765 2092 Aut
811 2030 959 2092 sicut
1007 2049 1324 2091 arenarens
1374 2049 1650 2116 campus,
1730 2029 1830 2092 ubi
1886 2050 2062 2100 oves,
2130 2028 2341 2114 quibus
2388 2051 2511 2091 non

399 2151 698 2219 pascuum.
769 2128 853 2192 Ac
894 2129 1047 2192 foret
1088 2131 1235 2192 sicut
1286 2127 1417 2192 fons
1462 2129 1816 2200 exsiccatus;
1882 2138 1985 2192 ant
2031 2128 2110 2191 ibi
2157 2130 2307 2192 sicut
2352 2149 2509 2215 aqua

383 2240 707 2316 stagnata,
765 2231 1066 2294 obstructa
1111 2252 1293 2301 vena;
1349 2229 1973 2303 autsicutbabitatio‚
2026 2231 2125 2292 ubi
2155 2229 2316 2292 nulla
2360 2252 2514 2293 mes·

398 2333 496 2408 sis,
551 2353 660 2397 nec
691 2332 840 2397 ullus
871 2331 1061 2406 lacuS,
1118 2352 1149 2394 a
1180 2353 1298 2417 quo
1329 2331 1461 2395 loco
1493 2331 1597 2394 nisi
1628 2340 1892 2395 actutum
1924 2330 2192 2417 sugeret,
2243 2340 2297 2395 et
2327 2351 2511 2417 quae·

403 2443 559 2495 reret
589 2433 788 2497 sedem
821 2429 1204 2495 habitabilem
1231 2430 1412 2507 alibi,
1459 2430 1614 2496 farne
1643 2442 1701 2495 et
1729 2433 2200 2497 siti'rnoreretur.

408 2655 596 2740 Quod
648 2657 876 2751 absque
931 2657 1149 2723 Libero
1200 2655 1479 2724 Arbitrio
1532 2663 1591 2722 in
1650 2657 2102 2751 spiritualibuS,
2171 2683 2289 2723 non
2328 2655 2510 2744 soret

400 2758 642 2850 aliquid
693 2758 983 2834 hominiS,
1030 2782 1146 2851 per
1182 2760 1350 2852 quod
1401 2784 1467 2823 se-
1514 2763 1789 2825 vicissim
1844 2763 2173 2849 conjungat
2224 2758 2509 2835 Domino,

500 2873 559 2924 et
603 2858 743 2925 inde
781 2884 903 2925 non
947 2861 1311 2951 Imputatio,
1352 2860 1466 2926 sed
1503 2885 1666 2926 mera
1691 2858 2214 2936 Praedestinalio,
2253 2885 2408 2953 quae

1191 2961 1566 3027 detestabilis
1612 2976 1717 3025 est.

554 3138 700 3201 485.
771 3136 948 3219 Quod
994 3138 1215 3225 absque
1256 3137 1476 3201 Libero
1523 3135 1787 3201 Arbitrio
1823 3137 1886 3200 in
1940 3138 2341 3224 spiritualibus
2385 3158 2508 3200 non

396 3234 553 3300 foret
597 3236 852 3302 charitas
891 3234 1005 3303 nec'
1042 3228 1184 3302 tides
1221 3236 1375 3322 apud
1421 3237 1600 3301 ullum
1642 3237 1975 3314 hominem,
2030 3240 2219 3301 minus
2261 3238 2508 3322 conjun-

398 3337 514 3399 ctio
557 3337 807 3403 duarum
852 3339 1115 3413 illarum,
1171 3340 1228 3399 in
1263 3337 1468 3425 Capite
1510 3338 1580 3400 de
1611 3338 1788 3415 Fide,
1845 3339 2014 3425 plene
2058 3347 2354 3404 ostensum
2385 3347 2506 3410 est;

399 3458 471 3499 ex
512 3434 604 3501 his
642 3441 941 3524 sequitur,
997 3438 1154 3523 quod
1202 3439 1426 3523 absque
1457 3438 1675 3501 Libero
1705 3438 1968 3504 Arbitrio
1998 3441 2056 3501 in
2089 3439 2509 3525 spiritualibus,

396 3554 517 3615 non
560 3534 711 3611 foret
755 3538 975 3625 aliquid
1002 3536 1291 3612 hominis,
1346 3559 1450 3623 per
1493 3539 1650 3625 quod
1691 3539 1980 3604 Dominus
2020 3562 2082 3603 se
2121 3540 2509 3625 conjungeret

396 3634 513 3712 illi,
567 3646 625 3698 et
666 3647 861 3701 tamen
894 3639 1117 3722 absque
1166 3638 1585 3723 conjunctione
1625 3641 1929 3726 reciproca
1963 3640 2118 3704 nulla
2162 3640 2507 3703 reformatio

397 3743 457 3800 et
486 3738 897 3822 regeneratio,
951 3746 1007 3800 et
1037 3738 1172 3801 inde
1205 3759 1315 3802 nec
1342 3739 1593 3803 salvatio
1637 3740 1847 3805 dabilis
1888 3752 1991 3806 est.
2064 3739 2243 3818 Quod
2284 3741 2512 3825 absque

395 3837 703 3922 reciproca
749 3838 1166 3924 conjunctione
1207 3838 1465 3904 hominis
1494 3863 1624 3905 cnm
1656 3842 1948 3917 Domino,
2004 3862 2074 3905 ac
2101 3841 2341 3903 Domini
2374 3862 2507 3904 cum

394 3934 634 3999 bomine
655 3984 670 4011 ,
726 3959 842 4001 non
884 3938 1038 4001 soret
1067 3939 1260 4024 aliqua
1292 3939 1633 4028 Imputatio,
1671 3951 1757 4005 est
1787 3963 2155 4030 consequens
2185 3939 2509 4026 irrefraga-

394 4035 528 4099 bile.
583 4037 872 4125 Sequelae
902 4061 970 4102 ex
1001 4040 1484 4116 confirmatione,
1540 4042 1697 4127 quod
1728 4042 1888 4106 nulla
1920 4046 1993 4106 sit
2021 4041 2332 4129 imputatio
2363 4040 2506 4104 boni

395 4145 454 4200 et
492 4138 663 4214 mali,
717 4140 938 4226 absque
968 4140 1183 4204 Libero
1211 4139 1477 4205 Arbitrio
1517 4142 1577 4204 in
1617 4142 2051 4228 spiritualibus,
2108 4151 2243 4206 sunt
2288 4142 2504 4229 plureS,

394 4238 453 4300 'et
478 4236 611 4304 illae
643 4260 944 4320 enormes,
999 4241 1062 4304 in
1088 4240 1294 4306 ultima
1323 4242 1506 4306 Parte
1534 4241 1709 4328 hujus
1734 4241 1980 4330 Operis,
2033 4242 2134 4306 ubi
2178 4242 2250 4306 de
2291 4241 2504 4306 haere-
