2750 4775
659 449 819 505 Vllt.
898 449 1306 503 LtBERUM
1366 450 1912 508 ARBITRIUM.
2329 470 2360 517 3

251 601 352 676 „in
381 602 559 667 rebus
588 602 853 678 Divinis,
906 613 965 665 et
993 603 1360 667 voluntatem
1383 653 1397 676 ‚
1450 604 1553 667 sed
1593 625 1714 668 non
1755 614 1820 668 ut
1856 607 2074 670 bonum
2102 607 2365 676 salutare

249 702 510 788 „aliquid
541 702 717 776 velit,
768 704 870 768 sed
901 713 1101 767 tamen
1132 703 1207 766 ad
1239 705 1688 768 conversionem
1718 726 1883 769 suam
1915 705 2061 770 nihil
2089 708 2365 774 conferre

248 811 515 886 ‚,potest‚
578 814 636 866 et
676 804 736 865 in
780 803 895 868 -hac
941 815 1109 891 parte
1151 814 1237 868 est
1279 803 1540 868 deterior
1590 814 1799 870 trunco
1844 816 1901 869 et
1947 808 2169 895 lapide,
2225 830 2356 897 pag.

246 907 440 980 „6¹12
474 908 620 967 673.
678 903 776 969 Vl.
823 904 1000 984 Quod
1044 913 1170 968 tota
1211 905 1519 969 conversio
1561 904 1636 968 sit
1675 908 1980 989 operatio,
2038 908 2259 974 donum
2297 921 2359 975 et

243 1026 437 1090 „opus
473 1003 653 1068 solius
679 1004 930 1092 Spiritus
957 1005 1191 1082 Sancti,
1244 1005 1343 1091 qui
1389 1026 1520 1068 eam
1564 1005 1783 1069 virtute
1825 1016 1882 1069 et
1928 1010 2191 1092 potentia
2230 1031 2355 1087 sua,

244 1125 393 1192 „per
434 1104 729 1180 Verbum,
781 1105 842 1167 in
885 1107 1221 1190 intellectu,
1276 1106 1457 1169 corde
1497 1116 1556 1169 et
1586 1104 1890 1170 voluntate
1935 1108 2186 1174 hominis
2226 1118 2359 1175 tan-

243 1225 468 1291 „quam
513 1206 574 1268 in
614 1206 883 1291 subjecto
916 1208 1205 1292 patiente,
1262 1206 1360 1269 ubi
1392 1205 1574 1270 homo
1602 1205 1746 1271 nihil
1776 1207 1933 1294 agit,
1983 1209 2085 1273 sed
2127 1217 2355 1275 tantum

245 1307 542 1394 ,‚patitur,
611 1306 821 1370 efficiat
862 1316 1040 1392 atque
1079 1319 1391 1392 operetur;
1461 1307 1619 1392 quod
1663 1316 1861 1371 tamen
1903 1329 2022 1372 non
2064 1331 2135 1373 eo
2178 1311 2355 1377 modo

241 1406 378 1482 „sit,
433 1407 598 1494 quasi
628 1428 759 1470 cum
789 1416 983 1472 statua
1012 1429 1043 1472 e
1072 1408 1264 1494 lapide
1290 1407 1605 1480 formatur,
1658 1417 1760 1471 aut
1785 1407 2038 1493 sigillum
2067 1410 2127 1472 in
2155 1431 2354 1478 ceram

243 1509 675 1594 ‚‚imprimitur,
730 1509 865 1593 quia
911 1529 1046 1571 cera
1089 1530 1280 1593 neque
1319 1507 1589 1571 notitiam
1631 1528 1825 1594 neque
1854 1508 2224 1574 voluntatem
2247 1510 2355 1577 ha-

243 1609 419 1685 ,‚bet,
473 1629 602 1695 pag.
649 1612 792 1673 681.
848 1609 982 1673 vlt.
1024 1609 1360 1673 Secundum
1405 1608 1558 1672 dicta
1600 1610 1975 1694 quorundam
2004 1609 2251 1675 Patrum
2293 1621 2353 1677 et

242 1711 720 1782 „neotericorum
752 1711 1077 1774 Doctorum
1107 1720 1225 1785 est,
1278 1709 1448 1801 quod
1469 1709 1642 1774 Deus
1666 1708 1868 1775 trahat
1895 1710 2012 1776 sed
2032 1709 2354 1789 volentem,

240 1811 365 1885 „ita
409 1810 568 1895 quod
611 1810 863 1874 hominis
906 1807 1177 1875 voluntas
1222 1810 1280 1873 in
1333 1812 1719 1876 conversione
1766 1810 1985 1896 aliquid
2028 1822 2198 1897 agat;
2250 1812 2353 1877 sed

243 1910 432 1985 „haec
464 1932 581 1973 non
610 1921 744 1974 sunt
776 1910 1027 1996 analoga
1073 1932 1356 1975 sanorum
1407 1910 1756 1983 verborum,
1814 1909 2169 1976 confirmant
2196 1914 2352 1975 enim

240 2011 493 2086 ,;salsam
536 2011 872 2095 opinionem
919 2011 990 2073 de
1025 2012 1247 2075 viribus
1277 2012 1541 2074 Humani
1569 2010 1815 2075 Arbitrii
1857 2013 1914 2073 in
1944 2012 2352 2089 conversione,

239 2131 413 2196 „pag
448 2113 594 2174 582.
652 2110 814 2174 VIII.
846 2111 1023 2188 Quod
1065 2111 1125 2173 in
1168 2112 1423 2174 externis
1449 2110 1655 2173 Mundi
1688 2111 1896 2186 rebus,
1950 2132 2103 2197 quae
2134 2111 2352 2178 rationi

239 2214 583 2297 „subjectae
622 2222 786 2285 sunt,
841 2211 1108 2278 relictum
1149 2211 1223 2273 sit
1260 2209 1487 2273 homini
1528 2209 1719 2272 adhuc
1756 2211 1973 2296 aliquid
2002 2213 2351 2290 intellectus,

240 2313 500 2385 „virium
542 2322 601 2373 et
644 2311 1024 2385 facultatum,
1079 2309 1186 2373 etsi
1229 2309 1342 2373 hae
1387 2311 1634 2374 miserae
1675 2311 1958 2398 reliquiae
1999 2313 2172 2378 valde
2212 2323 2356 2378 sunt

238 2412 526 2488 „debiles,
579 2421 638 2474 et
667 2412 901 2499 quidem
932 2410 1078 2475 haec
1105 2412 1246 2497 ipsa,
1302 2410 1824 2498 quantulacunque
1849 2423 2005 2489 sunt,
2060 2435 2164 2500 per
2190 2436 2357 2480 mor-

235 2516 424 2588 „bum
469 2512 926 2577 haereditarium
969 2530 1199 2577 veneno
1240 2511 1455 2576 infecta
1496 2522 1662 2587 sunt,
1719 2522 1895 2600 atque
1928 2515 2348 2593 contaminata,

236 2624 346 2689 „ut
376 2634 574 2677 coram
607 2613 737 2676 Deo
766 2613 981 2677 nullius
1019 2613 1298 2675 momenti
1326 2613 1472 2688 sint,
1527 2632 1656 2698 pag.
1694 2615 1843 2689 641.
1900 2615 2006 2678 lx.
2031 2615 2211 2695 Quod
2239 2615 2349 2679 ho-

236 2737 381 2792 ‚‚mo
423 2715 481 2777 in
529 2714 946 2790 conversione,
999 2735 1115 2799 qua
1164 2733 1236 2777 ex
1278 2712 1398 2775 filio
1442 2714 1563 2780 irae
1610 2712 1674 2777 fit
1715 2712 1865 2778 filius
1907 2715 2171 2800 gratiae,
2225 2736 2348 2780 non

233 2825 639 2903 „cooperetur
677 2814 920 2901 Spiritui
958 2814 1212 2889 Sancto,
1264 2813 1482 2900 quippe
1512 2815 1677 2899 cujus
1704 2815 1874 2879 unius
1901 2825 1961 2879 et
1989 2803 2176 2880 solius
2199 2838 2347 2904 opus

230 2924 368 2993 „est
407 2915 661 2980 hominis
687 2916 1027 2989 conversio,
1082 2934 1211 3002 pag.
1253 2918 1399 2977 219.
1444 2919 1569 2977 579
1609 2936 1729 3002 seq.
1768 2920 1894 2978 663
1937 2935 2056 3003 seq.
2095 2937 2244 3005 app:
2285 2941 2340 3005 p.

227 3018 426 3094 „143
484 3016 663 3096 Quod
692 3024 891 3079 tamen
931 3015 1115 3079 bomo
1149 3025 1390 3079 renatus
1418 3037 1521 3103 per
1550 3014 1828 3079 virtutem
1853 3015 2111 3101 Spiritus
2140 3016 2347 3081 Sancti

221 3116 587 3202 „cooperari
631 3118 841 3203 possit,
897 3114 1166 3200 quamvis
1207 3115 1388 3179 multa
1433 3113 1625 3178 adhuc
1665 3113 1975 3181 infirmitas
2012 3116 2347 3188 concurrit;

225 3226 341 3296 „et
368 3218 522 3302 quod
560 3219 712 3282 bene
741 3227 1046 3302 operetur,
1103 3226 1389 3305 quantum
1419 3225 1477 3278 et
1506 3215 1784 3301 quamdiu
1812 3234 1846 3278 a
1873 3215 2094 3305 Spiritu
2124 3214 2344 3279 Sancto

224 3317 544 3406 „ducitur,
608 3317 834 3402 regitur
878 3327 938 3380 et
981 3317 1376 3402 gubernatum
1447 3315 1549 3379 sed
1591 3336 1777 3400 usque
1819 3336 1941 3377 non
1988 3324 2344 3400 cooperatur

224 3438 412 3498 „cum
440 3416 660 3506 Spiritu
687 3419 908 3482 Sancto
935 3418 1086 3482 sicut
1124 3418 1242 3481 duo
1283 3415 1421 3501 equi
1462 3437 1576 3479 una
1613 3414 2156 3490 currum-trahunt,
2210 3433 2339 3504 pag.

224 3523 430 3598 „6¹14
454 3548 461 3555 «
486 3516 560 3583 X.
590 3519 908 3583 Peccatum
941 3518 1185 3604 originis
1211 3539 1332 3581 non
1358 3524 1447 3581 est
1483 3516 1792 3602 quoddam'
1823 3515 2132 3593 delictum,
2182 3517 2343 3602 quod

225 3628 414 3697 „actu
454 3628 854 3706 perpetratur,
907 3619 1011 3683 sed
1051 3618 1255 3681 intime
1294 3615 1567 3680 inhaeret
1595 3615 1839 3681 infixum
1870 3626 2149 3692 naturae,
2202 3618 2344 3681 sub-

222 3719 533 3799 ,;stantiae
587 3729 646 3783 et
689 3721 975 3785 essentiae
1027 3718 1317 3792 hominis,
1380 3717 1540 3804 quod
1599 3717 1672 3782 sit
1730 3717 2027 3804 scaturigo
2076 3717 2342 3782 omnium

223 3820 596 3897 „actualium
645 3831 1054 3907 peccatorum,
1122 3829 1188 3884 ut
1229 3827 1366 3883 sunt
1414 3839 1635 3905 pravae
1682 3818 2105 3904 cogitationes,
2158 3817 2343 3883 collo-

222 3921 609 4008 „quutiones,
664 3920 817 3984 mala
848 3941 1051 4008 opera,
1101 3942 1232 4007 pag.
1265 3923 1413 3982 577.
1471 3916 1923 3982 Haereditarius
1949 3918 2047 3981 ille
2074 3918 2344 3994 morbus,

222 4041 382 4107 „per
420 4042 597 4106 quem
638 4029 763 4086 tota
804 4030 1016 4085 natura
1062 4030 1341 4106 corrupta
1380 4028 1499 4093 est,
1554 4027 1643 4083 est
1681 4017 1965 4083 horribile
2012 4027 2342 4105 peccatum,

221 4129 335 4199 „et
364 4122 603 4207 quidem
630 4121 975 4209 principium
1019 4131 1077 4184 et
1103 4130 1280 4208 caput
1308 4120 1572 4184 omnium
1603 4129 2012 4206 peccatorum,
2065 4139 2098 4181 e
2125 4139 2246 4204 quo
2273 4125 2338 4181 ut

222 4222 475 4298 „radice
511 4228 572 4285 et
607 4222 966 4307 scaturigine
1007 4242 1211 4286 omnes
1243 4220 1735 4306 transgressiones
1764 4226 2148 4306 promanant,
2201 4234 2335 4305 pag.

201 4322 426 4397 5640.
501 4321 677 4402 Quod
721 4323 954 4388 Natura
994 4343 1104 4410 per
1140 4321 1201 4386 id
1240 4330 1584 4409 peccatum,
1637 4328 1924 4478 tanna?
1967 4336 2075 4403 per
2110 4316 2333 4398 lepram
