2750 4775
427 396 496 451 X.
574 393 1180 446 REFORMATIO
1235 394 1341 446 ΕΤ
1386 393 2058 466 ΒΕὓΕΝΕΒΑΤΙΟ.
2219 408 2326 457 119

230 548 411 632 Quod
440 547 788 621 dictumsit,
839 547 995 634 quod
1024 547 1204 612 homo
1237 569 1338 634 per
1369 547 1872 634 regenerationem
1915 547 2016 613 fiat
2053 550 2324 637 spiritua—

233 652 336 733 lis,
390 672 506 714 non
549 649 893 735 intelligitur
934 650 1090 735 quod
1133 646 1234 712 fiat
1266 649 1585 736 spiritualis
1630 647 1814 735 qualis
1847 660 1937 713 est
1966 647 2224 737 Angelus
2260 652 2321 715 in

231 773 327 828 se,
380 751 480 827 sed
528 749 684 837 quod
726 748 828 815 fiat
865 749 1180 839 spiritualis
1218 748 1530 845 naturalis,
1583 747 1696 812 hoc
1728 760 1844 824 est,
1896 752 2051 838 quod
2080 752 2235 818 intus
2260 753 2320 817 in

231 853 362 940 ejus
387 848 641 917 naturali
668 850 744 914 sit
770 850 1102 939 spirituale,
1154 852 1228 914 ad
1255 850 1690 916 similitudinem
1729 851 1876 921 sicut
1918 852 2195 939 cogitatio
2238 865 2324 921 est

230 955 294 1017 in
322 954 587 1040 loquela,
645 962 702 1014 et
728 952 876 1016 sicut
901 953 1173 1017 voluntas
1197 954 1258 1017 in
1291 952 1552 1026 actione,
1606 973 1739 1015 nam
1770 962 2029 1017 cessante
2056 974 2171 1017 una
2204 975 2325 1019 ces-

230 1064 326 1120 sat
346 1055 570 1125 altera;
620 1053 883 1117 similiter
911 1063 996 1118 est
1022 1053 1557 1142 Spiritushominis
1593 1053 1657 1116 in
1697 1054 1939 1139 singulis
1981 1075 2131 1142 quae
2177 1052 2327 1118 fiunt

234 1157 296 1219 in
340 1176 618 1243 corpore,
683 1165 741 1217 et
785 1153 881 1217 hic
922 1164 1010 1219 est
1051 1156 1150 1241 qui
1192 1155 1316 1241 agit
1355 1154 1627 1218 naturale
1672 1153 1744 1216 ad
1792 1155 2122 1224 faciendum
2164 1156 2324 1243 quod

235 1256 413 1328 facit,
472 1254 738 1320 naturale
769 1255 827 1317 in
871 1277 933 1319 se-
970 1265 1294 1343 spectatum
1337 1267 1425 1321 est
1468 1246 1755 1342 passivum
1800 1278 1903 1320 seu
1943 1256 2030 1322 vis
2074 1265 2326 1335 mortua,

233 1358 540 1446 spirituale
580 1366 774 1423 autem
816 1365 902 1421 est
945 1359 1203 1422 activum
1246 1379 1351 1422 seu
1397 1357 1484 1420 vis
1525 1359 1690 1429 viva,
1759 1359 2048 1441 passivum
2094 1381 2196 1424 seu
2239 1360 2327 1425 vis

235 1470 474 1526 mortua
505 1481 623 1522 non
652 1466 839 1546 potest
868 1477 1043 1544 agere
1071 1481 1139 1523 ex
1165 1480 1259 1533 se,
1310 1459 1411 1523 sed
1433 1458 1723 1541 agendum
1753 1468 1839 1522 est
1872 1460 1948 1523 ab
1990 1459 2186 1525 activo
2223 1482 2326 1525 seu

235 1563 297 1626 vi
328 1561 482 1625 viva.
539 1559 835 1638 Quoniam
865 1558 1043 1625 homo
1080 1561 1142 1623 in
1181 1560 1589 1623 communione
1632 1580 1770 1621 cum·
1807 1560 2094 1646 indigenis
2118 1562 2325 1627 Mundi

231 1661 553 1751 spiritualis
579 1662 853 1724 continue
885 1662 1068 1736 vivit,
1120 1662 1251 1724 ideo
1280 1661 1500 1735 etiam,
1554 1682 1686 1723 cum
1734 1683 1765 1723 e
1805 1662 2029 1727 Mundo
2069 1663 2325 1727 naturali

232 1763 482 1838 excedit,
533 1762 728 1826 statim
756 1762 1030 1826 inseritur
1054 1760 1366 1837 similibus,
1421 1784 1552 1825 cum
1582 1761 1792 1846 quibus
1845 1761 2325 1830 sueratin'Mun-

232 1868 344 1939 do;
399 1865 535 1928 inde
560 1873 680 1937 est,
734 1863 890 1949 quod
918 1864 1318 1950 ,unusquisque
1348 1874 1477 1950 post
1510 1872 1755 1926 mortem
1786 1863 2056 1929 videatur
2081 1864 2190 1929 sibi
2216 1866 2326 1928 sic·

229 1977 298 2031 ut
322 1965 519 2030 'adhuc
560 1965 787 2029 viveret
812 1964 872 2026 in
901 1964 1145 2041 Mundo,
1189 1986 1322 2027 nam
1353 1973 1495 2026 tunc
1523 1986 1654 2027 cum
1682 1964 1966 2029 similibus
2008 1965 2205 2054 quoad
2235 1965 2324 2030 af-

230 2067 514 2132 fectiones
541 2087 682 2130 suae
710 2066 1045 2145 voluntatis,
1089 2062 1145 2128 in
1175 2066 1534 2155 consortium
1565 2067 1742 2139 venit,
1774 2088 1918 2152 quos
1946 2076 2087 2130 tunc
2113 2087 2324 2153 agnos·

239 2169 353 2243 cit,
405 2166 666 2231 similiter
696 2176 760 2229 ut
788 2165 1097 2254 propinqui
1137 2175 1197 2229 et
1235 2166 1433 2230 affines
1466 2176 1789 2252 agnoscunt
1814 2189 1950 2231 suos
1975 2168 2034 2231 in
2063 2168 2323 2235 Mundo:

238 2279 302 2331 et
336 2268 448 2330 hoc
474 2277 576 2342 est,
626 2267 783 2354 quod
812 2267 871 2333 in
903 2266 1100 2332 Verbo
1133 2266 1345 2330 dicitur
1373 2268 1445 2329 de
1474 2268 1586 2331 illis
1625 2270 1722 2353 qui
1767 2254 2122 2345 moriuntur,
2167 2268 2323 2356 quod

240 2369 586 2455 congregati
616 2378 672 2433 et
697 2367 927 2433 collecti
954 2368 1068 2434 sint
1096 2369 1168 2433 ad
1197 2391 1348 2434 suos.
1407 2368 1493 2433 Ex
1521 2368 1607 2433 his
1636 2391 1791 2432 nunc
1819 2379 2088 2436 constare
2116 2379 2326 2457 potest,

239 2470 405 2560 quod
448 2470 622 2535 homo
663 2479 1041 2556 regeneratus
1068 2471 1143 2533 sit
1166 2472 1224 2533 in
1270 2472 1681 2536 communione
1719 2490 1848 2533 cum
1877 2472 2118 2561 Angelis
2145 2472 2325 2551 Caeli,

236 2581 301 2637 et
329 2590 450 2635 non
478 2580 854 2658 regeneratus
890 2593 1019 2636 cum
1048 2571 1345 2658 spiritibus
1371 2571 1601 2636 inferni.

391 2677 536 2738 608.
589 2672 902 2737 Sciendum
945 2682 1063 2747 est,
1112 2673 1270 2759 quod
1308 2684 1435 2739 tres
1467 2673 1626 2738 Caeli
1664 2674 1810 2750 sint,
1863 2684 1922 2738 et
1962 2674 2043 2741 illi
2081 2675 2236 2739 inter
2259 2695 2325 2739 se

233 2763 493 2841 distincti
538 2774 856 2839 secundum
898 2783 1017 2839 tres
1053 2775 1269 2859 gradus
1307 2774 1525 2839 amoris
1566 2785 1624 2838 et
1662 2778 2009 2862 sapientiae,
2064 2784 2128 2838 et
2169 2775 2325 2863 quod

233 2876 417 2941 homo
444 2876 764 2941 secundnm
794 2875 1400 2961 regenerationem'sit
1428 2876 1486 2939 in
1528 2877 1941 2941 communione
1972 2898 2102 2940 cum
2132 2873 2328 2962 Ange·

232 2977 308 3044 lis
342 2999 413 3045 ex
458 2979 647 3043 tribus
679 2976 791 3041 illis
834 2976 1039 3048 caelis;
1094 2987 1152 3039 et
1193 2978 1327 3061 quia
1370 2980 1451 3041 ita
1489 2987 1605 3049 est,
1660 2977 1817 3064 quod
1856 2979 2027 3044 Mens
2068 2978 2325 3042 humana

232 3079 507 3143 distincta
558 3078 630 3142 sit
682 3078 745 3140 in
800 3087 918 3141 tres
971 3078 1188 3164 gradus
1238 3100 1340 3142 seu
1397 3080 1666 3164 regiones
1699 3079 2041 3142 secundum
2098 3079 2322 3152 caelos5

229 3181 339 3246 sed
379 3179 450 3243 de
490 3181 679 3243 tribus
718 3179 805 3242 bis
836 3179 1050 3253 caelis,
1101 3180 1260 3242 etde
1287 3180 1693 3245 dinstinctione
1721 3180 1956 3244 illorum
1987 3180 2324 3245 secundum

229 3291 375 3345 tres·
401 3281 615 3367 gradus
657 3281 873 3344 amoris
918 3289 975 3342 et
1016 3280 1369 3366 sapientiae,
1426 3281 1693 3344 videatur
1722 3282 1779 3342 in
1811 3279 2002 3345 Libro
2020 3281 2093 3344 de
2120 3280 2328 3345 Cal-:Lo

226 3403 312 3449 m·
341 3380 638 3457 Inmane,
694 3403 762 3444 n:
796 3387 898 3445 29.
925 3403 1044 3468 seq.
1089 3390 1145 3443 et
1175 3403 1412 3469 quoque
1439 3381 1498 3444 in
1528 3380 1810 3446 Codicillo
1839 3384 1911 3445 de
1940 3381 2327 3452 Commnncio

227 3481 495 3548 Amme
525 3503 601 3548 m·
625 3482 971 3556 Conpoms,
1028 3505 1095 3543 n:
1134 3488 1232 3547 16.
1271 3487 1368 3545 17.
1425 3484 1541 3547 Hie
1579 3484 1765 3547 solum
1812 3504 1915 3569 per
1954 3483 2209 3570 aliquam
2252 3483 2326 3546 si-

230 3584 623 3648 militudinem
668 3583 1075 3655 illustrandum
1104 3594 1225 3660 est,
1278 3573 1479 3670 quales
1520 3595 1637 3648 tres
1664 3582 1880 3670 gradus
1906 3593 2070 3661 sunt,
2120 3601 2328 3650 secun·

228 3685 377 3749 dum
407 3689 555 3772 q'uos
581 3684 741 3749 Caeli
763 3685 845 3748 illi
873 3685 1124 3750 distincti
1143 3696 1308 3760 sunt;
1361 3695 1500 3749 sinit
1524 3685 1672 3749 sicut
1699 3685 1755 3746 in
1784 3684 2020 3751 homine
2056 3694 2191 3750 sunt
2232 3707 2329 3752 ca·

230 3795 363 3877 put,
412 3808 626 3874 corpus
652 3795 715 3849 et
737 3786 943 3873 pedes,
989 3807 1327 3873 supremum
1355 3785 1596 3851 Caelum
1628 3785 1763 3849 facit
1797 3773 2014 3874 Caput,
2068 3787 2325 3853 medium

230 3889 385 3953 facit.
417 3886 681 3971 Corpus,
752 3910 823 3956 ac
867 3886 1151 3953 Ultimum
1197 3887 1337 3952 facit
1380 3887 1598 3959 Pedes;
1666 3909 1799 3950 nam
1846 3897 1931 3953 cst
1973 3889 2327 3955 Universum

229 3983 482 4055 Caelum
513 4009 713 4053 coram
742 3989 1000 4057 Domino
1037 3988 1189 4056 sicut
1224 3989 1380 4055 ‘unus
1406 3990 1637 4053 Homo:
1663 4053 1667 4064 ,
1692 3989 1852 4076 quod
1890 3990 1971 4054 ita
2011 3990 2115 4066 sit,
2167 3991 2329 4055 dete-

229 4100 396 4156 ctum
444 4098 529 4156 est
573 4088 713 4154 mihi
765 4112 869 4179 per
920 4090 1299 4179 autopsiamp
1356 4091 1556 4154 datum
1603 4090 1757 4154 enim
1787 4100 1891 4153 est
1944 4087 2084 4155 mihi
2128 4090 2329 4178 videre

227 4213 414 4256 unam
469 4191 823 4257 Societatem
871 4190 1064 4267 Caeli,
1124 4211 1282 4278 -quae
1341 4214 1414 4255 ex
1463 4190 1730 4280 myriade
1786 4192 2127 4268 constabat,
2182 4191 2330 4253 sicut

227 4313 415 4359 unum
473 4291 772 4359 hominem
816 4292 1020 4371 simul,
1086 4292 1226 4382 quid
1269 4312 1390 4358 non
1442 4292 1781 4359 universum
1836 4291 2078 4356 Caelum
2126 4307 2329 4352 coram
