2750 4775
427 328 1181 386 x.·REFORMAT10
1235 331 1341 381 ΕΤ
1395 330 2069 388 REGENERATIO.
2230 343 2336 393 117

235 483 395 572 apud
430 482 726 579 lrominem
782 470 1215 572 regeneratum.
1295 483 1595 572 Superior,
1632 506 1733 549 seu
1779 483 2094 570 spiritualis
2140 486 2335 572 Regio

237 585 453 651 mentis
490 584 781 650 humanae
820 595 909 650 est
947 606 1182 672 quoque
1222 586 1281 647 in
1324 585 1564 649 minima
1599 584 1784 669 effigie
1813 585 2084 662 Caelum,
2137 607 2207 651 ac
2247 587 2335 651 in-

233 686 421 751 ferior
447 708 551 750 seu
579 687 862 751 naturalis
890 688 1083 772 Regio
1112 697 1200 767 est
1235 688 1292 749 in
1322 686 1562 753 minima
1596 687 1778 772 effigie
1811 688 2097 764 Mundus,
2151 709 2335 775 quare

233 787 418 851 homo
462 788 540 852 ab
579 789 834 876 antiquis
875 789 1064 853 dictus
1102 797 1189 852 est
1237 788 1689 862 microcosmus,
1762 795 1820 854 et
1860 808 2093 875 quoque
2137 789 2335 855 vocari

232 898 437 978 potest,
469 891 888 955 microuranos.

268 1052 277 1061 ,
393 994 537 1054 6051
592 990 773 1072 Quod
795 989 975 1054 homo
1002 1000 1421 1076 regeneratus,
1463 990 1576 1053 hoc
1602 999 1707 1064 est,
1748 989 1945 1076 quoad
1975 990 2336 1055 voluntatem

230 1102 295 1158 et
319 1091 685 1156 intellectum
716 1100 1057 1167 renovatus,
1106 1092 1180 1156 sit
1206 1092 1271 1154 in
1294 1090 1498 1156 calore
1522 1090 1705 1166 Caeli,
1757 1091 1868 1154 hoc
1898 1100 2005 1167 est,
2047 1090 2108 1154 in
2137 1112 2339 1155 amore

230 1197 397 1281 ejus,
446 1202 506 1256 et
533 1193 706 1258 simu-l
744 1193 802 1255 in
837 1192 966 1257 luce
995 1192 1187 1268 Caeli,
1243 1191 1355 1256 hoc
1383 1203 1501 1268 est,
1555 1194 1612 1254 in
1642 1193 1926 1279 sapientia
1953 1192 2112 1277 ejus,
2166 1203 2224 1257 et
2256 1193 2341 1259 vi-

228 1296 459 1368 cissim,
515 1294 672 1382 quod
718 1292 900 1359 homo
938 1316 1058 1359 non
1096 1303 1481 1380 regeneratus
1511 1294 1585 1357 sit
1611 1294 1672 1355 in
1701 1294 1898 1356 calore
1926 1293 2172 1368 inferni,
2223 1292 2339 1357 hoc

226 1406 347 1473 est,·
397 1397 453 1461 in
484 1414 686 1460 amore
713 1397 856 1480 ejus,
907 1404 967 1459 et
991 1396 1162 1459 simul
1194 1396 1542 1459 intenebris
1572 1394 1808 1467 inferni,
1849 1394 1964 1458 hoc
1990 1404 2108 1469 est,
2160 1395 2219 1457 in
2250 1396 2337 1458 in-

224 1497 412 1565 saniis
440 1498 583 1582 ejus,
637 1507 723 1560 est
753 1496 928 1560 hodie
956 1507 1157 1561 notum
1188 1507 1247 1561 et
1274 1518 1459 1582 usque
1488 1497 1785 1581 ignotum;
1844 1516 2024 1561 causa
2048 1504 2154 1575 est,
2200 1496 2335 1584 quia

226 1599 531 1672 Ecclesia,
601 1619 754 1684 quae
800 1598 976 1662 hodie
1013 1607 1135 1669 est,
1206 1598 1715 1684 regenerationem
1766 1596 1903 1660 fecit
1949 1597 2334 1683 appendicem

227 1698 375 1764 fidei
411 1720 589 1777 suae,
640 1700 698 1761 in
739 1720 915 1785 quam
952 1720 1071 1763 non
1115 1699 1310 1786 aliqua
1353 1698 1504 1763 ratio
1546 1698 1912 1761 immittenda
1956 1708 2079 1774 est,
2133 1719 2336 1764 conse-

227 1809 487 1889 quenter
525 1821 634 1864 nec
670 1801 731 1864 in
770 1799 988 1887 aliquid
1031 1800 1189 1887 quod
1221 1811 1307 1866 est
1334 1799 1669 1887 appendicis
1696 1800 1851 1884 ejuS,
1908 1798 2065 1884 quod
2087 1847 2104 1875 ,
2148 1809 2214 1862 ut
2251 1799 2338 1862 di-

228 1912 413 1978 etum,
465 1912 552 1965 est
582 1903 951 1987 regeneratio
982 1904 1038 1965 e't
1066 1902 1376 1967 renovatio
1401 1948 1417 1975 ,
1470 1899 1579 1963 hae
1610 1923 1740 1971 cum
1771 1901 1892 1988 ipsa
1923 1898 2034 1963 stde
2058 1911 2194 1965 sunt
2222 1899 2337 1966 iltis

226 2003 663 2077 sicutdomus,
727 2003 891 2088 eujus
931 2003 1143 2088 januae
1184 2010 1245 2073 et
1279 2000 1587 2064 -fenestrae
1639 2003 1873 2065 clausae
1914 2011 2085 2079 sunt,
2148 2022 2335 2089 quare

228 2104 497 2168 nescitur
537 2102 677 2188 quid
719 2103 877 2165 intus
912 2102 972 2175 in
1015 2102 1190 2164 domo
1220 2101 1317 2165 illa
1349 2110 1472 2176 est,
1527 2123 1665 2165 num
1695 2103 1870 2165 modo
1901 2124 2187 2179 vacuum,
2240 2102 2334 2167 vel

229 2227 378 2271 num
423 2203 657 2288 plenum
697 2204 882 2289 geniis
923 2204 999 2265 ab
1044 2201 1278 2266 inferno
1321 2212 1425 2266 aut
1477 2203 1699 2288 angelis
1742 2225 1773 2266 e
1803 2202 1999 2267 Caelo.
2072 2202 2335 2280 Accedit,

233 2306 397 2391 quod
429 2302 661 2367 fallacia
688 2304 802 2375 hoc
830 2298 1192 2381 confuderit,
1244 2324 1397 2391 quae
1424 2313 1542 2378 est,
1599 2298 1753 2391 quod
1784 2304 1919 2392 quia
1948 2304 2128 2369 homo
2165 2305 2336 2370 intel-

233 2405 398 2470 lectu
426 2404 742 2469 ascendere
771 2415 998 2492 potest,
1052 2426 1233 2492 paene
1261 2407 1321 2469 in
1354 2404 1543 2470 lucem
1572 2403 1766 2481 Caeli,
1820 2415 1878 2469 et
1905 2406 2039 2471 inde
2067 2428 2139 2472 ex
2165 2408 2335 2474 intel-.

236 2506 483 2592 ligentia
518 2506 783 2590 cogitare
823 2516 884 2570 et
920 2505 1080 2592 loqui
1118 2508 1189 2571 de
1215 2506 1643 2592 spiritualibus,
1699 2507 2122 2597 qualiscunque
2147 2506 2337 2576 Amor

233 2608 563 2671 voluntatis
586 2608 712 2693 ejus
738 2608 841 2681 sit;
887 2629 958 2671 ex
985 2607 1159 2693 hujus
1182 2608 1453 2676 ,veritatis
1481 2609 1813 2693 ignorantia
1852 2609 2027 2672 etiam
2066 2611 2334 2696 ignotum

230 2709 459 2774 factum
504 2718 592 2773 est
631 2731 805 2773 omne
847 2708 1003 2796 quod
1043 2711 1558 2795 regenerationem
1583 2720 1660 2774 »et
1698 2710 2151 2775 ren-ovationem
2193 2732 2336 2775 con-

229 2812 441 2875 cernit.
1194 2879 1207 2883 -

392 2915 537 2990 606.
597 2911 684 2976 Ex
711 2911 800 2976 his
828 2912 1096 2977 concludi
1126 2921 1366 3001 possunt
1393 2911 1574 2986 haec,
1629 2912 1787 2997 quod
1816 2910 1993 2975 homo
2022 2933 2141 2976 non
2168 2931 2336 2998 rege-

230 3022 480 3077 neratus
519 3014 592 3077 sit
639 3015 789 3077 sicut
827 3014 926 3099 qui
966 3013 1124 3078 videt
1175 3013 1479 3101 phasmata
1520 3014 1578 3074 in
1625 3021 1833 3090 nocte,
1887 3022 1945 3076 et
1987 3013 2173 3077 credit
2211 3033 2340 3077 esse

227 3114 563 3189 homines,-
592 3124 650 3177 et
677 3116 887 3177 deinde
925 3136 1055 3180 cum
1098 3124 1490 3198 regeneratur
1528 3114 1678 3177 sicut
1716 3115 1869 3177 idem
1912 3116 2011 3201 qui
2051 3114 2147 3178 illa
2184 3134 2335 3200 quae

226 3215 384 3283 vidit
412 3216 471 3282 in
502 3224 707 3293 nocte,
758 3218 823 3292 in
845 3216 1036 3302 primo
1077 3238 1252 3282 mane
1281 3217 1439 3280 videt
1486 3215 1644 3303 quod
1685 3213 1904 3279 fuerint
1940 3215 2224 3287 ludibria,
2278 3222 2337 3277 et

225 3326 438 3406 postea
477 3315 613 3379 dum
643 3311 1042 3403 (regeneratus
1085 3327 1207 3392 est,
1260 3318 1404 3380 etin
1433 3318 1526 3379 die
1567 3326 1686 3390 est,
1731 3325 1795 3379 ut
1836 3316 2060 3379 deliria.
2135 3313 2338 3378 Homo

223 3438 355 3481 non
387 3427 770 3506 regeneratus
799 3426 885 3481 est
913 3417 1064 3481 sicut
1092 3419 1191 3503 qui
1218 3419 1496 3491 somniat;
1536 3427 1593 3480 et
1623 3416 1801 3480 homo
1825 3424 2206 3502 regeneratus
2232 3424 2337 3491 est,

222 3520 380 3584 sicut
428 3518 531 3605 qui
578 3518 809 3604 vigilat,
884 3520 943 3580 in
987 3517 1189 3590 Verbo
1242 3520 1420 3583 etiam
1477 3520 1606 3586 vita:
1643 3518 1926 3582 naturalis
1982 3516 2337 3583 assimilatur

224 3641 475 3694 somno,
529 3629 588 3681 et
614 3619 732 3684 vita
765 3617 1363 3709 spiritualisvigiliae.
1435 3620 1635 3683 Homo
1663 3641 1779 3682 non
1824 3629 2206 3704 regeneratus
2244 3620 2333 3683 in-

223 3720 516 3806 telligitur
562 3742 665 3806 per
708 3720 979 3808 Virgines
1028 3722 1266 3797 stultas,
1337 3742 1491 3809 quae
1530 3719 1836 3788 habebant
1880 3720 2211 3810 lampades,
2277 3730 2337 3784 et

226 3843 357 3885 non
385 3823 615 3896 oleum,
671 3833 728 3886 et
758 3832 1147 3909 regeneratus
1170 3845 1275 3908 per
1300 3823 1573 3910 Virgines
1602 3822 1917 3909 prudentes
1958 3844 2110 3908 quae
2149 3817 2335 3888 habe·

225 3923 380 3987 hant
422 3910 724 4011 lampades
761 3933 823 3988 et
845 3921 1021 3989 simul
1062 3924 1293 4011 oleum;
1346 3945 1453 4013 per
1481 3923 1782 4008 lampades
1813 3922 2220 4009 intelliguntur
2248 3934 2339 3987 ta-

225 4025 310 4089 lia
351 4045 505 4113 quae
546 4025 879 4089 intellectus
916 4034 1087 4100 sunt,
1139 4035 1198 4089 et
1225 4047 1328 4113 per
1358 4025 1551 4089 oleum
1581 4046 1735 4110 qnae
1764 4023 2159 4088 amoris-sunt.
2215 4024 2338 4087 Re-

233 4126 502 4214 generati
530 4138 666 4191 sunt
693 4128 841 4191 sicut
871 4128 1182 4191 Lucernae
1210 4125 1550 4191 candelabri
1589 4125 1649 4188 in
1675 4123 2121 4194 Tabernaculo;
2176 4131 2339 4187 sunt—

229 4250 345 4315 que
368 4230 527 4295 sicut
554 4230 748 4295 Panes
776 4227 1059 4295 facierum
1089 4250 1221 4294 cum
1259 4228 1433 4293 thure
1474 4246 1652 4314 super
1686 4223 1799 4291 illis
1824 4223 1935 4287 ibi:
1989 4233 2046 4286 et
2074 4231 2208 4287 sunt
2238 4218 2339 4304 qui
