2750 4775
470 391 577 438 221·
702 376 1154 431 UNIVERSA
1212 375 1744 432 'ruEOLossla
1799 378 1868 428 N.
1905 375 1972 428 C.
2014 376 2117 428 ET
2159 377 2228 432 N.
2266 376 2328 429 E.

467 532 526 597 in
554 529 780 597 Mundo
805 531 865 593 in
894 540 1055 598 veste
1085 531 1347 618 vulgari,
1399 532 1502 618 qui
1540 530 1718 596 modo
1755 529 2075 596 secundnm
2124 539 2340 593 vestem
2368 527 2530 593 hono·

468 643 666 705 ratnt;
719 632 891 697 aliter
916 654 1156 721 prorsus
1181 654 1313 697 cum
1342 634 1635 708 noscitur,
1690 631 1849 719 quod
1886 633 1961 697 sit
1998 627 2262 717 Angelus
2296 640 2354 694 et
2391 631 2533 694 audi-

471 725 566 798 tur
591 734 920 819 angelicum
948 753 1020 797 ex
1046 753 1150 798 ore
1178 734 1332 814 ejus,
1387 754 1460 797 ac
1485 733 1762 797 videntur
1790 733 2080 797 mirabilia
2121 753 2197 794 ex
2228 731 2390 797 factis
2411 732 2532 816 ejus.

470 835 677 915 Qualis
710 844 800 900 est
838 836 1132 900 Sanctitas
1169 834 1359 900 solum
1400 833 1767 923 praedicata,
1817 842 1882 897 et
1915 833 2103 920 qualis
2145 844 2233 898 est
2272 833 2536 898 Sanctitas

471 938 624 1011 visa,
672 937 967 1001 illustrare
1005 936 1140 1000 licet
1187 957 1291 1023 per
1337 936 1668 1024 exemplum
1705 934 1822 999 hoc
1859 936 2048 1000 visum
2089 944 2152 996 et
2196 934 2449 1004 anditum
2484 933 2536 996 in

467 1037 695 1104 Mundo
729 1037 1046 1125 spirituali:
1099 1037 1251 1102 lecta
1288 1036 1399 1102 suit
1426 1035 1688 1123 Epistola
1727 1056 1764 1099 a
1805 1034 1994 1102 Paulo
2035 1035 2260 1121 scripta
2301 1047 2537 1121 tempore

470 1161 591 1226 quo
630 1140 1040 1226 peregrinatus
1080 1148 1169 1203 est
1216 1137 1274 1200 in
1322 1137 1584 1212 Mundo,
1648 1137 1749 1202 sed
1797 1158 1917 1200 non
1964 1136 2277 1222 evulgata,
2331 1143 2536 1223 praeter

469 1240 630 1326 quod
672 1239 822 1304 ullus
848 1241 1056 1314 sciret,
1109 1238 1269 1325 quod
1297 1260 1333 1303 a
1359 1238 1579 1311 Paulo:
1634 1238 1782 1303 haec
1809 1239 2065 1323 primum
2094 1239 2174 1302 ab
2199 1238 2539 1304 auditoribus

468 1341 751 1427 vilipensa
802 1350 923 1418 est,
976 1351 1040 1406 at
1080 1361 1215 1404 cum
1270 1340 1566 1410 detectum
1617 1349 1737 1413 est,
1805 1340 1968 1425 quod
2014 1360 2133 1403 una
2181 1361 2255 1403 ex
2293 1336 2540 1426 Epistolis

469 1442 730 1508 Paulinis
774 1452 952 1518 esset,
1003 1451 1239 1529 recepta
1264 1451 1370 1505 -est
1410 1463 1543 1504 cum
1583 1440 1829 1527 gaudio,
1883 1462 1954 1505 ac
1992 1441 2194 1505 omnia
2242 1451 2302 1504 et
2337 1436 2542 1525 singula

467 1545 547 1609 ibi
592 1544 839 1608 adorata
882 1553 1033 1609 sunt.
1114 1544 1202 1608 Ex
1256 1544 1470 1628 quibus
1522 1542 1744 1630 patuit,
1813 1542 1973 1629 quod
2022 1542 2152 1606 sola
2208 1538 2540 1630 praedicatio

465 1646 792 1710 sanctitatis
817 1645 891 1710 de
917 1645 1204 1712 Verbo-et
1230 1644 1302 1709 de
1326 1643 1754 1719 sacramentis,
1808 1643 1944 1706 dum
1973 1641 2039 1705 fit
2066 1663 2103 1707 a
2131 1644 2484 1710 Primatibus
2512 1658 2540 1701 e

465 1746 676 1823 Clero,
726 1748 963 1833 quidem
991 1748 1286 1834 imprimat
1315 1745 1720 1819 sanctitatem,
1771 1744 1874 1807 sed
1903 1744 2106 1818 aliter,
2163 1744 2402 1831 quando
2437 1746 2542 1829 ipsa

467 1849 746 1913 sauctitas
773 1849 1092 1934 detegitur,
1145 1856 1204 1910 et
1232 1868 1431 1911 coram
1478 1845 1661 1909 oculis
1699 1845 1923 1909 sistitur
1968 1844 2262 1921 videnda,
2316 1843 2465 1934 quod
2488 1840 2543 1905 fit

468 1969 572 2035 per
607 1952 1031 2014 revelationem
1068 1948 1286 2012 Sensus
1320 1946 1666 2033 spiritualim
1721 1967 1792 2008 ex
1830 1945 1945 2010 hoc
1977 1945 2283 2011 Sanctitas
2323 1955 2542 2012 externa

468 2048 533 2113 fit
575 2051 836 2125 interna,
889 2072 957 2112 ac
1003 2049 1358 2136 praedicatio
1412 2049 1537 2133 ejus
1587 2044 1652 2110 fit
1705 2047 1927 2133 agnitio
1980 2048 2121 2133 ejus.
2221 2048 2420 2113 Simile
2468 2051 2542 2109 est

468 2173 598 2244 cum
627 2153 936 2216 sanctitate
963 2150 1328 2214 Sacramenti
1366 2148 1618 2213 Caenae.

470 2376 652 2461 Quod
698 2401 779 2441 ex
830 2381 989 2442 notis
1040 2376 1598 2471 Correspondentiis
1642 2380 1895 2453 sciatur,
1950 2375 2101 2470 quid
2144 2402 2266 2471 per
2312 2371 2541 2444 Carnem

464 2494 520 2541 et
549 2476 916 2568 Sanguinem
952 2480 1200 2545 Domini
1238 2477 1624 2569 intelligitur,
1676 2493 1731 2543 et
1762 2476 1930 2572 quod
1961 2479 2159 2545 simile
2185 2505 2306 2573 per
2334 2481 2543 2547 Panem

432 2578 521 2642 *et
566 2578 828 2656 Vinum,
881 2579 1192 2656 videlicet,
1244 2580 1412 2675 quod
1443 2602 1559 2672 per
1596 2578 1846 2644 Carnem
1887 2580 2146 2645 Domini·
2185 2596 2248 2646 et
2286 2605 2402 2675 per
2436 2581 2545 2646 Pa-

467 2703 599 2744 nem
656 2679 1028 2772 intelligatur}
1074 2681 1357 2748 Divinum
1396 2666 1632 2747 Bonum
1669 2677 1926 2745 Amoris
1978 2682 2185 2774 Ipsius
2225 2698 2288 2748 et
2333 2701 2543 2776 quoque

383 2772 389 2791 ¹
472 2805 644 2845 omne
682 2781 921 2847 Bonum
960 2782 1302 2858 charitatis,
1348 2780 1408 2847 ez
1453 2782 1620 2873 quod
1651 2790 1767 2873 per
1805 2779 2171 2872 Sanguinem
2214 2784 2470 2850 Domini
2500 2793 2545 2845 et

459 2902 575 2975 per
629 2876 891 2960 Vinum,
961 2885 1245 2949 Divinum'
1302 2884 1535 2951 Verum
1575 2882 1937 2973 ,Sapientiae
1990 2885 2237 2978 Ipsius,
2298 2898 2364 2951 'et
2418 2874 2545 2976 quo-

561 3009 674 3078 que
726 3009 924 3072 omne¹
956 3009 1165 3051 verum
1210 2984 1417 3061 Fidei,
1493 2998 1549 3049 et
1599 3007 1712 3077 per·
1755 2984 2297 3051 Manducationem
2354 3012 2459 3080 ap-

1199 3150 1203 3157 .
1319 3091 1674 3180 propriatim
2229 3106 2234 3113 ·

492 3306 499 3311 -
611 3266 756 3327 702.
804 3264 1133 3344 -Quoniam
1190 3263 1366 3329 hodie
1417 3263 1635 3328 Sensus
1682 3261 1997 3349 spiritualis
2047 3264 2232 3330 Verbi
2283 3265 2540 3329 detectus

457 3374 576 3441 est,
631 3374 688 3428 et
728 3365 901 3431 simul
940 3387 1073 3429 cum
1113 3364 1213 3428 illo
1255 3356 1855 3451 correspondentiae,
1929 3366 2068 3452 quia
2105 3365 2219 3430 hae
2259 3364 2541 3435 mediam

457 3467 591 3542 ideo
628 3467 815 3531 solum
858 3467 1225 3533 adducentur
1263 3467 1390 3531 loca
1430 3489 1460 3530 e
1505 3468 1736 3541 Verbo,
1789 3487 1860 3529 ex
1900 3468 2114 3554 quibus
2158 3467 2334 3530 clare-
2368 3463 2544 3534 videri

370 3582 377 3590 ·
459 3577 680 3651 potest,
735 3567 872 3652 quid
903 3589 1006 3655 per
1034 3566 1287 3631 Carnem
1316 3578 1374 3631 et
1400 3568 1792 3653 Sanguinem,
1849 3577 1907 3633 et
1947 3568 2314 3654 per‘Panem
2354 3578 2415 3632 et
2454 3565 2544 3633 Vi-

455 3686 596 3759 num
618 3715 634 3739 ,
668 3668 744 3728 in
770 3665 987 3732 Sancta
1019 3667 1215 3732 Caena
1253 3669 1629 3756 intelligitur;
1679 3668 1780 3732 sed
1825 3668 1937 3734 illis
1971 3668 2391 3757 praemittetur
2429 3669 2542 3754 ipsa

459 3766 756 3831 institutio
783 3768 1147 3833 sacramenti
1185 3770 1349 3835 istius
1376 3790 1411 3834 a
1433 3771 1736 3842 Domino3
1783 3777 1843 3831 et
1881 3793 2117 3856 quoque
2148 3771 2433 3834 Doctrina
2461 3768 2547 3853 lp-

449 3870 575 3935 rsius
601 3869 671 3931 de
699 3890 803 3934 sua
834 3869 1025 3934 Carne
1055 3880 1112 3934 et
1137 3892 1244 3935 suo
1268 3871 1597 3959 Sanguine,
1650 3870 1841 3957 deque
1868 3871 2033 3935 Pane
2063 3882 2123 3935 et
2147 3871 2346 3937 Vino..

480 4026 497 4033 ,
609 3972 750 4034 703.
833 3971 1199 4037 lnsmnno
1247 3972 1533 4037 SAncrAE
1587 3970 1842 4036 CAENAE
1897 3991 1939 4034 A
1994 3973 2304 4037 Domuo„
2374 3971 2540 4034 Jesns

450 4069 593 4135 fecit
637 4070 866 4136 Pascha
912 4092 1045 4137 cum
1090 4073 1432 4159 Discipulis,
1501 4082 1560 4136 et
1597 4093 1733 4136 cum
1777 4093 2020 4158 vespera
2053 4071 2216 4136 facta
2258 4066 2543 4138 discubuit

454 4183 586 4236 cu'm
611 4171 752 4245 illis;
809 4183 866 4236 et
892 4174 1065 4239 Jcsus
1092 4173 1400 4239 edentibus
1435 4173 1574 4247 illis,
1631 4162 1920 4263 accipiens
1955 4172 2230 4248 PANEM,
2265 4183 2327 4236 et
2373 4172 2539 4235 bene-

444 4271 681 4348 dicens,
733 4273 906 4362 fregit
932 4286 990 4339 et
1018 4276 1178 4367 dedit
1205 4273 1544 4361 Discipulis‚
1602 4282 1659 4337 et
1686 4273 1884 4349 dixit„
1911 4274 2189 4361 accipite,
2237 4271 2530 4349 comedite,

2661 463 2671 574 1
