2750 4775
412 440 438 486 2
646 424 1108 479 UNIVERSA
1153 424 1689 492 THEOLOGIA
1735 425 1802 477 N.
1846 424 1909 477 C.
1953 425 2061 476 ET
2104 424 2172 479 N.
2218 425 2281 476 Ε.

406 579 591 657 „illud
635 588 698 643 ut
736 601 862 643 rem
905 577 1142 661 stultam
1184 577 1436 662 judicet,
1488 587 1548 640 et
1588 599 1890 664 nunquam
1935 599 1967 641 a
1998 578 2189 663 seipso
2223 578 2296 641 ad
2328 578 2510 642 Deum

330 685 337 690 ’
407 679 915 769 ,‚appropinquet,
967 678 1070 742 sed
1114 679 1307 765 potius
1347 678 1617 741 inimicus
1645 679 1754 742 Dei
1795 680 1865 741 sit
1906 689 1963 741 et
2004 689 2273 753 maneat,
2326 680 2512 743 donec

409 782 667 857 „virtute
695 779 946 867 Spiritus
984 778 1185 842 Sancti
1231 801 1335 865 per
1363 778 1626 844 Verbum
1676 779 2076 864 praedicatum
2122 789 2180 842 et
2229 780 2509 857 auditum,

408 904 523 958 „ex
560 902 723 945 mera
770 880 992 966 gratia,
1045 879 1168 942 sine
1211 880 1374 943 omni
1411 901 1516 943 sua
1546 880 1783 966 propria
1817 881 2235 967 cooperatione
2268 901 2511 944 conver-

405 991 638 1059 ‚,tatur‚
692 979 807 1046 fide
855 981 1139 1055 donetur,
1192 992 1610 1065 regeneretur,
1684 992 1742 1043 et
1782 991 2133 1055 renovetur,
2187 1001 2316 1067 pag.
2364 987 2506 1044 656.

406 1084 526 1160 „ll.
574 1081 882 1145 Credimus
921 1081 1077 1166 quod
1117 1080 1371 1145 huminis
1410 1103 1527 1144 non
1557 1083 1746 1144 renati
1776 1071 2136 1154 intellectus„
2192 1103 2296 1144 cor
2324 1092 2382 1144 et
2411 1106 2509 1147 vo·

408 1185 643 1259 „luntas
669 1181 729 1243 in
758 1181 936 1245 rebus
962 1180 1362 1268 spiritualibus
1404 1190 1461 1243 et
1490 1179 1720 1245 Divinis
1754 1202 1825 1244 ex
1857 1183 2106 1270 propriis
2147 1183 2512 1247 naturalibus

407 1283 704 1360 „viribus,
756 1304 994 1369 prorsus
1023 1279 1166 1343 nihil
1200 1281 1565 1365 intelligere,
1617 1282 1878 1358 credere,
1931 1283 2238 1367 amplecti,
2291 1285 2511 1368 cogita·

406 1400 546 1461 „re,‘
598 1382 784 1459 velle,
823 1381 1137 1455 inchoare,
1190 1379 1507 1465 perficere,
1553 1403 1769 1468 agere,
1825 1384 2058 1469 operari
2104 1392 2163 1446 et
2206 1383 2512 1469 cooperari

405 1486 657 1571 „possit,
711 1485 817 1547 sed
854 1482 1015 1567 quod
1058 1480 1238 1544 bomo
1268 1479 1339 1544 ad
1383 1467 1604 1543 bonum
1637 1504 1875 1568 prorsus
1904 1494 2215 1569 corruptus
2255 1494 2311 1548 et
2353 1505 2510 1548 mor-

404 1595 580 1662 „tuus
619 1584 724 1662 sit,
778 1586 858 1646 ita
890 1583 1038 1645 utin
1066 1581 1318 1644 hominis
1359 1591 1572 1645 natura
1616 1592 1743 1668 post
1774 1582 2035 1667 lapsum,
2091 1594 2226 1647 ante
2268 1606 2511 1672 regene-

402 1686 773 1766 ‚,rationem,
848 1705 923 1747 ne
971 1681 1221 1745 scintilla
1280 1682 1515 1768 quidem
1574 1682 1961 1769 spiritualium
2020 1684 2233 1748 virium
2286 1687 2512 1773 reliqua

402 1785 758 1864 ‚,manserit,
813 1783 1026 1868 quibus
1065 1782 1162 1844 ille
1201 1782 1274 1845 ad
1314 1782 1566 1867 gratiam
1611 1784 1721 1847 Dei
1752 1805 2108 1869 praeparare
2135 1806 2216 1859 se,
2270 1795 2373 1849 aut
2404 1787 2513 1848 ob-

403 1889 624 1962 ‚,latam
666 1865 1150 1970 apprehendere,
1202 1891 1304 1946 aut
1348 1884 1801 1947 accommodare
1841 1906 1936 1958 se,
1990 1894 2046 1946 et
2088 1906 2193 1971 per
2230 1906 2291 1947 se
2326 1906 2511 1972 capax

403 2007 568 2063 „esse
598 1986 796 2070 possit,
850 1992 951 2046 aut
981 1982 1205 2047 viribus
1233 1984 1483 2070 propriis
1511 1984 1731 2068 aliquid
1759 1984 1835 2046 ad
1865 1985 2311 2046 conversionem
2341 2006 2509 2047 suam

405 2074 705 2164 „veltoto
748 2083 843 2146 vel
884 2106 951 2147 ex
994 2083 1231 2148 dimidia
1260 2086 1357 2148 vel
1389 2107 1460 2147 ex
1488 2085 1728 2146 minima
1761 2094 1927 2169 parte
1959 2082 2256 2158 conferre,
2313 2105 2513 2169 agere,

403 2185 680 2271 „operati
704 2196 811 2248 aut·
841 2186 1150 2271 cooperari
1179 2206 1249 2248 ex
1275 2187 1499 2272 seipso,
1552 2194 1653 2247 aut
1682 2194 1962 2269 tanquam
1994 2206 2062 2247 ex
2092 2185 2279 2270 seipso
2309 2185 2510 2272 possit,

405 2284 745 2371 „sed-quod
787 2286 966 2349 homo
1013 2287 1083 2349 sit
1131 2288 1352 2373 peccati
1393 2308 1598 2351 servus
1637 2294 1695 2347 et
1736 2287 2093 2371 mancipium
2122 2286 2415 2361 Satanae,
2473 2309 2507 2350 a

400 2409 564 2473 ,3quo
623 2385 912 2473 agitatur,
983 2386 1119 2449 inde
1165 2390 1316 2451 adeo
1369 2389 1639 2451 naturale
1687 2387 1811 2473 ejus
1859 2387 2139 2452 Liberum
2194 2386 2511 2451 arbitrium

403 2490 674 2565 „ratione
702 2499 1116 2574 corruptarum
1151 2488 1360 2552 virium
1391 2499 1449 2552 et
1490 2498 1737 2551 naturae
1777 2510 1922 2553 suae
1959 2489 2318 2574 depravatae
2358 2489 2515 2551 dun-

402 2598 608 2665 „taxat
649 2589 722 2653 ad
766 2609 867 2664 ea,
920 2610 1072 2675 quae
1102 2589 1231 2652 Deo
1260 2589 1564 2675 displicent
1594 2600 1650 2653 et
1680 2588 2109 2665 adversantur,
2162 2591 2421 2652 activum
2450 2597 2515 2652 et

403 2690 647 2764 „efficax
675 2699 781 2764 est,
839 2713 890 2774 p.
926 2695 1071 2752 656.
1129 2689 1238 2752 111.
1285 2689 1463 2769 Quod
1495 2688 1674 2754 homo
1708 2689 1767 2752 in
1810 2689 2080 2753 civilibus
2121 2697 2180 2753 et
2222 2689 2512 2754 naturali-

402 2791 554 2865 „bus
594 2790 775 2853 rebus
813 2791 886 2854 sit
924 2790 1241 2854 industrius
1281 2800 1338 2853 et
1369 2791 1737 2876 ingeniosus,
1792 2791 1892 2854 sed
1923 2792 1981 2852 in
2008 2790 2411 2876 spiritualibus
2448 2800 2510 2853 et

402 2890 674 2967 „Divinis
716 2891 929 2966 rebuS,
982 2912 1137 2978 quae
1178 2892 1252 2955 ad
1293 2896 1525 2954 animae
1565 2893 1813 2954 salutem
1854 2900 2152 2979 spectant,
2205 2891 2277 2955 sit
2303 2890 2511 2954 similis

403 3000 676 3067 „trunc0,
705 2990 902 3078 lapidi,
946 3001 1176 3055 statuae
1205 2991 1340 3055 salis
1369 2994 1566 3056 uxoris
1593 2991 1746 3066 Loti,
1774 3013 1929 3077 quae
1957 3012 2149 3076 neque
2177 2993 2510 3065 oculorum,

404 3091 564 3167 „oris
591 3100 693 3156 aut
722 3092 975 3156 ullorum
1007 3113 1287 3156 sensuum
1323 3115 1492 3157 usum
1521 3092 1776 3166 habent,
1816 3112 1946 3178 pag.
1982 3093 2127 3153 661.
2185 3090 2289 3154 lv.
2332 3089 2515 3170 Quod

390 3190 626 3269 '„homo
671 3214 856 3279 usque
898 3193 1028 3256 loco
1073 3191 1354 3258 motivam
1398 3194 1723 3280 potentiam
1766 3185 2041 3285 [habeam
2097 3183 2227 3280 seu]
2268 3200 2515 3253 externa

404 3295 712 3370 „membra
744 3312 970 3378 regere,
1010 3293 1401 3378 Evangelium
1432 3293 1672 3367 audire,
1714 3299 1773 3354 et
1800 3291 2000 3377 aliquo
2031 3290 2207 3354 modo
2240 3290 2514 3354 meditari

402 3395 657 3479 „possit,
700 3395 800 3459 sed
828 3394 999 3480 quod.
1022 3415 1204 3479 usque
1233 3392 1290 3454 id
1320 3393 1512 3457 tacitis
1540 3392 1997 3478 cogitationibus
2022 3399 2086 3453 ut
2117 3411 2238 3454 rem
2268 3391 2515 3455 stultam
2593 3426 2608 3433 =

400 3503 714 3578 „spernat,
772 3515 961 3579 neque
1008 3494 1250 3556 credere
1291 3494 1505 3580 possit,
1565 3503 1629 3556 et
1665 3493 1722 3554 in
1765 3492 1876 3557 hac
1917 3502 2085 3578 parte
2127 3490 2386 3556 deterior
2424 3500 2520 3555 est

401 3601 679 3669 „trunc0,
733 3595 841 3657 nisi
870 3594 1122 3679 Spiritus
1148 3593 1401 3658 Sanctus
1428 3593 1488 3656 in
1516 3594 1618 3657 illo
1648 3583 1722 3657 sit
1748 3593 1983 3667 efficax,
2036 3600 2094 3655 et
2122 3591 2295 3655 fidem
2337 3592 2513 3656 alias—

398 3714 558 3779 „que
588 3694 718 3757 Deo
749 3695 1029 3782 probatas
1056 3694 1303 3757 virtutes
1328 3704 1391 3757 et
1437 3694 1833 3758 obedientiam
1873 3696 1932 3755 in
1978 3693 2078 3758 illo
2121 3692 2407 3756 accendat
2450 3702 2514 3754 et

398 3803 754 3879 „operetur,
819 3814 955 3880 pag.
1005 3799 1151 3856 6652.
1207 3795 1274 3860 V.
1324 3794 1601 3872 Quadam
1645 3794 1875 3858 ratione
1921 3794 2035 3857 dici
2087 3802 2275 3883 potest
2318 3793 2514 3856 homi-

397 3914 575 3973 „nem
603 3915 725 3957 non
755 3917 879 3958 esse
908 3894 1157 3979 lapidem
1190 3905 1291 3959 aut
1318 3907 1627 3970 truncum,
1681 3894 1826 3980 lapis
1867 3905 1925 3958 et
1968 3904 2212 3957 truncus
2252 3915 2370 3958 non
2412 3913 2512 3957 re-

394 3994 728 4073 ⁸,luctatum
783 4017 893 4058 nec
931 3994 1201 4080 intelligit
1246 4006 1347 4058 aut
1385 3995 1593 4073 sentit,
1649 3996 1789 4081 quid
1831 4017 2029 4059 secum
2076 3996 2307 4079 agitur,
2360 3993 2519 4057 sicut

399 4094 616 4171 „homo
646 4096 775 4160 Deo
816 4117 919 4158 sua
965 4096 1269 4160 voluntate
1297 4097 1657 4170 reluctatur,
1714 4097 1901 4159 donec
1931 4097 2004 4158 ad
2036 4096 2227 4158 Deum
2259 4114 2513 4158 conver-

397 4216 533 4270 „sus
560 4196 766 4270 fuerit3
823 4206 880 4259 et
923 4206 1118 4259 tamen
1163 4218 1370 4261 verum
1413 4206 1528 4271 est,
1582 4195 1740 4282 quod
1782 4195 1962 4259 bomo
1998 4204 2135 4259 ante
2165 4194 2514 4259 conversio-

395 4315 570 4372 „nem
610 4297 684 4363 sit
718 4307 990 4371 creatura
1020 4294 1355 4377 rationalis,
1413 4318 1565 4386 quae
1587 4296 1773 4360 hahet
1799 4295 2203 4371 intellectum,
2254 4294 2357 4360 sed
2387 4315 2512 4359 non
