2750 4775
443 362 546 410 122
670 346 1131 402 UNIVERSA
1181 348 1714 403 THEOLOGIA
1763 350 1826 401 N.
1869 349 1931 403 C.
1971 350 2082 401 ΕΤ
2124 351 2191 403 Ν.
2233 351 2298 402 Ε.

436 503 705 578 scentiis,
759 510 819 567 et
845 502 1003 590 quod
1028 502 1105 568 sit
1133 503 1287 569 sicut
1311 504 1537 568 fructus
1561 503 1715 567 intra
1754 501 2120 590 superficiem
2162 504 2370 593 plenus
2407 527 2549 571 ver·

439 605 633 681 nribus
662 624 910 692 corpore
939 603 1087 670 albis
1112 626 1181 669 ac
1208 605 1401 693 capite
1426 605 1641 692 nigris,
1694 615 1755 670 et
1784 626 2021 692 qnoque
2048 606 2209 692 quod
2237 606 2398 671 mala
2428 608 2550 672 sint

440 726 785 781 numerosa,
837 714 895 769 et
935 706 1089 770 inter
1126 728 1189 770 se
1216 707 1566 794 conjuncta,
1615 706 1762 772 sicut
1802 716 1890 771 est
1930 707 2239 793 progenies
2281 729 2548 774 araneae

438 829 510 872 ex
540 817 746 870 ventre
773 808 897 892 ejus
937 807 1186 893 primurn
1227 808 1495 884 exclusa,
1550 828 1734 895 qnare
1773 807 1882 870 nisi
1924 829 2104 872 unum
2143 809 2365 872 malum
2407 820 2550 898 post

439 912 687 975 alterum
716 909 1011 983 educitur,
1064 917 1124 971 et
1151 907 1265 972 hoc
1304 930 1489 996 usque
1525 910 1664 972 dum
1707 908 1823 996 liga
1865 917 2140 996 perrupta
2181 918 2300 984 est,
2358 910 2550 985 homo

436 1032 555 1075 non
583 1019 774 1096 potest
800 1030 992 1077 novus
1018 1006 1161 1073 lieri.
1245 1009 1424 1074 Haec
1454 1011 1632 1075 allata
1670 1020 1808 1075 sunt
1843 1011 1924 1074 oh
1967 1031 2236 1086 causam,
2290 1023 2357 1075 ut
2391 1013 2549 1077 scia-

438 1121 567 1188 tur,
619 1110 777 1198 quod
833 1120 1117 1197 quantum
1174 1110 1305 1197 quis
1354 1121 1771 1198 regeneratur,
1841 1120 2068 1175 tantum
2117 1123 2552 1178 removeantur

439 1221 696 1300 peccata.

498 1390 503 1395 ,
593 1317 741 1378 612.
824 1314 1023 1378 Homo
1062 1333 1095 1376 a
1140 1312 1448 1376 nativitate
1487 1313 1729 1378 inclinat
1769 1314 1844 1381 ad
1887 1313 2077 1377 omnis
2100 1314 2335 1398 generis
2362 1315 2547 1392 mala,

438 1426 498 1482 et
543 1434 615 1481 ex
659 1412 1036 1480 inclinatione
1083 1414 1439 1502 concupiscit
1482 1413 1613 1491 illa,
1676 1425 1735 1478 et
1779 1423 2061 1501 quantum
2110 1417 2171 1478 in
2215 1413 2407 1480 libero
2454 1426 2548 1482 est

438 1519 617 1587 etiam
658 1516 799 1580 facit
836 1516 969 1592 illa,
1019 1537 1154 1578 nam
1196 1537 1231 1579 a
1276 1516 1586 1581 nativitate
1625 1515 1985 1603 concupiscit
2028 1516 2319 1580 dominari
2358 1539 2545 1604 super

436 1621 613 1694 alios,
664 1627 724 1681 et
753 1616 1048 1704 possidere
1080 1616 1234 1680 bona
1259 1615 1542 1692 aliorum,
1583 1637 1738 1704 quae
1762 1616 1879 1680 duo
1910 1615 2240 1682 discindunt
2269 1638 2541 1682 amorem

436 1741 577 1808 erga
606 1719 952 1807 proximum,
986 1726 1044 1779 et
1072 1726 1215 1780 tune
1241 1715 1376 1780 odio
1404 1716 1582 1782 habet
1611 1739 2019 1805 quemcunque
2050 1719 2162 1805 qui·
2174 1740 2236 1784 se
2263 1724 2534 1806 opponit,

436 1831 496 1887 et
522 1843 590 1885 ex
621 1820 758 1884 odio
787 1819 970 1908 spirat
998 1816 1346 1892 vindictam,
1385 1840 1538 1905 quae
1563 1819 1718 1884 intus
1745 1818 1910 1883 fovet
1937 1838 2171 1894 necem;
2221 1820 2361 1884 iude
2393 1843 2543 1908 quo·

433 1944 549 2012 que
577 1930 695 1997 est,
735 1919 892 2006 quod
922 1919 1085 1982 nihili
1115 1916 1292 1984 faciat
1318 1918 1636 1995 adulteria,
1680 1920 1840 1985 nihili
1867 1920 2356 2010 depraedationes
2382 1943 2539 2009 qnae

434 2034 574 2091 sunt
608 2020 966 2087 claudestina
1008 2019 1198 2097 furta,
1250 2029 1311 2082 et
1347 2020 1511 2084 nihili
1550 2020 1944 2110 blasphemias
1987 2043 2137 2109 quae
2181 2024 2358 2086 etiam
2399 2035 2540 2088 sunt

436 2126 581 2192 falsa
608 2121 974 2197 testimonia,
1015 2129 1072 2185 et
1100 2122 1198 2209 qui
1225 2120 1373 2189 haec
1399 2132 1459 2186 et
1485 2121 1583 2186 illa
1613 2121 1774 2188 nihili
1804 2121 1977 2199 facit,
2015 2123 2111 2188 ille
2143 2123 2320 2187 etiam
2356 2125 2537 2189 corde

436 2225 645 2293 atheus
671 2234 786 2297 est;
842 2223 975 2287 talis
999 2234 1086 2288 est
1114 2222 1294 2289 hoino
1323 2244 1356 2287 a
1388 2223 1728 2297 nativitate;
1779 2244 1849 2289 ex
1879 2223 2094 2312 quibus
2128 2233 2321 2313 patet,
2375 2226 2536 2313 qnod

398 2401 399 2404 Ἴ
436 2351 509 2396 ex
532 2326 646 2391 hac
667 2326 741 2391 sit
768 2328 826 2386 in
857 2324 1095 2390 minima
1121 2323 1309 2411 effigie
1335 2323 1647 2391 infernum.
1729 2326 1908 2392 Nunc
1947 2325 2084 2414 quia
2125 2325 2304 2393 homo
2334 2327 2533 2414 quoad

436 2429 717 2493 interiora
770 2428 978 2498 mentis
1021 2447 1163 2491 suae
1208 2436 1383 2492 natus
1428 2436 1516 2493 est
1558 2426 1905 2515 spiritualis,
1956 2448 2123 2494 secus
2178 2449 2247 2491 ac
2291 2429 2535 2506 bestiae,

358 2529 369 2554 ³
437 2536 864 2615 consequenter
889 2537 1063 2593 uatus
1090 2528 1164 2608 ad
1193 2527 1451 2604 caelum,
1502 2536 1562 2592 ot
1591 2537 1786 2591 tamen
1819 2528 2103 2594 naturalis
2126 2550 2229 2594 seu
2258 2538 2540 2609 externus

433 2631 558 2717 ejus
582 2629 789 2700 homo,
846 2637 936 2695 est
962 2639 1029 2694 ut
1052 2629 1301 2704 dictum,
1356 2630 1414 2692 in
1456 2630 1695 2694 minima
1737 2630 1922 2715 effigie
1958 2630 2288 2706 infernum,
2342 2632 2535 2718 sequi·

434 2742 534 2797 tur
575 2730 734 2818 quod
776 2731 1003 2816 caelum
1046 2751 1166 2796 non
1207 2730 1542 2819 implantari
1587 2731 1766 2817 possit
1807 2730 2070 2804 inferno,
2140 2732 2245 2796 nisi
2289 2729 2408 2795 hoc
2449 2753 2537 2796 re-

433 2841 761 2898 moveatur.
1300 2863 1309 2872 2

512 2971 519 2978 ,
568 2937 738 2997 ¹613.
820 2934 938 3015 Qui
981 2933 1176 3008 novit,
1229 2933 1531 3018 quomodo
1559 2933 1800 2998 Caelum
1842 2942 1902 2997 et
1938 2932 2242 2999 infernum
2280 2934 2438 2998 inter
2472 2954 2533 2999 se

433 3044 570 3103 sunt
587 3069 611 3110 ,-
652 3044 712 3099 et
738 3035 1037 3120 quomodo
1054 3043 1408 3118 ‚removetur
1434 3056 1615 3099 unum
1643 3034 1720 3098 ab
1748 3034 1967 3110 altero,
2018 3035 2115 3099 ille
2143 3055 2313 3099 nosse
2343 3043 2536 3122 potest

434 3136 736 3226 quomodo
781 3136 959 3201 homo
1002 3145 1420 3224 regeneratur,
1492 3144 1557 3199 ut
1600 3146 1657 3202 et
1701 3130 1887 3222 qualis
1927 3135 2105 3201 homo
2148 3146 2532 3222 regeneratus

434 3248 552 3314 est;
602 3249 669 3304 nt
702 3239 824 3303 hoc
861 3236 1242 3324 intelligatur,
1281 3240 1341 3301 in
1367 3237 1689 3303 summario
1729 3237 2140 3324 propalabitur
2176 3236 2326 3315 hoc,
2371 3236 2532 3323 quod

436 3364 641 3406 omnes
679 3340 877 3430 quiin
906 3337 1083 3402 Caelo
1110 3350 1282 3415 suut,
1335 3338 1622 3425 aspiciant
1652 3338 2039 3403 Dominum-a
2077 3339 2260 3414 facie,
2305 3346 2371 3402 e‘t
2409 3359 2533 3403 orn·

431 3464 537 3508 nes
568 3445 664 3529 qni
691 3443 753 3505 in
782 3438 1024 3505 Inferno
1049 3450 1214 3515 sunt,
1246 3447 1523 3506 avertant
1549 3436 1759 3504 faciem
1787 3459 1821 3501 a
1849 3440 2141 3520 Domino,
2181 3461 2363 3527 quare
2392 3439 2528 3503 dum

430 3567 463 3605 e
492 3543 673 3608 Caelo
702 3540 1007 3630 inspicitur
1038 3539 1362 3615 infernum,
1419 3549 1704 3629 apparent
1729 3540 1907 3604 modo
1940 3541 2216 3627 occipitio
2240 3550 2299 3606 et
2328 3550 2526 3628 tergm

432 3644 552 3708 imo
579 3645 754 3707 etiam
783 3642 1246 3728 apparent-sicut
1273 3641 1491 3707 inversi
1519 3650 1585 3705 ut
1611 3633 1917 3729 antipodes
1944 3642 2189 3729 pedibus
2213 3661 2443 3712 sursum
2474 3649 2529 3705 et

435 3743 722 3833 capitibus
746 3744 1056 3818 deorsum,
1109 3753 1168 3807 et
1192 3741 1307 3806 hoc
1337 3744 1566 3808 tametsi
1594 3742 1899 3810 ambulant
1937 3766 2113 3830 super
2148 3742 2422 3832 pedibuS,
2470 3750 2530 3806 et

432 3844 615 3909 facies
658 3846 1158 3920 circumvertunt‚
1236 3864 1373 3906 nam
1429 3843 1515 3906 est
1567 3843 1828 3909 directio
1864 3844 2131 3931 opposita
2186 3844 2527 3909 interiorum

431 3946 645 4013 mentis
671 3963 912 4022 eorum,
966 3964 1117 4033 quae
1157 3944 1318 4009 illum
1350 3944 1547 4014 ‘visum
1593 3944 1893 4035 producit3
1943 3944 2094 4011 haec
2130 3945 2421 4010 mirabilia
2463 3965 2528 4010 ex

432 4046 702 4136 autopsia
730 4047 943 4112 refero.
1006 4044 1229 4111 'Ex‘his
1254 4045 1397 4110 mihi
1426 4047 1720 4112 detectum
1748 4055 1867 4124 est,
1920 4046 2220 4133 quomodo
2261 4044 2327 4111 {it
2364 4066 2530 4134 rege·

431 4150 694 4228 neratio,
750 4149 906 4236 quod
935 4148 1037 4214 liat
1065 4170 1303 4235 prorsus
1328 4150 1479 4213 sicut
1507 4147 1809 4213 Infernum
1838 4155 2181 4230 removetur
2221 4157 2284 4212 et
2319 4148 2404 4214 sic
2445 4168 2528 4213 se-

433 4261 679 4340 paratur
704 4272 738 4318 a
765 4251 975 4330 Caelo,
1026 4271 1195 4327 nam,
1250 4258 1517 4337 utsupra
1545 4245 1765 4313 dictum
1783 4296 1798 4324 ,
1847 4246 2026 4318 homo
2056 4247 2254 4337 quoad
2281 4251 2527 4339 primam
