2750 4775
866 337 960 389 lx.
1042 336 1681 394 PAENITENTIA.
2262 347 2331 397 85

240 490 427 555 Aliter
467 489 531 554 fit
569 490 783 568 cuivis,
850 492 952 579 qui
994 488 1426 557 Paenitentiam
1474 491 1780 554 actualiter
1824 490 1971 578 egit,
2036 491 2134 557 ille
2175 492 2331 559 mala

236 614 376 667 sua,
430 613 584 678 quae
614 592 889 679 cognovit
921 602 977 656 et
1011 593 1290 678 agnovit,
1346 602 1521 654 vocat
1551 604 1822 676 peccata,
1878 592 2102 657 acideo
2129 594 2334 683 incipit

234 693 335 757 illa
364 691 572 778 sugere
600 703 657 756 et
684 694 978 769 aversari,
1031 702 1088 755 et
1116 692 1349 756 tandem
1389 693 1707 777 jucundum
1741 691 1973 755 illorum
1999 695 2215 758 sentire
2241 696 2331 759 in-

218 793 592 879 ‘jucundum;
645 803 704 858 et
733 804 1016 879 quantum
1045 793 1158 857 hoc
1184 791 1279 868 fit,
1327 801 1554 856 tantum
1586 793 1741 856 videt
1772 804 1832 855 et
1859 804 2013 856 amat
2043 796 2221 870 hona,
2272 805 2331 860 ct

228 895 475 960 tandem
518 898 693 960 sentit
737 894 949 960 horum
990 895 1344 982 jucundum,
1399 892 1562 981 q'uod·
1596 905 1681 958 est
1723 893 2040 978 jucundum
2079 892 2332 981 Angelo·

226 1018 369 1062 rum
400 995 590 1071 Caeli;
645 996 862 1072 verbo,
902 1004 1187 1082 quantum
1227 995 1360 1081 quis
1399 995 1585 1081 rejicit
1632 994 1931 1058 diabolum
1975 994 2048 1057 ad
2085 1004 2333 1082 tergum,

226 1107 467 1163 tantum
499 1098 816 1186 adoptatur
840 1120 874 1160 a
904 1095 1194 1171 Domino,
1246 1102 1302 1160 et
1333 1096 1409 1160 ab
1436 1094 1572 1181 Ipso
1600 1097 1878 1171 docetur,
1929 1094 2189 1172 ducitur,
2234 1097 2334 1161 de-

226 1201 461 1263 tinetur
498 1219 531 1262 a
573 1199 774 1274 malis,
812 1207 884 1261 ‘et
910 1205 1147 1263 tenetur
1173 1199 1231 1260 in
1259 1198 1462 1269 honis;
1518 1195 1791 1263 haecvia
1822 1205 1938 1271 est,
1988 1205 2045 1260 et
2072 1219 2191 1262 non
2220 1197 2335 1262 alia

225 1301 310 1365 ab
347 1299 589 1364 Inferno
617 1300 690 1363 ad
718 1299 978 1364 Caelum.
1035 1300 1171 1363 Hoc
1199 1298 1465 1364 mirabile
1494 1306 1598 1370 est,
1653 1298 1812 1384 quod
1844 1298 2132 1383 quaedam
2162 1298 2334 1363 insita

223 1402 580 1485 renuentia,
651 1400 1060 1487 tergiversatio
1107 1408 1166 1463 et
1208 1399 1503 1464 aversatio
1551 1420 1657 1487 pro
1698 1399 2069 1463 Paenitentia
2116 1399 2334 1464 actuali

225 1505 308 1568 sit
340 1501 729 1578 Reformatis,
782 1523 933 1588 quae
974 1509 1139 1564 tanta
1169 1510 1285 1576 est,
1343 1510 1405 1564 ut
1446 1521 1566 1563 non
1610 1502 1832 1584 possint
1871 1500 2109 1586 adigere
2150 1511 2336 1564 semet

227 1605 312 1667 ad
354 1604 776 1688 explorandum
816 1624 912 1677 se,
965 1613 1022 1666 et
1048 1602 1472 1669 ad·videndum
1500 1622 1604 1665 sua
1634 1613 1910 1689 peccata,
1964 1611 2022 1665 et
2051 1601 2125 1664 ad
2154 1600 2336 1666 conli-

228 1704 478 1771 tendum
521 1725 590 1768 ea
620 1725 821 1768 coram
851 1703 1013 1777 Deo;
1067 1715 1153 1767 est
1197 1703 1348 1793 sicut
1390 1701 1604 1766 horror
1644 1703 1885 1766 invadat
1927 1702 2057 1767 illos
2094 1701 2233 1766 dum
2273 1701 2334 1766 id

228 1806 583 1878 intendunt;
631 1805 895 1891 quaesivi
939 1805 1261 1892 permultos
1298 1806 1363 1867 in
1401 1803 1628 1869 Mundo
1669 1803 1959 1889 spirituali
2000 1803 2073 1866 de
2115 1824 2220 1880 eo,
2272 1811 2331 1868 et

229 1907 511 1971 dixerunt
551 1926 785 1982 omnes,
838 1904 996 1992 quod
1035 1904 1147 1969 hoc
1187 1906 1261 1969 sit
1302 1926 1476 1991 supra
1506 1905 1659 1968 vires
1687 1903 1951 1968 illorum:
2007 1925 2140 1968 cum
2169 1904 2334 1968 audi·

232 2015 455 2070 verunt
481 2006 640 2092 quod
667 2005 962 2070 Pontificii
994 2026 1175 2091 usque
1204 2002 1320 2068 hoc
1345 2004 1584 2079 faciant,
1636 2003 1747 2068 hoc
1777 2016 1896 2079 est,
1949 2005 2104 2092 quod
2132 2004 2332 2093 explo—

234 2116 374 2170 rent
413 2124 513 2181 se,
578 2116 637 2170 et
680 2106 873 2191 palam
914 2103 1307 2170 confiteantur
1347 2115 1586 2191 peccata
1630 2126 1733 2168 sua
1772 2127 1972 2170 coram
2013 2106 2333 2184 Monaeho,

241 2204 418 2296 val-de
459 2206 653 2268 mirati
692 2216 858 2280 sunt,
914 2214 971 2285 et
1012 2207 1251 2291 insuper
1289 2206 1445 2292 quod
1484 2204 1812 2270 Reformati
1854 2228 1971 2270 non
2016 2209 2237 2295 possint
2274 2207 2332 2270 id

243 2304 444 2369 facere
490 2307 548 2368 in
588 2304 820 2369 occulto
862 2327 1060 2370 coram
1090 2307 1251 2381 Deo,
1305 2308 1538 2370 tametsi·
1568 2306 1628 2369 id
1654 2306 1765 2370 illis
1790 2329 1977 2395 aeque
2003 2308 2330 2396 injunctum

243 2416 336 2472 est
363 2416 683 2494 antequam
715 2408 788 2471 ad
817 2406 1054 2471 Sacram
1085 2409 1342 2473 Caenam
1381 2409 1697 2482 accedunt;
1753 2420 1810 2472 et
1849 2410 2085 2496 quidam
2126 2410 2205 2474 ihi
2246 2412 2336 2476 in·-

244 2507 616 2597 quisiverunt
645 2530 752 2572 cur
780 2509 925 2584 hoc,
974 2530 1053 2592 ac(
1073 2510 1426 2574 invenerunt
1454 2509 1608 2596 quod
1638 2511 1760 2574 sola
1792 2511 1967 2576 Fides
2006 2512 2181 2576 talem
2213 2512 2336 2577 *im-

236 2609 637 2699 paenitentiae
676 2619 892 2673 statum
941 2618 997 2674 et
1037 2611 1155 2674 tale
1197 2633 1301 2675 cor
1337 2612 1663 2674 induxerite
1716 2621 1774 2675 et
1818 2621 1959 2676 tunc
2005 2612 2204 2677 datum
2247 2622 2336 2679 est

233 2711 350 2777 illis
389 2711 623 2787 videre,
675 2711 831 2797 quod
869 2710 950 2778 illi
980 2733 1050 2776 ex
1078 2711 1428 2788 Pontificiis,
1484 2714 1583 2800 qui
1612 2712 1865 2778 adorant
1891 2712 2219 2792 Christum,
2273 2724 2332 2779 et

231 2830 359 2877 non
382 2811 663 2884 invocant
690 2812 966 2887 Sanctos,
1022 2813 1338 2877 salventur.

174 3003 183 3014 ·
388 2913 530 2977 Post
559 2914 708 2977 haec
733 2914 994 2977 auditum
1024 2924 1116 2977 est
1141 2916 1291 2978 sicut
1320 2915 1564 2990 tonitru,
1618 2924 1675 2978 et
1707 2934 1821 2977 vox
1849 2917 2096 3004 loquens
2122 2938 2154 2980 e
2182 2915 2331 2980 Cae-

234 3018 329 3091 lo,
383 3015 614 3090 dicens,
665 3016 978 3086 mi1·amur;
1034 3015 1126 3078 dic
1158 3017 1233 3079 ad
1262 3014 1510 3079 Caetum
1541 3014 2057 3094 Reformatorum,
2112 3017 2332 3081 credite

232 3118 297 3180 in
337 3114 666 3190 Christum,
718 3125 776 3179 et
819 3116 976 3200 agite
1021 3116 1487 3191 Paenitentiam,
1539 3126 1597 3178 et
1639 3117 2042 3181 salvabimini:
2095 3128 2153 3181 et
2193 3117 2329 3193 dixi,

235 3227 295 3282 et
338 3218 602 3303 insuper;
670 3225 835 3280 estne
879 3215 1241 3282 Bsmismns
1283 3217 1740 3282 Sacramentum
1782 3218 2220 3290 Paenitentiae,
2271 3227 2333 3281 et

232 3318 372 3381 inde
416 3316 781 3381 Introductio
817 3317 878 3379 in
918 3316 1275 3394 Ecclesiam,
1337 3318 1476 3404 quid
1516 3318 1673 3381 aliud
1715 3319 1940 3383 Patrini
1985 3339 2095 3404 pro
2129 3315 2332 3403 Bapti-

234 3418 424 3484 zando
470 3418 795 3505 spondent,
873 3438 1049 3504 quam
1096 3429 1163 3482 ut
1205 3416 1442 3482 abdicet
1489 3419 1788 3483 diabolum
1844 3429 1903 3483 et
1955 3419 2081 3502 ejus
2131 3438 2328 3505 opera.

234 3519 419 3584 Estne
443 3518 649 3583 SAan
677 3518 889 3583 CAENA
918 3519 1364 3594 Sacramentum
1398 3519 1821 3602 paenitentiae,
1870 3528 1932 3583 et
1969 3518 2104 3582 inde
2135 3519 2331 3584 Intro-

235 3620 435 3684 ductio
479 3620 542 3682 in
578 3619 850 3693 Caelum;
922 3619 1329 3685 diciturnead
1374 3618 1925 3697 communicantes,
1977 3629 2040 3684 ut
2088 3621 2331 3687 omnino

234 3730 372 3785 ante
402 3721 796 3785 accessionem
836 3722 1249 3809 paenitentiam
1282 3728 1478 3808 agant.
1537 3720 1715 3785 Estne
1744 3722 2182 3787 anzcmsmus
2208 3723 2335 3788 Do·

234 3822 422 3885 ctrina
471 3822 838 3890 Universalis
877 3821 1172 3886 Ecclesiae
1222 3822 1591 3887 Christianae
1637 3821 1852 3885 docens
1894 3823 2330 3910 paenitentiam,

231 3923 525 3989 diciturne
563 3923 641 3987 ihi
681 3924 740 3987 in
776 3945 879 3989 sex
904 3924 1244 4012 Praeceptis
1268 3922 1578 3987 Secundae
1605 3923 1874 3987 Tabulae
1895 3974 1910 4000 ,
1963 3921 2077 3988 hoc
2104 3932 2163 3986 et
2190 3922 2334 3986 illud

229 4024 457 4090 Malum
500 4046 621 4088 non
663 4022 871 4102 facies,
925 4033 985 4087 et
1011 4046 1131 4090 non
1159 4023 1409 4101 dicitur,
1462 4021 1576 4088 hoc
1609 4034 1667 4088 et
1694 4023 1835 4088 illud
1858 4023 2092 4089 Bonum
2121 4022 2330 4087 facies:

229 4117 361 4193 inde
392 4126 640 4217 potestis
667 4124 836 4203 scire,
891 4125 1051 4212 qnod
1082 4134 1364 4213 quantum
1396 4124 1523 4210 quis
1547 4126 1775 4190 Malum
1804 4124 2039 4189 abdicat
2080 4132 2138 4185 et
2164 4140 2334 4186 aver·
