<?xml version="1.0" encoding="UTF-8"?>
<!DOCTYPE html PUBLIC "-//W3C//DTD XHTML 1.0 Transitional//EN"
    "http://www.w3.org/TR/xhtml1/DTD/xhtml1-transitional.dtd">
<html xmlns="http://www.w3.org/1999/xhtml" xml:lang="en" lang="en">
 <head>
  <title>
</title>
<meta http-equiv="Content-Type" content="text/html;charset=utf-8" />
  <meta name='ocr-system' content='tesseract 3.04.00' />
  <meta name='ocr-capabilities' content='ocr_page ocr_carea ocr_par ocr_line ocrx_word'/>
</head>
<body>
  <div class='ocr_page' id='page_1' title='image "./verachristianar00unkngoog_0178.png"; bbox 0 0 2750 4775; ppageno 0'>
   <div class='ocr_carea' id='block_1_1' title="bbox 482 346 2328 416">
    <p class='ocr_par' dir='ltr' id='par_1_1' title="bbox 482 346 2328 416">
     <span class='ocr_line' id='line_1_1' title="bbox 482 346 2328 416; baseline -0.005 -2"><span class='ocrx_word' id='word_1_1' title='bbox 482 365 590 416; x_wconf 59' lang='lat'>15&amp;</span> <span class='ocrx_word' id='word_1_2' title='bbox 708 350 1158 406; x_wconf 77' lang='lat' dir='ltr'>UNIVEBSA</span> <span class='ocrx_word' id='word_1_3' title='bbox 1217 346 1742 407; x_wconf 64' lang='lat' dir='ltr'>THEOLOGM</span> <span class='ocrx_word' id='word_1_4' title='bbox 1786 352 1854 407; x_wconf 72' lang='lat' dir='ltr'>N.</span> <span class='ocrx_word' id='word_1_5' title='bbox 1897 350 1963 407; x_wconf 71' lang='lat' dir='ltr'>G,</span> <span class='ocrx_word' id='word_1_6' title='bbox 2004 351 2119 404; x_wconf 87' lang='lat' dir='ltr'>ET</span> <span class='ocrx_word' id='word_1_7' title='bbox 2158 352 2223 403; x_wconf 78' lang='lat' dir='ltr'>N.</span> <span class='ocrx_word' id='word_1_8' title='bbox 2262 351 2328 405; x_wconf 85' lang='grc' dir='ltr'>Ε.</span> 
     </span>
    </p>
   </div>
   <div class='ocr_carea' id='block_1_2' title="bbox 478 503 2544 997">
    <p class='ocr_par' dir='ltr' id='par_1_2' title="bbox 478 503 2544 997">
     <span class='ocr_line' id='line_1_2' title="bbox 479 503 2538 594; baseline -0.001 -23"><span class='ocrx_word' id='word_1_9' title='bbox 479 508 541 571; x_wconf 83' lang='grc'>111</span> <span class='ocrx_word' id='word_1_10' title='bbox 569 506 778 581; x_wconf 76' lang='lat' dir='ltr'>vitem,</span> <span class='ocrx_word' id='word_1_11' title='bbox 835 525 939 592; x_wconf 85' lang='lat' dir='ltr'>per</span> <span class='ocrx_word' id='word_1_12' title='bbox 978 505 1234 592; x_wconf 76' lang='lat' dir='ltr'>aliquam</span> <span class='ocrx_word' id='word_1_13' title='bbox 1274 505 1748 594; x_wconf 74' lang='lat' dir='ltr'>imputationem,</span> <span class='ocrx_word' id='word_1_14' title='bbox 1800 503 2258 580; x_wconf 80' lang='lat' dir='ltr'>addicationem,</span> <span class='ocrx_word' id='word_1_15' title='bbox 2309 503 2538 591; x_wconf 80' lang='lat' dir='ltr'>applica-</span> 
     </span>
     <span class='ocr_line' id='line_1_3' title="bbox 478 606 2538 695; baseline -0.001 -24"><span class='ocrx_word' id='word_1_16' title='bbox 478 608 700 673; x_wconf 90' lang='lat' dir='ltr'>tionem</span> <span class='ocrx_word' id='word_1_17' title='bbox 737 606 989 672; x_wconf 78' lang='lat' dir='ltr'>Divinae</span> <span class='ocrx_word' id='word_1_18' title='bbox 1027 606 1315 691; x_wconf 81' lang='lat' dir='ltr'>justitiae,</span> <span class='ocrx_word' id='word_1_19' title='bbox 1368 628 1521 694; x_wconf 81' lang='lat' dir='ltr'>quae</span> <span class='ocrx_word' id='word_1_20' title='bbox 1567 608 1758 695; x_wconf 84' lang='lat' dir='ltr'>potius</span> <span class='ocrx_word' id='word_1_21' title='bbox 1796 607 1956 670; x_wconf 81' lang='lat' dir='ltr'>illum</span> <span class='ocrx_word' id='word_1_22' title='bbox 1998 607 2333 680; x_wconf 74' lang='lat' dir='ltr'>damnaret,</span> <span class='ocrx_word' id='word_1_23' title='bbox 2383 626 2538 692; x_wconf 83' lang='lat' dir='ltr'>quam</span> 
     </span>
     <span class='ocr_line' id='line_1_4' title="bbox 479 706 2540 796; baseline -0.004 -20"><span class='ocrx_word' id='word_1_24' title='bbox 479 708 850 796; x_wconf 44' lang='lat' dir='ltr'>justificare&amp;</span> <span class='ocrx_word' id='word_1_25' title='bbox 901 729 1099 772; x_wconf 88' lang='lat' dir='ltr'>annon</span> <span class='ocrx_word' id='word_1_26' title='bbox 1128 717 1190 771; x_wconf 88' lang='lat' dir='ltr'>ut</span> <span class='ocrx_word' id='word_1_27' title='bbox 1216 709 1527 774; x_wconf 81' lang='lat' dir='ltr'><strong>conversio</strong></span> <span class='ocrx_word' id='word_1_28' title='bbox 1553 707 1691 783; x_wconf 84' lang='lat' dir='ltr'>fiat,</span> <span class='ocrx_word' id='word_1_29' title='bbox 1743 708 1994 772; x_wconf 82' lang='lat' dir='ltr'>ferinum</span> <span class='ocrx_word' id='word_1_30' title='bbox 2023 706 2342 794; x_wconf 71' lang='lat' dir='ltr'><strong>pantherae</strong></span> <span class='ocrx_word' id='word_1_31' title='bbox 2368 717 2423 769; x_wconf 91' lang='lat' dir='ltr'>et</span> <span class='ocrx_word' id='word_1_32' title='bbox 2448 707 2540 769; x_wconf 84' lang='lat' dir='ltr'>hu·</span> 
     </span>
     <span class='ocr_line' id='line_1_5' title="bbox 480 807 2542 896; baseline -0.002 -21"><span class='ocrx_word' id='word_1_33' title='bbox 480 811 678 886; x_wconf 84' lang='lat' dir='ltr'>bonis,</span> <span class='ocrx_word' id='word_1_34' title='bbox 730 819 830 874; x_wconf 81' lang='lat' dir='ltr'>ant</span> <span class='ocrx_word' id='word_1_35' title='bbox 880 810 1119 873; x_wconf 81' lang='lat' dir='ltr'>noxium</span> <span class='ocrx_word' id='word_1_36' title='bbox 1172 809 1350 874; x_wconf 82' lang='lat' dir='ltr'>sentis</span> <span class='ocrx_word' id='word_1_37' title='bbox 1397 818 1454 873; x_wconf 85' lang='lat' dir='ltr'>et</span> <span class='ocrx_word' id='word_1_38' title='bbox 1509 810 1760 883; x_wconf 86' lang='lat' dir='ltr'>urticae,</span> <span class='ocrx_word' id='word_1_39' title='bbox 1827 809 1986 896; x_wconf 81' lang='lat' dir='ltr'>prius</span> <span class='ocrx_word' id='word_1_40' title='bbox 2023 807 2411 872; x_wconf 79' lang='lat' dir='ltr'>&#39;auferendum</span> <span class='ocrx_word' id='word_1_41' title='bbox 2452 815 2542 882; x_wconf 83' lang='lat' dir='ltr'>est,</span> 
     </span>
     <span class='ocr_line' id='line_1_6' title="bbox 479 909 2544 997; baseline -0.004 -21"><span class='ocrx_word' id='word_1_42' title='bbox 479 921 540 976; x_wconf 81' lang='lat' dir='ltr'>et</span> <span class='ocrx_word' id='word_1_43' title='bbox 591 911 722 977; x_wconf 90' lang='lat' dir='ltr'>loco</span> <span class='ocrx_word' id='word_1_44' title='bbox 760 911 885 997; x_wconf 80' lang='lat' dir='ltr'>ejus</span> <span class='ocrx_word' id='word_1_45' title='bbox 928 931 1066 973; x_wconf 83' lang='lat' dir='ltr'>vere</span> <span class='ocrx_word' id='word_1_46' title='bbox 1110 909 1430 974; x_wconf 87' lang='lat' dir='ltr'>humanum</span> <span class='ocrx_word' id='word_1_47' title='bbox 1474 920 1534 974; x_wconf 87' lang='lat' dir='ltr'>et</span> <span class='ocrx_word' id='word_1_48' title='bbox 1578 911 1894 973; x_wconf 87' lang='lat' dir='ltr'>innocuum</span> <span class='ocrx_word' id='word_1_49' title='bbox 1940 909 2401 997; x_wconf 82' lang='lat' dir='ltr'>implantandum</span> <span class='ocrx_word' id='word_1_50' title='bbox 2446 916 2544 971; x_wconf 83' lang='lat' dir='ltr'>est:</span> 
     </span>
    </p>
   </div>
   <div class='ocr_carea' id='block_1_3' title="bbox 478 1008 2543 1181">
    <p class='ocr_par' dir='ltr' id='par_1_3' title="bbox 478 1008 2543 1181">
     <span class='ocr_line' id='line_1_7' title="bbox 478 1008 2543 1099; baseline -0.003 -21"><span class='ocrx_word' id='word_1_51' title='bbox 478 1013 776 1099; x_wconf 79' lang='lat' dir='ltr'>quomodo</span> <span class='ocrx_word' id='word_1_52' title='bbox 822 1010 936 1075; x_wconf 90' lang='lat' dir='ltr'>hoc</span> <span class='ocrx_word' id='word_1_53' title='bbox 979 1010 1073 1084; x_wconf 77' lang='lat' dir='ltr'>fit,</span> <span class='ocrx_word' id='word_1_54' title='bbox 1128 1012 1303 1075; x_wconf 89' lang='lat' dir='ltr'>etiam</span> <span class='ocrx_word' id='word_1_55' title='bbox 1343 1011 1515 1075; x_wconf 84' lang='lat' dir='ltr'>docet</span> <span class='ocrx_word' id='word_1_56' title='bbox 1544 1011 1831 1077; x_wconf 80' lang='lat' dir='ltr'>Dominus</span> <span class='ocrx_word' id='word_1_57' title='bbox 1869 1011 2022 1098; x_wconf 87' lang='lat' dir='ltr'>apud</span> <span class='ocrx_word' id='word_1_58' title='bbox 2048 1010 2383 1075; x_wconf 84' lang='lat' dir='ltr'>Johannem</span> <span class='ocrx_word' id='word_1_59' title='bbox 2422 1008 2543 1095; x_wconf 81' lang='lat' dir='ltr'>Cap.</span> 
     </span>
     <span class='ocr_line' id='line_1_8' title="bbox 480 1113 909 1181; baseline -0.014 0"><span class='ocrx_word' id='word_1_60' title='bbox 480 1115 623 1181; x_wconf 81' lang='lat' dir='ltr'>XV:</span> <span class='ocrx_word' id='word_1_61' title='bbox 681 1117 710 1177; x_wconf 87' lang='lat'>1</span> <span class='ocrx_word' id='word_1_62' title='bbox 745 1113 819 1178; x_wconf 88' lang='lat' dir='ltr'>ad</span> <span class='ocrx_word' id='word_1_63' title='bbox 849 1117 909 1176; x_wconf 71' lang='lat'>⁸1.</span> 
     </span>
    </p>
   </div>
   <div class='ocr_carea' id='block_1_4' title="bbox 591 1336 2465 1433">
    <p class='ocr_par' dir='ltr' id='par_1_4' title="bbox 591 1336 2465 1433">
     <span class='ocr_line' id='line_1_9' title="bbox 591 1336 2465 1433; baseline -0.004 -27"><span class='ocrx_word' id='word_1_64' title='bbox 591 1338 774 1423; x_wconf 82' lang='lat' dir='ltr'>Quod</span> <span class='ocrx_word' id='word_1_65' title='bbox 808 1343 890 1404; x_wconf 84' lang='lat' dir='ltr'>sit</span> <span class='ocrx_word' id='word_1_66' title='bbox 919 1341 1279 1433; x_wconf 84' lang='lat' dir='ltr'>Imputatio,</span> <span class='ocrx_word' id='word_1_67' title='bbox 1329 1339 1442 1404; x_wconf 84' lang='lat' dir='ltr'>sed</span> <span class='ocrx_word' id='word_1_68' title='bbox 1478 1339 1623 1404; x_wconf 85' lang='lat' dir='ltr'>boni</span> <span class='ocrx_word' id='word_1_69' title='bbox 1657 1353 1712 1402; x_wconf 86' lang='lat' dir='ltr'>et</span> <span class='ocrx_word' id='word_1_70' title='bbox 1755 1337 1932 1413; x_wconf 84' lang='lat' dir='ltr'>mali,</span> <span class='ocrx_word' id='word_1_71' title='bbox 1989 1352 2045 1402; x_wconf 89' lang='lat' dir='ltr'>et</span> <span class='ocrx_word' id='word_1_72' title='bbox 2083 1337 2267 1403; x_wconf 85' lang='lat' dir='ltr'>simul</span> <span class='ocrx_word' id='word_1_73' title='bbox 2285 1336 2465 1427; x_wconf 83' lang='lat' dir='ltr'>fidei.</span> 
     </span>
    </p>
   </div>
   <div class='ocr_carea' id='block_1_5' title="bbox 446 1514 2569 4339">
    <p class='ocr_par' dir='ltr' id='par_1_5' title="bbox 638 1514 2548 1603">
     <span class='ocr_line' id='line_1_10' title="bbox 638 1514 2548 1603; baseline -0.003 -23"><span class='ocrx_word' id='word_1_74' title='bbox 638 1520 783 1581; x_wconf 75' lang='lat'>643.</span> <span class='ocrx_word' id='word_1_75' title='bbox 856 1517 1031 1597; x_wconf 85' lang='lat' dir='ltr'>Quod</span> <span class='ocrx_word' id='word_1_76' title='bbox 1070 1518 1142 1580; x_wconf 87' lang='lat' dir='ltr'>sit</span> <span class='ocrx_word' id='word_1_77' title='bbox 1182 1515 1500 1603; x_wconf 84' lang='lat' dir='ltr'>Imputatio</span> <span class='ocrx_word' id='word_1_78' title='bbox 1546 1517 1686 1580; x_wconf 87' lang='lat' dir='ltr'>boni</span> <span class='ocrx_word' id='word_1_79' title='bbox 1727 1526 1785 1579; x_wconf 89' lang='lat' dir='ltr'>et</span> <span class='ocrx_word' id='word_1_80' title='bbox 1831 1515 1999 1590; x_wconf 89' lang='lat' dir='ltr'>mali,</span> <span class='ocrx_word' id='word_1_81' title='bbox 2049 1537 2200 1602; x_wconf 88' lang='lat' dir='ltr'>quae</span> <span class='ocrx_word' id='word_1_82' title='bbox 2246 1516 2310 1578; x_wconf 89' lang='lat' dir='ltr'>in</span> <span class='ocrx_word' id='word_1_83' title='bbox 2355 1514 2548 1588; x_wconf 82' lang='lat' dir='ltr'>Verbo,</span> 
     </span>
    </p>

    <p class='ocr_par' dir='ltr' id='par_1_6' title="bbox 446 1614 2569 4339">
     <span class='ocr_line' id='line_1_11' title="bbox 482 1614 2549 1704; baseline -0.005 -19"><span class='ocrx_word' id='word_1_84' title='bbox 482 1619 584 1685; x_wconf 85' lang='lat' dir='ltr'>ubi</span> <span class='ocrx_word' id='word_1_85' title='bbox 634 1617 1002 1692; x_wconf 86' lang='lat' dir='ltr'>nominatur,</span> <span class='ocrx_word' id='word_1_86' title='bbox 1056 1618 1432 1704; x_wconf 74' lang='lat' dir='ltr'>intelligitur,</span> <span class='ocrx_word' id='word_1_87' title='bbox 1497 1627 1727 1683; x_wconf 83' lang='lat' dir='ltr'>constat</span> <span class='ocrx_word' id='word_1_88' title='bbox 1780 1639 1847 1681; x_wconf 80' lang='lat' dir='ltr'>ex</span> <span class='ocrx_word' id='word_1_89' title='bbox 1902 1618 2223 1685; x_wconf 82' lang='lat' dir='ltr'>innumeris</span> <span class='ocrx_word' id='word_1_90' title='bbox 2280 1617 2423 1680; x_wconf 88' lang='lat' dir='ltr'>locis</span> <span class='ocrx_word' id='word_1_91' title='bbox 2469 1614 2549 1688; x_wconf 89' lang='lat' dir='ltr'>ibi,</span> 
     </span>
     <span class='ocr_line' id='line_1_12' title="bbox 485 1717 2553 1806; baseline -0.003 -21"><span class='ocrx_word' id='word_1_92' title='bbox 485 1741 637 1806; x_wconf 85' lang='lat' dir='ltr'>quae</span> <span class='ocrx_word' id='word_1_93' title='bbox 665 1717 899 1806; x_wconf 87' lang='lat' dir='ltr'>quidem</span> <span class='ocrx_word' id='word_1_94' title='bbox 931 1720 1088 1805; x_wconf 81' lang='lat' dir='ltr'>prius</span> <span class='ocrx_word' id='word_1_95' title='bbox 1113 1718 1186 1782; x_wconf 85' lang='lat' dir='ltr'>ad</span> <span class='ocrx_word' id='word_1_96' title='bbox 1217 1729 1441 1803; x_wconf 85' lang='lat' dir='ltr'>partem</span> <span class='ocrx_word' id='word_1_97' title='bbox 1471 1718 1648 1782; x_wconf 84' lang='lat' dir='ltr'>allata</span> <span class='ocrx_word' id='word_1_98' title='bbox 1675 1729 1843 1792; x_wconf 88' lang='lat' dir='ltr'>suut,</span> <span class='ocrx_word' id='word_1_99' title='bbox 1886 1719 1986 1783; x_wconf 84' lang='lat' dir='ltr'>sed</span> <span class='ocrx_word' id='word_1_100' title='bbox 2018 1727 2082 1782; x_wconf 79' lang='lat' dir='ltr'>ut</span> <span class='ocrx_word' id='word_1_101' title='bbox 2109 1719 2359 1805; x_wconf 85' lang='lat' dir='ltr'>quisque</span> <span class='ocrx_word' id='word_1_102' title='bbox 2387 1725 2553 1781; x_wconf 83' lang='lat' dir='ltr'>certus</span> 
     </span>
     <span class='ocr_line' id='line_1_13' title="bbox 484 1816 2553 1908; baseline -0.002 -23"><span class='ocrx_word' id='word_1_103' title='bbox 484 1821 620 1896; x_wconf 79' lang='lat' dir='ltr'>fiat,</span> <span class='ocrx_word' id='word_1_104' title='bbox 656 1821 813 1908; x_wconf 89' lang='lat' dir='ltr'>quod</span> <span class='ocrx_word' id='word_1_105' title='bbox 844 1841 963 1883; x_wconf 91' lang='lat' dir='ltr'>non</span> <span class='ocrx_word' id='word_1_106' title='bbox 989 1820 1103 1883; x_wconf 87' lang='lat' dir='ltr'>alia</span> <span class='ocrx_word' id='word_1_107' title='bbox 1133 1818 1450 1906; x_wconf 82' lang='lat' dir='ltr'>Imputatio</span> <span class='ocrx_word' id='word_1_108' title='bbox 1475 1820 1680 1895; x_wconf 87' lang='lat' dir='ltr'>detur,</span> <span class='ocrx_word' id='word_1_109' title='bbox 1721 1818 1915 1904; x_wconf 87' lang='lat' dir='ltr'>aliqua</span> <span class='ocrx_word' id='word_1_110' title='bbox 1945 1820 2119 1882; x_wconf 77' lang='lat' dir='ltr'>etiam</span> <span class='ocrx_word' id='word_1_111' title='bbox 2151 1819 2247 1883; x_wconf 87' lang='lat' dir='ltr'>hic</span> <span class='ocrx_word' id='word_1_112' title='bbox 2271 1841 2348 1882; x_wconf 83' lang='lat' dir='ltr'>ex</span> <span class='ocrx_word' id='word_1_113' title='bbox 2376 1816 2553 1883; x_wconf 86' lang='lat' dir='ltr'>Verbo</span> 
     </span>
     <span class='ocr_line' id='line_1_14' title="bbox 446 1918 2554 2007; baseline -0.002 -20"><span class='ocrx_word' id='word_1_114' title='bbox 446 1921 468 1932; x_wconf 75' lang='grc'><em>”</em></span> <span class='ocrx_word' id='word_1_115' title='bbox 484 1921 836 1996; x_wconf 86' lang='lat' dir='ltr'>afferentur,</span> <span class='ocrx_word' id='word_1_116' title='bbox 888 1941 1040 2007; x_wconf 87' lang='lat' dir='ltr'>quae</span> <span class='ocrx_word' id='word_1_117' title='bbox 1082 1929 1247 1995; x_wconf 82' lang='lat' dir='ltr'>sunt,</span> <span class='ocrx_word' id='word_1_118' title='bbox 1310 1921 1383 1988; x_wconf 92' lang='lat' dir='ltr'><em>V</em></span> <span class='ocrx_word' id='word_1_119' title='bbox 1380 1932 1624 1986; x_wconf 81' lang='lat' dir='ltr'>enturus</span> <span class='ocrx_word' id='word_1_120' title='bbox 1648 1934 1737 1986; x_wconf 83' lang='lat' dir='ltr'>est</span> <span class='ocrx_word' id='word_1_121' title='bbox 1763 1918 1964 1985; x_wconf 76' lang='lat' dir='ltr'>Filius</span> <span class='ocrx_word' id='word_1_122' title='bbox 2003 1919 2288 1995; x_wconf 82' lang='lat' dir='ltr'>hominis,</span> <span class='ocrx_word' id='word_1_123' title='bbox 2346 1935 2402 1984; x_wconf 84' lang='lat' dir='ltr'>et</span> <span class='ocrx_word' id='word_1_124' title='bbox 2436 1933 2554 1983; x_wconf 84' lang='lat' dir='ltr'>tunc</span> 
     </span>
     <span class='ocr_line' id='line_1_15' title="bbox 485 2018 2551 2113; baseline -0.004 -23"><span class='ocrx_word' id='word_1_125' title='bbox 485 2023 694 2090; x_wconf 85' lang='lat' dir='ltr'>reddet</span> <span class='ocrx_word' id='word_1_126' title='bbox 757 2024 1071 2113; x_wconf 82' lang='lat' dir='ltr'>unicuique</span> <span class='ocrx_word' id='word_1_127' title='bbox 1119 2019 1444 2086; x_wconf 80' lang='lat' dir='ltr'>secundum</span> <span class='ocrx_word' id='word_1_128' title='bbox 1472 2018 1664 2110; x_wconf 83' lang='lat' dir='ltr'>facta</span> <span class='ocrx_word' id='word_1_129' title='bbox 1719 2025 1881 2109; x_wconf 69' lang='lat' dir='ltr'>ejm,</span> <span class='ocrx_word' id='word_1_130' title='bbox 1962 2021 2172 2085; x_wconf 71' lang='lat' dir='ltr'>matth.</span> <span class='ocrx_word' id='word_1_131' title='bbox 2231 2020 2408 2101; x_wconf 71' lang='lat' dir='ltr'>XVI:</span> <span class='ocrx_word' id='word_1_132' title='bbox 2465 2024 2551 2084; x_wconf 74' lang='lat'><strong>⁴2¹¹.</strong></span> 
     </span>
     <span class='ocr_line' id='line_1_16' title="bbox 488 2118 2556 2216; baseline -0.002 -26"><span class='ocrx_word' id='word_1_133' title='bbox 488 2125 765 2191; x_wconf 77' lang='lat' dir='ltr'>Exibunt</span> <span class='ocrx_word' id='word_1_134' title='bbox 791 2126 899 2216; x_wconf 86' lang='lat' dir='ltr'>qui</span> <span class='ocrx_word' id='word_1_135' title='bbox 920 2118 1371 2210; x_wconf 78' lang='lat' dir='ltr'>bonaficerunt</span> <span class='ocrx_word' id='word_1_136' title='bbox 1399 2127 1460 2187; x_wconf 85' lang='lat' dir='ltr'>in</span> <span class='ocrx_word' id='word_1_137' title='bbox 1498 2126 1977 2188; x_wconf 67' lang='lat' dir='ltr'>resurrectionem</span> <span class='ocrx_word' id='word_1_138' title='bbox 2017 2126 2213 2197; x_wconf 75' lang='lat' dir='ltr'>vitae,</span> <span class='ocrx_word' id='word_1_139' title='bbox 2276 2126 2390 2214; x_wconf 83' lang='lat' dir='ltr'>qui</span> <span class='ocrx_word' id='word_1_140' title='bbox 2427 2143 2556 2186; x_wconf 77' lang='lat' dir='ltr'>vero</span> 
     </span>
     <span class='ocr_line' id='line_1_17' title="bbox 489 2221 2557 2313; baseline -0.005 -21"><span class='ocrx_word' id='word_1_141' title='bbox 489 2224 653 2292; x_wconf 86' lang='lat' dir='ltr'>mala</span> <span class='ocrx_word' id='word_1_142' title='bbox 657 2221 946 2313; x_wconf 75' lang='lat' dir='ltr'>ficerunt</span> <span class='ocrx_word' id='word_1_143' title='bbox 985 2228 1046 2286; x_wconf 82' lang='lat' dir='ltr'>in</span> <span class='ocrx_word' id='word_1_144' title='bbox 1075 2229 1556 2290; x_wconf 66' lang='lat' dir='ltr'>resurrectionem</span> <span class='ocrx_word' id='word_1_145' title='bbox 1594 2224 1848 2313; x_wconf 79' lang='lat' dir='ltr'>judicii,</span> <span class='ocrx_word' id='word_1_146' title='bbox 1896 2221 2036 2287; x_wconf 84' lang='lat' dir='ltr'>Joh.</span> <span class='ocrx_word' id='word_1_147' title='bbox 2079 2223 2163 2288; x_wconf 88' lang='lat' dir='ltr'>V:</span> <span class='ocrx_word' id='word_1_148' title='bbox 2208 2227 2315 2286; x_wconf 72' lang='lat'>29.</span> <span class='ocrx_word' id='word_1_149' title='bbox 2400 2223 2557 2289; x_wconf 82' lang='lat' dir='ltr'>Liber</span> 
     </span>
     <span class='ocr_line' id='line_1_18' title="bbox 487 2321 2557 2419; baseline -0.003 -27"><span class='ocrx_word' id='word_1_150' title='bbox 487 2341 733 2419; x_wconf 82' lang='lat' dir='ltr'>apertus</span> <span class='ocrx_word' id='word_1_151' title='bbox 773 2339 864 2391; x_wconf 83' lang='lat' dir='ltr'>est</span> <span class='ocrx_word' id='word_1_152' title='bbox 907 2327 1013 2419; x_wconf 85' lang='lat' dir='ltr'>qui</span> <span class='ocrx_word' id='word_1_153' title='bbox 1047 2340 1136 2391; x_wconf 82' lang='lat' dir='ltr'>est</span> <span class='ocrx_word' id='word_1_154' title='bbox 1187 2330 1384 2401; x_wconf 80' lang='lat' dir='ltr'>vitae,</span> <span class='ocrx_word' id='word_1_155' title='bbox 1436 2339 1493 2390; x_wconf 87' lang='lat' dir='ltr'>et</span> <span class='ocrx_word' id='word_1_156' title='bbox 1522 2325 1788 2415; x_wconf 84' lang='lat' dir='ltr'>judicati</span> <span class='ocrx_word' id='word_1_157' title='bbox 1823 2338 1964 2390; x_wconf 81' lang='lat' dir='ltr'>sunt</span> <span class='ocrx_word' id='word_1_158' title='bbox 2002 2347 2207 2391; x_wconf 80' lang='lat' dir='ltr'>omnes</span> <span class='ocrx_word' id='word_1_159' title='bbox 2251 2321 2557 2391; x_wconf 81' lang='lat' dir='ltr'>secundum</span> 
     </span>
     <span class='ocr_line' id='line_1_19' title="bbox 493 2419 2558 2521; baseline -0.002 -28"><span class='ocrx_word' id='word_1_160' title='bbox 493 2429 694 2521; x_wconf 84' lang='lat' dir='ltr'>Opera</span> <span class='ocrx_word' id='word_1_161' title='bbox 751 2424 1024 2504; x_wconf 86' lang='lat' dir='ltr'>illorum,</span> <span class='ocrx_word' id='word_1_162' title='bbox 1098 2419 1281 2514; x_wconf 70' lang='lat' dir='ltr'>Apoc.</span> <span class='ocrx_word' id='word_1_163' title='bbox 1342 2428 1490 2494; x_wconf 87' lang='lat' dir='ltr'>XX:</span> <span class='ocrx_word' id='word_1_164' title='bbox 1548 2431 1805 2492; x_wconf 54' lang='lat'>1243.</span> <span class='ocrx_word' id='word_1_165' title='bbox 1884 2427 2042 2491; x_wconf 84' lang='lat' dir='ltr'>Ecce</span> <span class='ocrx_word' id='word_1_166' title='bbox 2087 2430 2265 2491; x_wconf 78' lang='lat' dir='ltr'>venio</span> <span class='ocrx_word' id='word_1_167' title='bbox 2312 2430 2460 2501; x_wconf 85' lang='lat' dir='ltr'>cito,</span> <span class='ocrx_word' id='word_1_168' title='bbox 2514 2436 2558 2488; x_wconf 82' lang='lat' dir='ltr'>et</span> 
     </span>
     <span class='ocr_line' id='line_1_20' title="bbox 490 2528 2558 2622; baseline -0.002 -28"><span class='ocrx_word' id='word_1_169' title='bbox 490 2549 709 2594; x_wconf 75' lang='lat' dir='ltr'>merces</span> <span class='ocrx_word' id='word_1_170' title='bbox 749 2551 878 2594; x_wconf 81' lang='lat' dir='ltr'>mea</span> <span class='ocrx_word' id='word_1_171' title='bbox 915 2529 1157 2594; x_wconf 81' lang='lat' dir='ltr'><strong><em>Mecum</em></strong></span> <span class='ocrx_word' id='word_1_172' title='bbox 1173 2576 1190 2602; x_wconf 90' lang='lat'>,</span> <span class='ocrx_word' id='word_1_173' title='bbox 1243 2542 1307 2592; x_wconf 88' lang='lat' dir='ltr'>ut</span> <span class='ocrx_word' id='word_1_174' title='bbox 1348 2528 1481 2593; x_wconf 87' lang='lat' dir='ltr'>dem</span> <span class='ocrx_word' id='word_1_175' title='bbox 1522 2532 1838 2622; x_wconf 83' lang='lat' dir='ltr'>unicuique</span> <span class='ocrx_word' id='word_1_176' title='bbox 1873 2528 2198 2593; x_wconf 80' lang='lat' dir='ltr'>secundum</span> <span class='ocrx_word' id='word_1_177' title='bbox 2226 2528 2405 2620; x_wconf 83' lang='lat' dir='ltr'>Opus</span> <span class='ocrx_word' id='word_1_178' title='bbox 2429 2530 2558 2615; x_wconf 80' lang='lat' dir='ltr'>ejus,</span> 
     </span>
     <span class='ocr_line' id='line_1_21' title="bbox 492 2626 2560 2721; baseline -0.003 -26"><span class='ocrx_word' id='word_1_179' title='bbox 492 2626 675 2715; x_wconf 83' lang='lat' dir='ltr'>Apoc.</span> <span class='ocrx_word' id='word_1_180' title='bbox 708 2628 913 2706; x_wconf 80' lang='lat' dir='ltr'>XXII:</span> <span class='ocrx_word' id='word_1_181' title='bbox 965 2634 1063 2693; x_wconf 78' lang='lat'>12.</span> <span class='ocrx_word' id='word_1_182' title='bbox 1150 2630 1222 2696; x_wconf 92' lang='lat' dir='ltr'><em>V</em></span> <span class='ocrx_word' id='word_1_183' title='bbox 1222 2630 1438 2695; x_wconf 83' lang='lat' dir='ltr'>isitabo</span> <span class='ocrx_word' id='word_1_184' title='bbox 1465 2629 1790 2695; x_wconf 83' lang='lat' dir='ltr'>secundum</span> <span class='ocrx_word' id='word_1_185' title='bbox 1825 2633 1963 2694; x_wconf 84' lang='lat' dir='ltr'>vias</span> <span class='ocrx_word' id='word_1_186' title='bbox 1997 2633 2162 2717; x_wconf 84' lang='lat' dir='ltr'>ejus,</span> <span class='ocrx_word' id='word_1_187' title='bbox 2217 2630 2423 2721; x_wconf 83' lang='lat' dir='ltr'>Opera</span> <span class='ocrx_word' id='word_1_188' title='bbox 2449 2631 2560 2715; x_wconf 80' lang='lat' dir='ltr'>ejus</span> 
     </span>
     <span class='ocr_line' id='line_1_22' title="bbox 495 2727 2559 2805; baseline -0.004 -9"><span class='ocrx_word' id='word_1_189' title='bbox 495 2730 817 2796; x_wconf 82' lang='lat' dir='ltr'><strong><em>retribuam</em></strong></span> <span class='ocrx_word' id='word_1_190' title='bbox 844 2728 966 2805; x_wconf 81' lang='lat' dir='ltr'>illi,</span> <span class='ocrx_word' id='word_1_191' title='bbox 1022 2727 1242 2794; x_wconf 88' lang='lat' dir='ltr'>Hosch.</span> <span class='ocrx_word' id='word_1_192' title='bbox 1279 2729 1397 2794; x_wconf 83' lang='lat' dir='ltr'>IV:</span> <span class='ocrx_word' id='word_1_193' title='bbox 1440 2734 1494 2794; x_wconf 81' lang='lat'>9.</span> <span class='ocrx_word' id='word_1_194' title='bbox 1548 2728 1717 2796; x_wconf 88' lang='lat' dir='ltr'>Sach.</span> <span class='ocrx_word' id='word_1_195' title='bbox 1759 2729 1819 2797; x_wconf 79' lang='lat' dir='ltr'>l:</span> <span class='ocrx_word' id='word_1_196' title='bbox 1868 2734 1922 2793; x_wconf 76' lang='lat'>6.</span> <span class='ocrx_word' id='word_1_197' title='bbox 1977 2731 2196 2794; x_wconf 87' lang='lat' dir='ltr'>Jerem.</span> <span class='ocrx_word' id='word_1_198' title='bbox 2229 2730 2433 2795; x_wconf 83' lang='lat' dir='ltr'>XXV:</span> <span class='ocrx_word' id='word_1_199' title='bbox 2478 2729 2559 2791; x_wconf 77' lang='lat'>14.</span> 
     </span>
     <span class='ocr_line' id='line_1_23' title="bbox 486 2826 2562 2919; baseline -0.001 -23"><span class='ocrx_word' id='word_1_200' title='bbox 486 2831 634 2918; x_wconf 77' lang='lat' dir='ltr'>Cap.</span> <span class='ocrx_word' id='word_1_201' title='bbox 679 2830 942 2895; x_wconf 83' lang='lat' dir='ltr'>XXXII:</span> <span class='ocrx_word' id='word_1_202' title='bbox 990 2834 1091 2895; x_wconf 81' lang='lat'>19.</span> <span class='ocrx_word' id='word_1_203' title='bbox 1161 2831 1325 2895; x_wconf 83' lang='lat' dir='ltr'>Deus</span> <span class='ocrx_word' id='word_1_204' title='bbox 1366 2835 1430 2894; x_wconf 87' lang='lat' dir='ltr'>in</span> <span class='ocrx_word' id='word_1_205' title='bbox 1470 2830 1569 2897; x_wconf 84' lang='lat' dir='ltr'>die</span> <span class='ocrx_word' id='word_1_206' title='bbox 1599 2836 1723 2895; x_wconf 83' lang='lat' dir='ltr'>irae</span> <span class='ocrx_word' id='word_1_207' title='bbox 1757 2844 1814 2895; x_wconf 88' lang='lat' dir='ltr'>et</span> <span class='ocrx_word' id='word_1_208' title='bbox 1847 2834 2004 2919; x_wconf 84' lang='lat' dir='ltr'>justi</span> <span class='ocrx_word' id='word_1_209' title='bbox 2038 2830 2271 2900; x_wconf 76' lang='lat' dir='ltr'>Judicii</span> <span class='ocrx_word' id='word_1_210' title='bbox 2291 2834 2413 2905; x_wconf 82' lang='lat' dir='ltr'>sui,</span> <span class='ocrx_word' id='word_1_211' title='bbox 2449 2826 2562 2893; x_wconf 83' lang='lat' dir='ltr'>red·</span> 
     </span>
     <span class='ocr_line' id='line_1_24' title="bbox 493 2930 2564 3025; baseline -0.003 -27"><span class='ocrx_word' id='word_1_212' title='bbox 493 2931 595 2998; x_wconf 83' lang='lat' dir='ltr'>det</span> <span class='ocrx_word' id='word_1_213' title='bbox 636 2935 952 3023; x_wconf 83' lang='lat' dir='ltr'>unicuique</span> <span class='ocrx_word' id='word_1_214' title='bbox 995 2931 1320 2999; x_wconf 82' lang='lat' dir='ltr'>secundum</span> <span class='ocrx_word' id='word_1_215' title='bbox 1348 2932 1553 3025; x_wconf 80' lang='lat' dir='ltr'>Opera</span> <span class='ocrx_word' id='word_1_216' title='bbox 1577 2936 1748 3022; x_wconf 69' lang='lat' dir='ltr'>ejuS,</span> <span class='ocrx_word' id='word_1_217' title='bbox 1785 2932 1961 2996; x_wconf 90' lang='lat' dir='ltr'>Rom.</span> <span class='ocrx_word' id='word_1_218' title='bbox 2010 2930 2104 2995; x_wconf 82' lang='lat' dir='ltr'>ll:</span> <span class='ocrx_word' id='word_1_219' title='bbox 2146 2938 2201 2994; x_wconf 81' lang='lat'>5.</span> <span class='ocrx_word' id='word_1_220' title='bbox 2237 2938 2293 2996; x_wconf 82' lang='lat'>6.</span> <span class='ocrx_word' id='word_1_221' title='bbox 2365 2932 2564 2997; x_wconf 82' lang='lat' dir='ltr'>Omnes</span> 
     </span>
     <span class='ocr_line' id='line_1_25' title="bbox 499 3030 2564 3126; baseline -0.002 -29"><span class='ocrx_word' id='word_1_222' title='bbox 499 3057 612 3098; x_wconf 80' lang='lat' dir='ltr'>nos</span> <span class='ocrx_word' id='word_1_223' title='bbox 650 3030 1032 3122; x_wconf 69' lang='lat' dir='ltr'>manifestari</span> <span class='ocrx_word' id='word_1_224' title='bbox 1070 3046 1302 3125; x_wconf 73' lang='lat' dir='ltr'>oportet</span> <span class='ocrx_word' id='word_1_225' title='bbox 1332 3057 1533 3098; x_wconf 80' lang='lat' dir='ltr'>comm</span> <span class='ocrx_word' id='word_1_226' title='bbox 1573 3032 1898 3100; x_wconf 82' lang='lat' dir='ltr'>Tribunali</span> <span class='ocrx_word' id='word_1_227' title='bbox 1927 3031 2176 3108; x_wconf 76' lang='lat' dir='ltr'>Christi,</span> <span class='ocrx_word' id='word_1_228' title='bbox 2230 3047 2292 3097; x_wconf 87' lang='lat' dir='ltr'>ut</span> <span class='ocrx_word' id='word_1_229' title='bbox 2329 3042 2564 3126; x_wconf 74' lang='lat' dir='ltr'><strong><em>reportet</em></strong></span> 
     </span>
     <span class='ocr_line' id='line_1_26' title="bbox 496 3128 2565 3228; baseline -0.002 -30"><span class='ocrx_word' id='word_1_230' title='bbox 496 3128 786 3228; x_wconf 80' lang='lat' dir='ltr'>[quilibet]</span> <span class='ocrx_word' id='word_1_231' title='bbox 816 3132 959 3210; x_wconf 82' lang='lat' dir='ltr'>illa,</span> <span class='ocrx_word' id='word_1_232' title='bbox 1012 3157 1166 3226; x_wconf 86' lang='lat' dir='ltr'>quae</span> <span class='ocrx_word' id='word_1_233' title='bbox 1201 3157 1316 3227; x_wconf 86' lang='lat' dir='ltr'>per</span> <span class='ocrx_word' id='word_1_234' title='bbox 1342 3157 1559 3228; x_wconf 82' lang='lat' dir='ltr'>corpus</span> <span class='ocrx_word' id='word_1_235' title='bbox 1580 3149 1762 3227; x_wconf 82' lang='lat' dir='ltr'>prout</span> <span class='ocrx_word' id='word_1_236' title='bbox 1785 3130 2044 3221; x_wconf 75' lang='lat' dir='ltr'>eaficit,</span> <span class='ocrx_word' id='word_1_237' title='bbox 2069 3137 2190 3198; x_wconf 70' lang='lat' dir='ltr'>sive</span> <span class='ocrx_word' id='word_1_238' title='bbox 2216 3135 2435 3200; x_wconf 84' lang='lat' dir='ltr'>bonum</span> <span class='ocrx_word' id='word_1_239' title='bbox 2457 3133 2565 3196; x_wconf 77' lang='lat' dir='ltr'>sive</span> 
     </span>
     <span class='ocr_line' id='line_1_27' title="bbox 495 3234 2566 3322; baseline -0.004 -20"><span class='ocrx_word' id='word_1_240' title='bbox 495 3234 736 3311; x_wconf 83' lang='lat' dir='ltr'>malum,</span> <span class='ocrx_word' id='word_1_241' title='bbox 780 3235 839 3299; x_wconf 90' lang='lat'>11</span> <span class='ocrx_word' id='word_1_242' title='bbox 869 3234 1004 3299; x_wconf 91' lang='lat' dir='ltr'>Cor.</span> <span class='ocrx_word' id='word_1_243' title='bbox 1034 3235 1115 3299; x_wconf 86' lang='lat' dir='ltr'>V:</span> <span class='ocrx_word' id='word_1_244' title='bbox 1165 3241 1262 3299; x_wconf 86' lang='lat'>10.</span> <span class='ocrx_word' id='word_1_245' title='bbox 1331 3236 1469 3299; x_wconf 91' lang='lat' dir='ltr'>Non</span> <span class='ocrx_word' id='word_1_246' title='bbox 1498 3237 1609 3300; x_wconf 88' lang='lat' dir='ltr'>alia</span> <span class='ocrx_word' id='word_1_247' title='bbox 1639 3236 1760 3299; x_wconf 83' lang='lat' dir='ltr'>Lex</span> <span class='ocrx_word' id='word_1_248' title='bbox 1788 3235 2185 3322; x_wconf 68' lang='lat' dir='ltr'>imputationis</span> <span class='ocrx_word' id='word_1_249' title='bbox 2207 3234 2313 3298; x_wconf 81' lang='lat' dir='ltr'>fuit</span> <span class='ocrx_word' id='word_1_250' title='bbox 2343 3235 2400 3297; x_wconf 92' lang='lat' dir='ltr'>in</span> <span class='ocrx_word' id='word_1_251' title='bbox 2429 3234 2566 3320; x_wconf 88' lang='lat' dir='ltr'>prin·</span> 
     </span>
     <span class='ocr_line' id='line_1_28' title="bbox 497 3334 2567 3426; baseline -0.002 -25"><span class='ocrx_word' id='word_1_252' title='bbox 497 3340 648 3426; x_wconf 85' lang='lat' dir='ltr'>cipio</span> <span class='ocrx_word' id='word_1_253' title='bbox 677 3337 1006 3412; x_wconf 84' lang='lat' dir='ltr'>Ecclesiae,</span> <span class='ocrx_word' id='word_1_254' title='bbox 1058 3357 1167 3399; x_wconf 89' lang='lat' dir='ltr'>nec</span> <span class='ocrx_word' id='word_1_255' title='bbox 1194 3336 1305 3400; x_wconf 90' lang='lat' dir='ltr'>alia</span> <span class='ocrx_word' id='word_1_256' title='bbox 1334 3334 1529 3400; x_wconf 82' lang='lat' dir='ltr'>futura</span> <span class='ocrx_word' id='word_1_257' title='bbox 1560 3347 1646 3402; x_wconf 85' lang='lat' dir='ltr'>est</span> <span class='ocrx_word' id='word_1_258' title='bbox 1676 3336 1738 3399; x_wconf 90' lang='lat' dir='ltr'>in</span> <span class='ocrx_word' id='word_1_259' title='bbox 1768 3334 1881 3400; x_wconf 87' lang='lat' dir='ltr'>fine</span> <span class='ocrx_word' id='word_1_260' title='bbox 1913 3335 2068 3420; x_wconf 83' lang='lat' dir='ltr'>ejus;</span> <span class='ocrx_word' id='word_1_261' title='bbox 2121 3336 2278 3420; x_wconf 90' lang='lat' dir='ltr'>quod</span> <span class='ocrx_word' id='word_1_262' title='bbox 2319 3337 2382 3399; x_wconf 87' lang='lat' dir='ltr'>in</span> <span class='ocrx_word' id='word_1_263' title='bbox 2424 3334 2567 3423; x_wconf 87' lang='lat' dir='ltr'>prin-</span> 
     </span>
     <span class='ocr_line' id='line_1_29' title="bbox 498 3431 2566 3527; baseline -0.004 -24"><span class='ocrx_word' id='word_1_264' title='bbox 498 3440 650 3527; x_wconf 86' lang='lat' dir='ltr'>cipio</span> <span class='ocrx_word' id='word_1_265' title='bbox 694 3438 1020 3513; x_wconf 78' lang='lat' dir='ltr'>Ecclesiae,</span> <span class='ocrx_word' id='word_1_266' title='bbox 1088 3447 1247 3525; x_wconf 87' lang='lat' dir='ltr'>patet</span> <span class='ocrx_word' id='word_1_267' title='bbox 1289 3459 1361 3500; x_wconf 85' lang='lat' dir='ltr'>ex</span> <span class='ocrx_word' id='word_1_268' title='bbox 1404 3436 1631 3503; x_wconf 83' lang='lat' dir='ltr'>Adamo</span> <span class='ocrx_word' id='word_1_269' title='bbox 1679 3447 1737 3500; x_wconf 89' lang='lat' dir='ltr'>et</span> <span class='ocrx_word' id='word_1_270' title='bbox 1781 3436 1904 3520; x_wconf 78' lang='lat' dir='ltr'>ejus</span> <span class='ocrx_word' id='word_1_271' title='bbox 1946 3431 2182 3511; x_wconf 77' lang='lat' dir='ltr'>Uxore,</span> <span class='ocrx_word' id='word_1_272' title='bbox 2237 3437 2393 3523; x_wconf 88' lang='lat' dir='ltr'>quod</span> <span class='ocrx_word' id='word_1_273' title='bbox 2448 3434 2566 3521; x_wconf 85' lang='lat' dir='ltr'>quia</span> 
     </span>
     <span class='ocr_line' id='line_1_30' title="bbox 497 3533 2569 3614; baseline -0.004 -11"><span class='ocrx_word' id='word_1_274' title='bbox 497 3540 713 3604; x_wconf 86' lang='lat' dir='ltr'>malum</span> <span class='ocrx_word' id='word_1_275' title='bbox 744 3537 1041 3614; x_wconf 81' lang='lat' dir='ltr'>fecerunt,</span> <span class='ocrx_word' id='word_1_276' title='bbox 1099 3538 1461 3603; x_wconf 85' lang='lat' dir='ltr'>comedendo</span> <span class='ocrx_word' id='word_1_277' title='bbox 1489 3560 1559 3602; x_wconf 86' lang='lat' dir='ltr'>ex</span> <span class='ocrx_word' id='word_1_278' title='bbox 1588 3538 1818 3604; x_wconf 83' lang='lat' dir='ltr'>Arbore</span> <span class='ocrx_word' id='word_1_279' title='bbox 1846 3535 2122 3602; x_wconf 84' lang='lat' dir='ltr'>scientiae</span> <span class='ocrx_word' id='word_1_280' title='bbox 2150 3538 2289 3601; x_wconf 86' lang='lat' dir='ltr'>boni</span> <span class='ocrx_word' id='word_1_281' title='bbox 2329 3547 2388 3601; x_wconf 85' lang='lat' dir='ltr'>et</span> <span class='ocrx_word' id='word_1_282' title='bbox 2429 3533 2569 3608; x_wconf 87' lang='lat' dir='ltr'>mali,</span> 
     </span>
     <span class='ocr_line' id='line_1_31' title="bbox 496 3636 2567 3725; baseline -0.004 -22"><span class='ocrx_word' id='word_1_283' title='bbox 496 3639 758 3703; x_wconf 85' lang='lat' dir='ltr'>damnati</span> <span class='ocrx_word' id='word_1_284' title='bbox 799 3639 945 3713; x_wconf 79' lang='lat' dir='ltr'>sint,</span> <span class='ocrx_word' id='word_1_285' title='bbox 996 3637 1145 3703; x_wconf 87' lang='lat' dir='ltr'>Gen.</span> <span class='ocrx_word' id='word_1_286' title='bbox 1189 3639 1261 3703; x_wconf 88' lang='lat'>11.</span> <span class='ocrx_word' id='word_1_287' title='bbox 1301 3648 1358 3702; x_wconf 88' lang='lat' dir='ltr'>et</span> <span class='ocrx_word' id='word_1_288' title='bbox 1399 3638 1519 3712; x_wconf 78' lang='lat'>111;</span> <span class='ocrx_word' id='word_1_289' title='bbox 1576 3650 1632 3704; x_wconf 89' lang='lat' dir='ltr'>et</span> <span class='ocrx_word' id='word_1_290' title='bbox 1674 3638 1829 3725; x_wconf 87' lang='lat' dir='ltr'>quod</span> <span class='ocrx_word' id='word_1_291' title='bbox 1870 3654 1984 3704; x_wconf 84' lang='lat' dir='ltr'>nec</span> <span class='ocrx_word' id='word_1_292' title='bbox 2020 3639 2132 3703; x_wconf 85' lang='lat' dir='ltr'>alia</span> <span class='ocrx_word' id='word_1_293' title='bbox 2173 3638 2373 3703; x_wconf 79' lang='lat' dir='ltr'>futura</span> <span class='ocrx_word' id='word_1_294' title='bbox 2409 3638 2482 3702; x_wconf 84' lang='lat' dir='ltr'>sit</span> <span class='ocrx_word' id='word_1_295' title='bbox 2516 3636 2567 3696; x_wconf 89' lang='lat' dir='ltr'>in</span> 
     </span>
     <span class='ocr_line' id='line_1_32' title="bbox 495 3737 2568 3827; baseline -0.002 -23"><span class='ocrx_word' id='word_1_296' title='bbox 495 3739 611 3805; x_wconf 82' lang='lat' dir='ltr'>fine</span> <span class='ocrx_word' id='word_1_297' title='bbox 655 3738 984 3816; x_wconf 88' lang='lat' dir='ltr'>Ecclesiae,</span> <span class='ocrx_word' id='word_1_298' title='bbox 1040 3749 1196 3827; x_wconf 85' lang='lat' dir='ltr'>patet</span> <span class='ocrx_word' id='word_1_299' title='bbox 1241 3762 1310 3803; x_wconf 86' lang='lat' dir='ltr'>ex</span> <span class='ocrx_word' id='word_1_300' title='bbox 1350 3740 1439 3804; x_wconf 87' lang='lat' dir='ltr'>his</span> <span class='ocrx_word' id='word_1_301' title='bbox 1477 3740 1716 3805; x_wconf 88' lang='lat' dir='ltr'>Domini</span> <span class='ocrx_word' id='word_1_302' title='bbox 1759 3739 1985 3813; x_wconf 79' lang='lat' dir='ltr'>verbis,</span> <span class='ocrx_word' id='word_1_303' title='bbox 2054 3739 2318 3824; x_wconf 80' lang='lat' dir='ltr'>Quando</span> <span class='ocrx_word' id='word_1_304' title='bbox 2347 3737 2568 3804; x_wconf 76' lang='lat' dir='ltr'>venerit</span> 
     </span>
     <span class='ocr_line' id='line_1_33' title="bbox 496 3838 2568 3934; baseline -0.002 -29"><span class='ocrx_word' id='word_1_305' title='bbox 496 3841 693 3905; x_wconf 77' lang='lat' dir='ltr'>Filius·</span> <span class='ocrx_word' id='word_1_306' title='bbox 718 3838 974 3905; x_wconf 83' lang='lat' dir='ltr'>hominis</span> <span class='ocrx_word' id='word_1_307' title='bbox 1000 3843 1061 3904; x_wconf 83' lang='lat' dir='ltr'>in</span> <span class='ocrx_word' id='word_1_308' title='bbox 1084 3839 1286 3931; x_wconf 78' lang='lat' dir='ltr'>gloria</span> <span class='ocrx_word' id='word_1_309' title='bbox 1316 3842 1523 3907; x_wconf 78' lang='lat' dir='ltr'>Patris</span> <span class='ocrx_word' id='word_1_310' title='bbox 1548 3845 1664 3917; x_wconf 82' lang='lat' dir='ltr'>sui,</span> <span class='ocrx_word' id='word_1_311' title='bbox 1707 3856 1845 3918; x_wconf 80' lang='lat' dir='ltr'>tunc</span> <span class='ocrx_word' id='word_1_312' title='bbox 1873 3838 2101 3906; x_wconf 82' lang='lat' dir='ltr'>sedebit</span> <span class='ocrx_word' id='word_1_313' title='bbox 2129 3863 2312 3934; x_wconf 84' lang='lat' dir='ltr'>super</span> <span class='ocrx_word' id='word_1_314' title='bbox 2343 3841 2399 3907; x_wconf 89' lang='lat' dir='ltr'><em>T</em></span> <span class='ocrx_word' id='word_1_315' title='bbox 2394 3838 2568 3904; x_wconf 74' lang='lat' dir='ltr'>hrono</span> 
     </span>
     <span class='ocr_line' id='line_1_34' title="bbox 491 3941 2563 4034; baseline -0.002 -28"><span class='ocrx_word' id='word_1_316' title='bbox 491 3942 728 4034; x_wconf 78' lang='lat' dir='ltr'>gloriae</span> <span class='ocrx_word' id='word_1_317' title='bbox 768 3964 946 4019; x_wconf 84' lang='lat' dir='ltr'>suae,</span> <span class='ocrx_word' id='word_1_318' title='bbox 999 3956 1055 4007; x_wconf 89' lang='lat' dir='ltr'>et</span> <span class='ocrx_word' id='word_1_319' title='bbox 1096 3942 1248 4010; x_wconf 88' lang='lat' dir='ltr'>dicet</span> <span class='ocrx_word' id='word_1_320' title='bbox 1278 3942 1505 4012; x_wconf 74' lang='lat' dir='ltr'>ovibus</span> <span class='ocrx_word' id='word_1_321' title='bbox 1536 3967 1576 4007; x_wconf 88' lang='lat' dir='ltr'><em>a</em></span> <span class='ocrx_word' id='word_1_322' title='bbox 1613 3943 1876 4016; x_wconf 72' lang='lat' dir='ltr'>dextris,</span> <span class='ocrx_word' id='word_1_323' title='bbox 1928 3943 2128 4007; x_wconf 81' lang='lat' dir='ltr'>venite</span> <span class='ocrx_word' id='word_1_324' title='bbox 2156 3941 2472 4016; x_wconf 76' lang='lat' dir='ltr'>benedicti,</span> <span class='ocrx_word' id='word_1_325' title='bbox 2515 3949 2563 4001; x_wconf 84' lang='lat' dir='ltr'>et</span> 
     </span>
     <span class='ocr_line' id='line_1_35' title="bbox 497 4040 2568 4137; baseline 0 -31"><span class='ocrx_word' id='word_1_326' title='bbox 497 4057 782 4136; x_wconf 80' lang='lat' dir='ltr'>tanquam</span> <span class='ocrx_word' id='word_1_327' title='bbox 824 4040 1247 4111; x_wconf 78' lang='lat' dir='ltr'>haereditatem</span> <span class='ocrx_word' id='word_1_328' title='bbox 1302 4042 1610 4136; x_wconf 82' lang='lat' dir='ltr'>possidete</span> <span class='ocrx_word' id='word_1_329' title='bbox 1658 4056 1944 4137; x_wconf 84' lang='lat' dir='ltr'>paratum</span> <span class='ocrx_word' id='word_1_330' title='bbox 1994 4042 2174 4110; x_wconf 77' lang='lat' dir='ltr'>vobis</span> <span class='ocrx_word' id='word_1_331' title='bbox 2222 4042 2489 4134; x_wconf 79' lang='lat' dir='ltr'><strong><em>Regnum</em></strong></span> <span class='ocrx_word' id='word_1_332' title='bbox 2533 4060 2568 4101; x_wconf 82' lang='lat' dir='ltr'><em>a</em></span> 
     </span>
     <span class='ocr_line' id='line_1_36' title="bbox 473 4138 2569 4231; baseline 0.002 -24"><span class='ocrx_word' id='word_1_333' title='bbox 473 4138 853 4231; x_wconf 83' lang='lat' dir='ltr'>fundatione</span> <span class='ocrx_word' id='word_1_334' title='bbox 901 4144 1162 4217; x_wconf 83' lang='lat' dir='ltr'>Mundi;</span> <span class='ocrx_word' id='word_1_335' title='bbox 1234 4143 1405 4209; x_wconf 87' lang='lat' dir='ltr'>Nam</span> <span class='ocrx_word' id='word_1_336' title='bbox 1432 4147 1702 4219; x_wconf 58' lang='lat' dir='ltr'>esurivi,</span> <span class='ocrx_word' id='word_1_337' title='bbox 1770 4158 1826 4208; x_wconf 90' lang='lat' dir='ltr'>et</span> <span class='ocrx_word' id='word_1_338' title='bbox 1876 4140 2132 4210; x_wconf 80' lang='lat' dir='ltr'>dedistis</span> <span class='ocrx_word' id='word_1_339' title='bbox 2184 4143 2352 4211; x_wconf 81' lang='lat' dir='ltr'>Mihi</span> <span class='ocrx_word' id='word_1_340' title='bbox 2397 4142 2569 4212; x_wconf 75' lang='lat' dir='ltr'>edere,</span> 
     </span>
     <span class='ocr_line' id='line_1_37' title="bbox 497 4239 2569 4339; baseline -0.001 -32"><span class='ocrx_word' id='word_1_341' title='bbox 497 4246 657 4310; x_wconf 77' lang='lat' dir='ltr'>sitivi</span> <span class='ocrx_word' id='word_1_342' title='bbox 677 4258 732 4308; x_wconf 90' lang='lat' dir='ltr'>et</span> <span class='ocrx_word' id='word_1_343' title='bbox 750 4249 1013 4339; x_wconf 76' lang='lat' dir='ltr'>potastis</span> <span class='ocrx_word' id='word_1_344' title='bbox 1039 4244 1164 4311; x_wconf 87' lang='lat' dir='ltr'>Me.</span> <span class='ocrx_word' id='word_1_345' title='bbox 1222 4244 1589 4332; x_wconf 72' lang='lat' dir='ltr'>Peregrinus</span> <span class='ocrx_word' id='word_1_346' title='bbox 1596 4239 1715 4329; x_wconf 87' lang='lat' dir='ltr'>fui</span> <span class='ocrx_word' id='word_1_347' title='bbox 1738 4258 1793 4308; x_wconf 90' lang='lat' dir='ltr'>et</span> <span class='ocrx_word' id='word_1_348' title='bbox 1822 4242 2306 4335; x_wconf 74' lang='lat' dir='ltr'>collegistis-Me.</span> <span class='ocrx_word' id='word_1_349' title='bbox 2358 4239 2569 4312; x_wconf 77' lang='lat' dir='ltr'>Nudus</span> 
     </span>
    </p>
   </div>
  </div>
 </body>
</html>
