2750 4775
730 395 1008 449 INDEX
1050 394 1793 449 MEMORABILIUM.
2215 411 2321 461 120⁷

331 548 620 635 languor,
675 557 918 636 torpor,
969 558 1176 637 stupor
1204 559 1261 614 et
1287 571 1498 638 sopor,
1555 570 1707 637 quae
1733 560 1875 615 sunt·
1899 548 2083 628 Mors,
2124 561 2183 616 et
2206 574 2328 617 non

331 648 506 713 Vita:
562 658 618 711 et
650 659 789 713 tunc
816 651 1196 714 circumducti
1222 654 1356 714 sunt
1380 652 1441 713 in
1473 650 1665 726 Urbe,
1721 660 1781 714 et
1819 652 1892 716 ad
1936 651 2329 719 Administra-

335 760 494 815 tores
519 761 576 814 et
603 751 955 836 Operari9s3
983 751 1210 838 ‘quibus
1236 753 1371 817 visis
1401 752 1592 816 mirati
1619 762 1751 816 sunt
1771 801 1786 827 ,
1835 753 1991 839 qnod
2018 754 2157 819 talia
2186 755 2327 819 den-

335 862 467 928 tur,
513 872 650 915 cum
681 862 880 917 tamen
907 853 1082 917 etiam
1114 852 1498 929 crediderint,
1551 853 1709 940 quod
1740 852 2000 918 futurum
2029 854 2325 943 quoddam

229 984 236 989 ·
333 953 544 1027 inane,
595 952 670 1016 ‘in
716 975 832 1039 quo
869 954 1145 1018 'victurae
1200 963 1338 1018 sunt
1381 952 1663 1028 Animae,
1734 964 2047 1042 antequam
2087 954 2324 1021 Novum

335 1052 578 1119 Caelum
606 1064 668 1118 et
690 1055 866 1121 Nova
896 1055 1085 1119 Terra
1113 1056 1390 1119 existent:
1431 1063 1503 1117 ‘et
1530 1056 1798 1120 instructi
1824 1065 1978 1132 sunt,
2015 1057 2173 1143 quod
2203 1079 2327 1120 om-

332 1154 486 1230 nia,
520 1175 669 1240 quae
709 1154 803 1217 bic
830 1174 1030 1220 coram
1072 1155 1255 1220 oculis
1281 1166 1602 1243 apparent,
1655 1157 1768 1219 sint
1795 1152 2220 1233 substantialia,
2268 1168 2327 1222 et

335 1255 611 1319 dicantur
646 1255 1006 1343 spiritualia,
1073 1260 1133 1321 et
1173 1259 1333 1344 quod
1378 1259 1572 1319 omnia
1615 1258 1672 1320 in
1721 1256 1898 1343 priori
1946 1259 2173 1323 Mundo
2212 1259 2327 1324 sint

334 1356 661 1421 materialia
690 1366 750 1422 et
774 1356 1046 1423 dicantur
1073 1358 1398 1430 naturalia;
1452 1366 1510 1421 et
1539 1359 1693 1446 quod
1740 1356 1851 1420 boc
1884 1359 2193 1423 discrimen
2233 1361 2327 1436 sit,

334 1457 473 1543 quia
501 1479 572 1521 ex
600 1457 713 1523 alia
738 1459 963 1545 origine
989 1469 1153 1534 suut,
1197 1459 1493 1532 videlicet,
1534 1461 1692 1544 quod
1722 1459 1917 1523 omnia
1946 1482 2098 1547 quae
2124 1460 2182 1522 in
2211 1459 2324 1526 boc

335 1559 565 1623 Mundo
610 1569 775 1632 sunt,
841 1561 1089 1625 existant
1129 1569 1188 1624 et
1225 1560 1542 1624 subsistant
1589 1580 1659 1623 ex
1697 1559 1833 1622 Sole
1876 1563 1975 1648 qui
2017 1571 2105 1625 est
2144 1584 2347 1649 purus,

333 1657 553 1736 Amor,
605 1670 663 1724 et
689 1660 844 1746 quod
875 1662 1071 1726 omnia
1100 1682 1250 1746 quae
1279 1662 1339 1724 in
1373 1661 1474 1725 itto
1505 1662 1730 1725 Mundo
1759 1672 1929 1737 sunt,
1977 1661 2227 1726 existant
2254 1685 2325 1726 ex

335 1760 475 1826 Sole
520 1761 617 1848 qui
662 1772 746 1826 est
787 1784 965 1848 purus
1009 1761 1199 1849 Ignis:
1252 1771 1312 1825 et
1357 1762 1593 1849 insuper
1639 1763 1901 1826 instructi
1946 1772 2112 1839 sunt,
2165 1764 2321 1849 quod

337 1883 459 1925 non
486 1863 662 1927 modo
701 1863 758 1924 in
806 1861 918 1926 hoc
956 1863 1186 1930 Mundo
1225 1863 1341 1927 sint
1369 1860 1952 1937 Administrationes,
2003 1864 2107 1928 sed
2145 1866 2323 1928 etiam

333 1961 541 2027 Studia
570 1963 758 2027 omnis
784 1962 1061 2038 Generis,
1115 1973 1175 2027 et
1213 1985 1449 2049 qnoque
1478 1964 1815 2052 Scripturae
1850 1976 1917 2026 et
1946 1964 2126 2029 Libri.
2205 1963 2326 2029 Ad-

338 2084 526 2127 venae
554 2085 624 2128 ex
648 2064 737 2127 his
764 2065 1246 2129 instructionibus
1273 2063 1567 2128 laetificati
1605 2075 1768 2139 sunt,
1823 2076 1881 2127 et
1911 2087 2044 2128 cum
2075 2065 2324 2142 abirent,

337 2175 628 2230 venerunt
655 2166 946 2251 quaedam
975 2166 1247 2251 Virgines
1282 2187 1413 2227 cum
1443 2162 1742 2251 Acupictis
1781 2175 1840 2227 et
1881 2165 2085 2241 Netis,
2136 2167 2325 2255 operi-

337 2264 447 2328 bus
493 2287 771 2331 manuum
826 2285 1098 2342 suarum,
1152 2275 1209 2329 et
1254 2266 1626 2330 donaverunt
1673 2265 1818 2339 illis;
1873 2276 1930 2329 et
1975 2288 2174 2331 coram
2214 2266 2326 2332 illis

333 2366 675 2432 cecinerunt
702 2369 902 2443 oden,
961 2391 1108 2455 quae
1135 2365 1502 2432 affectionem
1530 2389 1775 2454 operum
1807 2389 1941 2433 usus
1962 2392 2101 2434 -cum
2131 2391 2327 2435 amae-

337 2466 427 2532 nis
454 2472 578 2556 ejus
605 2469 758 2533 melo
787 2469 1052 2560 angelico
1078 2469 1514 2557 exprimebant,
1552 2491 1617 2531 n:
1663 2472 1811 2535 694.

237 2566 519 2635 LXXIII.
577 2569 750 2652 Quod
788 2571 1157 2636 introductus
1193 2571 1301 2635 sim
1340 2570 1399 2632 in
1430 2569 1835 2643 Conventum,
1891 2570 1993 2634 ubi
2036 2570 2218 2658 aliqui
2255 2593 2327 2636 ex

337 2673 583 2736 vetustis
626 2670 996 2760 philosophis
1035 2672 1210 2735 etiam
1257 2672 1532 2747 aderant,
1612 2693 1682 2735 ac
1734 2673 2133 2755 interrogatus
2179 2694 2328 2749 sum,

337 2773 479 2859 qnid
503 2774 564 2836 in
593 2794 725 2837 meo
752 2772 976 2836 Mundo
1017 2775 1208 2837 sciunt
1246 2773 1319 2835 de
1360 2773 1677 2846 ΙΝηυΧυ,
1729 2771 1801 2836 ad
1841 2793 1993 2857 quae
2033 2773 2326 2860 respondi,

338 2873 494 2960 quod
535 2895 654 2937 non
695 2873 767 2935 de
808 2873 924 2936 alio
966 2875 1182 2951 sciant,
1238 2872 1413 2960 quam
1455 2873 1528 2935 de
1571 2871 1796 2936 influxu
1840 2872 1980 2935 lucis
2018 2882 2076 2935 et
2116 2874 2326 2937 caloris

334 2974 424 3040 sui
452 2974 605 3039 Solis
630 2976 689 3037 in
719 2975 814 3037 illa
845 2995 996 3060 quae
1019 2983 1271 3038 naturae
1302 2985 1468 3049 sunt,
1523 2985 1641 3036 tam
1688 2977 1744 3036 in
1773 2973 1871 3036 illa
1899 2972 1978 3035 ibi
2010 2995 2160 3059 quae
2200 2974 2326 3038 ani-

335 3086 495 3139 mata
536 3086 700 3150 sunt,
770 3095 942 3161 quam
990 3097 1141 3162 quae
1187 3076 1542 3149 inanimata,
1611 3084 1670 3137 et
1721 3076 1877 3159 quod
1924 3094 2161 3158 prorsus
2206 3096 2326 3137 non

257 3241 260 3246 .
334 3177 523 3240 sciant
577 3176 795 3263 aliquid
840 3177 913 3238 de
957 3176 1189 3239 lnfluxu
1237 3176 1445 3239 Mundi
1489 3175 1805 3261 spiritualis
1846 3176 1906 3238 in
1957 3171 2325 3250 Naturalem,

334 3298 471 3341 cum
502 3289 696 3341 tamen
726 3298 794 3338 ex
823 3278 925 3340 illo
955 3277 1183 3341 Influxu
1223 3287 1356 3340 sunt
1402 3278 1595 3339 omnia
1637 3277 1961 3350 mirabilia,
2013 3286 2133 3339 tam
2175 3297 2326 3362 quae

334 3379 772 3464 conspiciuntur
814 3380 892 3441 ibi
938 3380 995 3441 in
1029 3380 1239 3464 Regno
1274 3376 1543 3452 animali,
1597 3397 1771 3463 quam
1818 3386 1968 3463 quafe
2010 3377 2067 3440 in
2114 3377 2328 3464 Regno

336 3478 685 3564 vegetabili,
740 3502 891 3566 quae
921 3480 1116 3565 quoad
1160 3490 1384 3564 partem
1425 3487 1838 3546 recensentur;
1893 3487 1949 3540 et
1988 3479 2125 3565 quia
2173 3479 2329 3541 bunc

337 3578 630 3644 Influxum
675 3599 792 3644 non
830 3581 1049 3655 sciunt,
1123 3578 1472 3643 confirmant
1509 3602 1572 3643 se
1616 3601 1723 3664 pro
1764 3579 2033 3655 Natura,
2084 3589 2144 3642 et
2182 3579 2330 3643 fiunt

283 3680 771 3755 Naturalistae,
823 3691 882 3745 et
911 3682 1144 3745 tandem
1178 3680 1382 3756 Atbei,
1441 3685 1705 3745 11:695.
1966 3689 1971 3692 “
2042 3685 2051 3694 '

222 3782 502 3848 LXXIV.
559 3782 734 3861 Quod
764 3783 1038 3868 loquutus
1064 3782 1169 3845 sim
1202 3806 1331 3848 cum
1360 3783 1750 3847 sectatoribus
1779 3781 2136 3855 Aristotelis,
2188 3781 2330 3845 Car—

337 3882 495 3954 t'esii‚
566 3893 623 3945 et
679 3883 1018 3957 Leibnitzii,
1085 3883 1159 3946 de
1213 3883 1500 3947 Iunuxu
1543 3881 1857 3957 Pumice,
1929 3883 2001 3947 de
2046 3882 2332 3948 Immuxu

334 4003 777 4061 occAsionAm,
828 3994 887 4048 et
926 3985 998 4048 de
1041 3984 1398 4048 HARMomA
1446 4003 1963 4060 nummum-rs,
2016 3994 2074 4048 et
2113 3984 2333 4058 audivi,

337 4084 635 4174 quomodo
665 4085 910 4173 quisque
935 4103 1100 4150 suam
1132 4083 1509 4173 Hypothesin
1535 4083 1934 4158 confirmavit;
1971 4094 2029 4146 et
2055 4083 2330 4171 quoniam

334 4207 454 4251 non
484 4195 803 4273 potuerunt
828 4186 1115 4275 inspicere
1142 4185 1302 4249 illam'
1331 4203 1454 4248 rem
1492 4182 1791 4248 intellectu
1819 4207 1991 4272 supra
2022 4183 2334 4249 confirma-

332 4287 572 4362 tiones,
604 4285 705 4350 sed
736 4288 913 4353 modo
941 4287 1093 4353 infra
1135 4286 1291 4362 illas,
1342 4284 1700 4350 dirimebant
1745 4285 1905 4349 litem
1950 4306 2055 4371 per
2093 4294 2332 4360 sortem,
