2750 4775
452 366 521 421 X.
601 364 1202 419 REFORMATm
1256 367 1365 418 ΕΤ
1419 368 2093 425 REGENERATIO.
2256 381 2360 428 125

244 519 596 585 inducendo
627 520 953 606 plenariam
991 520 1397 609 impotentiam
1439 521 1499 583 in
1538 522 1677 593 illis;
1731 536 1787 585 et
1828 532 1966 587 tunc
2006 522 2157 587 sicut
2198 524 2359 590 Deus

258 622 457 688 solum
488 631 835 706 operaretur
864 642 896 684 a
926 641 1031 685 sua
1063 633 1258 710 parte,
1311 630 1370 684 et
1401 623 1558 686 nulla
1593 625 1850 711 potentia
1880 625 2016 687 data
2056 623 2212 704 foret
2251 623 2358 690 bo·

257 724 406 787 mini
439 723 791 811 cooperandi
821 743 853 785 a
880 742 986 786 sua
1007 770 1023 797 ,
1074 731 1133 787 et
1160 724 1241 786 sic
1268 744 1330 787 se
1359 722 1751 808 conjungendi
1768 752 1792 792 ;.
1836 724 1972 811 quid
2003 734 2141 789 tunc
2179 725 2358 790 homo

249 825 463 912 quoad
491 824 1030 909 regenerationem,
1086 827 1192 887 nisi
1221 823 1371 887 sicut
1399 825 1631 889 vinctus
1674 827 1869 912 quoad
1909 846 2117 890 manus
2156 837 2213 890 et
2261 848 2359 913 pe-

261 927 402 1001 des,
453 925 653 990 similis
679 926 979 989 vinctisin
1007 926 1288 999 navibus,
1339 926 1597 1011 galeres,
1650 927 1906 1002 vocatis,
1961 928 2058 1012 qui
2099 929 2145 990 si
2179 928 2362 992 mani-

260 1029 352 1092 cis
381 1035 439 1089 et
469 1027 683 1113 pedicis
711 1048 771 1091 se
802 1025 1204 1100 exsolverent,
1255 1026 1526 1090 similiter
1559 1036 1620 1088 ut
1658 1026 1740 1089 illi
1771 1027 2076 1113 puniretur
2101 1036 2160 1090 et
2188 1031 2363 1093 morti

265 1127 682 1202 damnaretur,
736 1126 849 1189 boc
889 1138 1005 1200 est,
1055 1127 1101 1191 si
1143 1150 1213 1191 ex
1241 1126 1427 1190 libero
1456 1128 1703 1191 arbitrio
1732 1129 1950 1192 bonum
1981 1127 2202 1193 faceret
2229 1150 2365 1216 pto-

262 1229 460 1303 x-imo,
510 1239 569 1292 et
599 1250 670 1291 ex
709 1249 770 1292 se
809 1227 1074 1293 crederet
1114 1231 1172 1291 i'n
1214 1228 1442 1305 Deum,
1494 1228 1696 1293 salutis
1738 1250 1930 1294 causa.
2010 1229 2167 1310 Quid
2211 1229 2365 1295 soret

265 1329 450 1397 homo
488 1330 547 1417 in
576 1329 790 1393 talibus
819 1327 1233 1406 confirmatuS,
1281 1340 1339 1394 et
1382 1338 1580 1393 tamen
1630 1330 1689 1393 in
1733 1330 1828 1417 pio
1869 1330 2156 1396 desiderio
2183 1331 2364 1404 Caeli,

267 1432 382 1497 nisi
410 1432 557 1496 sicut
585 1431 751 1495 larva
780 1441 942 1495 stans
968 1432 1023 1494 in
1055 1431 1309 1504 visione,
1361 1453 1499 1493 num
1546 1429 1689 1494 fides
1730 1430 1826 1494 illa
1869 1452 1999 1495 cum
2038 1433 2156 1497 suis
2187 1433 2365 1496 bene·

261 1533 412 1598 ficiis
457 1533 646 1597 infusa
691 1532 800 1607 sit,
853 1542 954 1596 aut
998 1534 1242 1609 sinon,
1297 1554 1436 1595 num
1480 1531 1855 1611 infundatur,
1925 1532 2169 1619 proinde
2222 1554 2365 1597 num

263 1635 436 1699 Deus
479 1632 658 1697 Pater
697 1634 966 1698 misertus
1005 1633 1106 1710 sit,
1161 1642 1264 1698 aut
1309 1655 1449 1697 num
1495 1633 1678 1698 Filius
1721 1633 1909 1721 Ipsius
1952 1634 2361 1711 intercesserit,

267 1745 374 1800 aut
404 1757 540 1798 num
567 1735 819 1821 Spiritus
843 1744 1081 1799 sanctus
1108 1733 1244 1799 alibi
1274 1743 1595 1822 occupatus
1625 1756 1742 1798 non
1777 1745 2083 1819 operetur;
2139 1744 2196 1799 et
2238 1744 2366 1798 tan·

268 1837 402 1900 dem
436 1858 504 1899 ex
533 1837 793 1923 plenaria
822 1837 1154 1923 ignorantia
1197 1833 1269 1898 de
1307 1835 1423 1898 hoc
1449 1835 1782 1910 recederet,
1834 1845 1892 1899 et
1931 1856 1992 1899 se
2034 1836 2366 1902 consolare-

268 1949 369 2002 tur
397 1959 499 2025 per
523 1936 669 2011 hoc,
722 1939 879 2024 quod
926 1938 1080 2003 forte
1123 1937 1313 2021 gratia
1354 1937 1454 1999 illa
1498 1936 1814 2000 moralitati
1858 1936 2012 2000 vitae
2057 1957 2257 2012 meae,
2306 1937 2367 2000 in

270 2062 389 2127 qua
418 2060 545 2102 sum
575 2049 633 2101 et
659 2060 871 2101 maneo
900 2040 1048 2103 sicut
1090 2039 1282 2123 prius,
1332 2037 1501 2111 insit,
1552 2048 1610 2100 et
1647 2038 1728 2101 sic
1768 2038 1866 2102 illa
1911 2038 1969 2099 in
2005 2059 2104 2101 -me
2142 2046 2366 2114 sancta,

269 2151 332 2205 at
360 2140 419 2202 in
448 2139 590 2215 illis,
643 2141 741 2224 qui
770 2138 942 2202 fidem
972 2139 1130 2201 illam
1174 2159 1293 2200 non
1335 2137 1529 2224 adepti
1570 2148 1735 2215 sunt,
1789 2138 2127 2226 prophana;
2173 2158 2367 2225 quare

273 2251 340 2305 ut
367 2240 648 2304 sanctitas
675 2240 734 2300 in
762 2238 1094 2311 moralitate
1126 2260 1254 2301 mea
1286 2247 1617 2313 remaneat,
1672 2242 1895 2304 cavebo
1926 2239 2170 2326 posthac
2198 2263 2268 2304 ne
2297 2261 2367 2305 ex

273 2362 373 2404 me
400 2360 612 2454 operer
640 2339 844 2413 fidem,
898 2360 1009 2403 nec
1046 2338 1424 2413 charitatem
1481 2351 1714 2428 praeter
1756 2340 1958 2430 p·lura‚
2009 2340 2142 2407 talis
2182 2341 2369 2419 larva,

281 2450 388 2506 aut
415 2441 461 2503 si
492 2440 708 2517 mavis,
761 2441 890 2504 talis
914 2450 1106 2506 statua
1132 2440 1269 2505 salis
1297 2440 1360 2506 fit
1386 2443 1605 2518 omnis,
1659 2444 1755 2528 qui
1800 2443 2020 2529 cogitat
2055 2444 2130 2507 de
2173 2444 2370 2531 Rege-

278 2542 585 2605 neratione
614 2542 836 2628 absque
865 2542 1080 2606 Libero
1109 2543 1395 2606 arbitrio
1381 2564 1437 2605 m
1468 2543 1879 2630 spiritualibus.

436 2648 579 2706 617.
590 2635 867 2719 'Homo,
921 2644 1019 2730 qui
1048 2644 1230 2707 credit
1260 2646 1835 2730 Regenerationem
1811 2645 1952 2709 dari
1994 2645 2217 2732 absque
2248 2646 2368 2711 ullo

273 2744 465 2808 libero
511 2744 757 2808 arbitrio
808 2745 866 2806 in
917 2746 1342 2832 spiritualibus,
1409 2746 1489 2811 ita
1538 2747 1760 2831 absque
1803 2746 2253 2835 cooperatione,
2306 2745 2371 2810 fit

269 2846 475 2934 quoad
506 2847 701 2909 omnia
746 2867 885 2911 vera
918 2845 1212 2910 Ecclesiae
1240 2845 1486 2933 frigidus
1518 2847 1667 2910 sicut
1692 2867 1929 2922 saxum,
1971 2857 2027 2910 et
2056 2848 2102 2912 si
2134 2847 2371 2924 calidus,

273 2957 364 3012 est
389 2946 537 3010 sicut
565 2949 740 3012 torris
779 2947 837 3009 in
882 2947 1016 3011 foco
1059 2949 1304 3033 ignitus,
1355 2949 1458 3033 qui
1494 2946 1709 3033 flagrat
1757 2970 1824 3011 ex
1866 2948 2372 3042 combustibilibus

271 3049 341 3111 in
367 3047 499 3123 illa,
552 3049 686 3134 quia
717 3070 787 3112 ex
816 3048 1314 3136 concupiscentiis.
1403 3049 1507 3112 Ille
1535 3049 1937 3135 comparative
1977 3048 2040 3112 fn
2078 3050 2226 3114 sicut
2270 3070 2372 3136 pa-

264 3149 477 3213 latium
507 3149 811 3213 subsidens
837 3152 895 3213 in
925 3160 1142 3213 terram
1172 3169 1355 3235 usque
1385 3150 1460 3212 ad
1487 3159 1704 3213 tectum
1747 3151 1901 3236 ejus,
1955 3160 2013 3214 et
2050 3150 2372 3214 inundatur

270 3251 443 3337 aquis
472 3250 815 3327 lutulentis,
852 3260 910 3315 et
939 3261 1067 3336 post
1107 3249 1223 3314 boc
1263 3249 1492 3315 habitat
1528 3273 1703 3337 super
1747 3253 1906 3315 nudo
1948 3259 2138 3325 tecto,
2190 3261 2249 3336 et
2289 3251 2369 3314 ibi

266 3351 387 3415 -sibi
434 3350 571 3414 facit
620 3353 934 3415 tentorium
984 3374 1054 3414 ex
1100 3352 1301 3415 cannis
1347 3350 1735 3439 palustribus,
1781 3361 1864 3416 ·et
1909 3353 2142 3415 demum
2193 3351 2368 3416 etiam

276 3461 500 3515 tectum
527 3452 817 3527 subsidet,
848 3462 928 3515 -et
957 3453 1077 3538 ipse
1105 3452 1520 3538 submergitur.
1580 3453 1680 3517 Est
1720 3475 1955 3540 quoque
1985 3451 2186 3516 similis
2215 3452 2372 3528 navi,

273 3554 337 3617 in
367 3569 482 3639 qua
515 3553 704 3617 omnis
730 3555 960 3638 generis
991 3554 1281 3641 pretiosae
1314 3575 1536 3630 merces
1574 3575 1644 3617 ex
1670 3554 1869 3618 Verbo
1910 3564 1970 3617 ut
2005 3552 2371 3619 thesaurario

266 3664 445 3728 sunt,
488 3673 649 3740 quae
680 3654 774 3717 vel
802 3676 833 3718 a
865 3655 1128 3719 muribus
1156 3663 1217 3716 et
1248 3655 1443 3719 blattis
1484 3655 1916 3731 corroduntur,
1968 3655 2063 3722 vel
2103 3676 2135 3717 a
2180 3657 2374 3721 nautis

276 3754 668 3843 projiciuntur
698 3756 756 3818 in
785 3774 967 3829 mare,
1006 3764 1064 3818 et
1089 3755 1174 3818 sic
1203 3763 1563 3820 mercatores
1590 3754 2016 3823 defraudantur
2041 3757 2160 3821 suis
2184 3757 2371 3821 bonis.

256 3855 510 3920 Eruditi
539 3878 639 3919 seu
671 3857 932 3942 opulenti
962 3878 1031 3920 ex
1062 3855 1193 3919 fidei
1223 3857 1390 3922 istius
1419 3857 1650 3922 arcanis
1680 3867 1814 3922 sunt
1856 3859 2070 3922 similes
2097 3858 2377 3923 institori-

272 3958 388 4021 bus
434 3958 492 4019 in
540 3956 866 4044 Cauponis,
932 3958 1030 4044 qui
1076 3949 1343 4022 vendunt
1388 3968 1614 4023 statuas
1658 3957 1988 4033 idolorum,
2025 3955 2274 4023 'fructus
2317 3967 2377 4022 et

277 4056 461 4122 flores
507 4079 735 4135 cereos,
790 4059 1130 4149 conchylia,
1188 4059 1421 4147 viperas
1473 4061 1534 4121 in
1583 4057 1824 4148 phialis,
1875 4070 1934 4123 et
1985 4058 2196 4123 similia
2241 4056 2374 4122 alia.

212 4161 221 4166 ’
277 4160 403 4234 Illi,
460 4160 656 4246 quiex
687 4160 842 4225 nulla
870 4160 1169 4248 spirituali
1192 4161 1450 4246 potentia
1494 4158 1716 4224 homini
1746 4159 2038 4247 applicata
2083 4167 2142 4223 et
2179 4156 2314 4219 data
2344 4175 2381 4219 a

278 4261 573 4337 Domino,
629 4283 748 4328 non
802 4261 1010 4328 volunt
1062 4270 1329 4350 spectare
1371 4278 1631 4336 sursum,
1697 4269 1833 4325 sunt
1879 4257 2190 4323 actualiter
2233 4254 2383 4317 sicut
