2750 4775
471 357 536 444 {L
617 346 1224 443 REFORMATIO
1278 357 1386 409 ET
1441 354 2113 411 REGENERATIO.
2268 367 2371 416 ¹¹23

270 522 581 589 naturam,
639 533 816 599 quam
846 509 1025 576 trabit
1051 531 1122 575 ex
1149 511 1490 587 nativitate,
1541 511 1603 575 in
1643 512 1883 577 minima
1914 510 2101 597 effigie
2143 519 2233 574 est
2273 509 2372 574 In·

268 613 540 690 fernum,
595 622 652 677 et
683 612 879 698 quoad
921 612 1170 679 alteram
1215 621 1523 689 naturam,
1575 630 1750 700 quam
1789 610 1969 679 trabit
2007 634 2079 679 ex
2114 611 2371 677 secunda

269 714 620 790 nativitate,
658 700 719 777 in
747 713 987 778 minima
1014 714 1201 801 effigie
1231 725 1318 778 est
1344 713 1604 778 Caelum.
1661 713 1751 778 Ex
1774 713 1866 779 bis
1891 713 2173 800 sequitur,
2209 712 2370 799 quod

269 815 433 883 mala
458 814 616 902 apud
647 814 941 880 hominem
972 815 1241 883 similiter
1277 823 1699 880 removeamur
1737 824 1798 878 et
1839 823 2189 900 separentur
2224 814 2373 877 sieut

272 915 584 981 Infernum
612 925 672 980 et
699 915 941 980 Caelum
971 917 1029 980 in
1058 935 1273 1002 magna
1301 915 1518 1003 effigie,
1551 923 1611 980 et
1636 915 1795 1004 quod
1824 915 1977 979 mala
2002 915 2152 979 sicut
2181 934 2374 977 remo-

267 1027 490 1085 ventur
530 1026 801 1082 avertant
843 1037 906 1082 se
944 1039 978 1081 a
1017 1016 1308 1093 Domino,
1361 1026 1420 1095 et
1458 1036 1522 1082 se
1564 1018 1891 1081 successive
1929 1015 2264 1091 invertant,
2314 1024 2374 1079 et

269 1119 436 1206 quod
464 1116 579 1182 boc
603 1116 706 1181 fiat
743 1121 804 1181 iu
831 1139 903 1182 eo
922 1119 1151 1206 gradu,
1204 1139 1322 1205 quo
1359 1117 1747 1205 implantatur
1772 1115 2052 1192 Caelum,
2102 1112 2218 1179 boc
2261 1125 2371 1191 est,

267 1220 426 1285 sicut
467 1219 647 1284 bomo
675 1217 741 1282 fit
781 1241 987 1284 novus.
1071 1219 1182 1284 His
1217 1218 1625 1284 illustrationis
1664 1216 2200 1306 gratia-adjicietur
2239 1213 2374 1292 boc,

270 1320 435 1408 quod
480 1321 920 1407 unumquodvis
959 1320 1176 1385 malum
1216 1320 1369 1408 apud
1410 1318 1708 1384 bominem
1751 1319 2224 1403 conjunctionem
2267 1317 2372 1382 ba·-

267 1422 414 1487 beat
440 1444 570 1485 cum
598 1422 816 1487 talibus
840 1423 901 1486 in
928 1421 1195 1499 inferno,
1245 1406 1435 1509 quiin
1470 1418 1643 1486 simili
1686 1420 1843 1486 malo
1882 1429 2051 1495 sunt,
2103 1428 2161 1484 et
2203 1419 2371 1485 vicis-

268 1523 384 1589 sim
426 1523 581 1611 quod
622 1522 1056 1610 unumquodvis
1092 1524 1312 1588 bonum
1355 1522 1512 1610 apud
1558 1519 1857 1586 bominem
1900 1521 2370 1607 conjunctionem

269 1622 495 1689 habeat
523 1646 657 1689 cum
683 1624 899 1689 talibus
922 1625 982 1688 iu
1010 1623 1189 1689 Caelo
1218 1623 1409 1712 quiin
1433 1623 1605 1688 simili
1632 1623 1791 1689 bono
1818 1630 1972 1690 sunt.

433 1727 577 1789 614.
634 1726 721 1790 Ex
753 1725 1021 1790 adductis
1064 1735 1337 1791 constare
1384 1733 1607 1810 potest,
1661 1724 1818 1809 quod
1865 1731 2239 1813 peccatorum
2281 1743 2375 1786 re-

268 1825 499 1902 missio,
554 1848 671 1890 non
712 1826 786 1892 sit
823 1827 1058 1890 illorum
1100 1826 1443 1912 exstirpatio
1484 1834 1542 1889 et
1579 1823 1901 1897 abstersio,
1951 1823 2053 1888 sed
2095 1822 2255 1911 quod
2294 1823 2370 1888 sit

270 1927 509 1992 illorum
538 1928 789 1991 remotio
818 1938 875 1990 et
901 1929 986 1991 sic
1011 1927 1337 2014 separatio,
1383 1935 1507 1990 tum
1527 1925 1693 2013 quod
1722 1944 1899 1993 omne
1928 1922 2170 1999 malum,
2213 1923 2372 2010 quod

266 2027 450 2093 'homo
480 2028 795 2093 actualiter
818 2024 927 2091 sibi
956 2028 1391 2115 appropriavit,
1438 2036 1775 2099 remaneat;
1829 2034 1889 2090 et
1917 2026 2065 2112 quia
2105 2025 2370 2091 remissio

269 2138 655 2218 peccatorum
695 2137 781 2193 est
819 2127 1057 2192 illorum
1097 2127 1351 2192 remotio
1391 2137 1449 2191 et
1487 2128 1813 2215 separatio,
1864 2127 2161 2214 sequitur,
2212 2126 2372 2213 quod

267 2227 457 2294 homo
501 2249 535 2292 a
577 2228 851 2293 Domino
877 2228 1211 2293 detineatur
1247 2249 1282 2292 a
1324 2228 1512 2305 malo,
1564 2238 1623 2292 et
1662 2229 2034 2294 contineatur
2072 2227 2131 2291 in
2174 2227 2366 2300 bono;

272 2339 337 2394 et
364 2328 522 2417 quod
550 2327 667 2394 boc
693 2329 765 2393 sit
794 2327 949 2417 quod
979 2330 1151 2394 datur
1173 2327 1399 2395 homiui
1441 2350 1546 2420 per
1584 2330 2107 2417 regenerationem.
2165 2328 2373 2410 Quon-

277 2430 417 2494 dam
447 2428 646 2495 audivi
673 2429 968 2517 quendam
998 2432 1055 2494 in
1086 2431 1311 2496 Ultimo
1339 2430 1518 2496 Caelo
1546 2430 1834 2496 dicentem
1853 2482 1868 2508 ,
1910 2432 2068 2518 quod
2095 2431 2373 2497 immunis

275 2551 315 2596 a
342 2518 596 2619 peccatis
627 2527 761 2607 sits
786 2532 923 2616 quia
964 2532 1060 2596 illa
1098 2533 1362 2598 abstersa
1401 2541 1568 2609 sunt,
1621 2531 1836 2618 adjecit
1881 2554 1986 2620 per
2022 2534 2368 2620 sanguinem

271 2631 523 2706 Christi,
572 2631 675 2697 sed
714 2634 852 2720 quia
892 2633 1047 2697 intra
1089 2633 1330 2702 Caelum
1370 2634 1467 2698 ille
1509 2644 1694 2711 erat,
1726 2644 1783 2698 et
1826 2654 1897 2698 ex
1933 2635 2265 2722 ignorantia
2305 2634 2368 2698 in

266 2734 373 2798 illo
412 2755 648 2811 errore,
701 2735 990 2802 immissus
1029 2745 1116 2800 est
1161 2736 1220 2798 in
1265 2756 1371 2800 sua
1415 2743 1653 2821 peecata
1702 2735 1971 2823 propria,
2025 2756 2176 2823 quae
2219 2735 2371 2799 sieut

264 2835 605 2911 redierunt,
658 2836 902 2922 agnovit
931 2836 1058 2909 illa;
1110 2857 1184 2900 ex
1215 2859 1333 2924 quo
1361 2834 1536 2900 fidem
1566 2857 1784 2902 novam
1818 2837 2177 2923 acceptavit,
2216 2856 2368 2922 quae

266 2943 436 3012 erat,
500 2936 657 3023 quod
701 2938 890 3002 omnis
930 2937 1142 3012 homo,
1206 2940 1357 3003 sicut
1402 2938 1593 3002 om'nis
1636 2934 1931 3024 Angelus,
1996 2958 2068 3000 ex
2106 2937 2367 3003 Domino

265 3037 605 3130 detineatur
629 3060 662 3102 a
693 3039 891 3113 malis,
944 3051 1003 3102 et
1042 3048 1321 3103 teneatur
1357 3039 1420 3102 in
1460 3039 1645 3103 bonis.
1729 3038 1817 3102 Ex
1854 3038 1946 3103 bis
1984 3048 2175 3127 patet,
2227 3037 2368 3122 quid

265 3131 563 3203 Remissio
592 3148 968 3224 peccatorum
986 3185 1029 3214 ,-
1055 3139 1213 3227 quod
1241 3161 1361 3202 non
1391 3140 1466 3204 sit
1492 3135 1897 3216 in'stantanea,
1948 3141 2050 3204 sed
2078 3138 2237 3223 quod
2278 3160 2369 3202 se·

265 3247 490 3325 quatur
524 3241 1072 3327 regenerationem,
1123 3241 1444 3306 seeundum
1487 3240 1611 3325 ejus
1651 3255 2007 3328 progressus.
2088 3240 2367 3306 Remotio

263 3348 683 3427 peccatorum,
736 3362 888 3427 qnae
919 3351 1164 3407 vocatur
1205 3342 1469 3406 remissio
1510 3362 1746 3417 eorum,
1802 3342 2133 3428 comparari
2176 3348 2369 3428 potest

263 3459 401 3503 cum
447 3442 733 3526 ejectione
777 3442 1038 3506 sordium
1085 3466 1129 3508 e¹
1158 3441 1376 3525 Castris
1421 3441 1673 3506 filiorum
1722 3442 1955 3507 Israelis
2006 3442 2067 3504 iu
2110 3440 2364 3518 deserto,

263 3542 427 3629 quod
474 3543 691 3608 circum
738 3543 834 3607 illa
878 3555 1048 3618 erat«,
1114 3565 1252 3607 nam
1297 3543 1506 3608 Castra
1555 3542 1789 3607 illorum
1836 3542 2364 3631 repraesentabant

264 3642 509 3708 Caelum
529 3691 547 3721 ,
597 3655 656 3708 et
685 3646 994 3709 Desertum
1025 3639 1346 3709 Infernum.
1429 3643 1775 3732 Comparari
1804 3646 1980 3707 etiam
2013 3655 2200 3733 potest
2232 3665 2380 3709 cum·

261 3745 595 3809 remotione
622 3745 885 3832 gentium
915 3767 948 3809 a
977 3743 1107 3811 filiis
1134 3745 1370 3811 'Israelis
1389 3794 1406 3820 ‚
1458 3743 1517 3807 in
1545 3755 1705 3809 terra
1734 3745 2043 3822 Canaane,
2093 3741 2150 3812 et
2178 3747 2366 3812 Jebu-

257 3865 537 3911 saeorum
567 3868 599 3909 a
629 3846 1053 3936 Hierosolyma
1072 3895 1088 3922 ,
1116 3861 1293 3933 'quae
1322 3868 1443 3910 non
1472 3846 1695 3933 ejectae
1719 3857 1855 3911 sunt
1894 3848 1997 3911 sed
2034 3857 2361 3938 separatae.

259 3945 610 4035 Comparari
651 3956 843 4035 potest
880 3970 1012 4016 cum
1039 3949 1289 4036 Dagone
1317 3948 1449 4013 Deo
1487 3943 1977 4025 Pbilistaeorum,
2032 3948 2188 4038 quod
2228 3967 2361 4012 cum

257 4048 599 4114 introducta
647 4059 735 4114 est
779 4050 968 4127 Arca,
1033 4051 1284 4136 primum
1326 4049 1577 4136 jacuerit
1618 4069 1795 4137 super
1836 4048 2099 4114 faciebus
2143 4048 2261 4114 suis
2302 4048 2364 4110 in

254 4160 452 4226 terra,
509 4159 567 4213 et
596 4159 797 4237 postea
825 4173 958 4216 cum
987 4150 1181 4239 capite
1209 4160 1267 4214 et
1296 4148 1448 4215 volis
1486 4169 1764 4213 manuum
1805 4151 1938 4235 ejus
1972 4149 2242 4213 abscissis
2268 4167 2365 4210 su-

257 4272 365 4342 per
411 4251 646 4330 limine,
696 4254 777 4319 ita
820 4273 942 4317 uon
985 4252 1231 4339 ejectus,
1286 4251 1388 4317 sed
1432 4261 1706 4315 remotus.
1788 4248 2134 4334 Comparari
2173 4252 2363 4333 potest
