2750 4775
300 335 1069 394 ADDl'rAMEN'rUM.
1114 363 1179 374 -
1224 335 1586 390 ARGARA
1635 337 2140 392 REVELATA·
2220 349 2329 400 315

215 490 372 568 „sed
416 509 692 555 assevero
720 489 777 552 in
808 489 1064 554 veritate
1089 489 1249 576 quod
1275 511 1400 555 non
1431 491 1548 556 sint
1588 492 1859 570 inventa,
1908 493 2009 560 sed
2037 514 2181 559 vere
2206 493 2331 560 visa

215 601 328 669 „et
354 590 554 668 audita
574 639 590 666 ‚
640 612 763 655 non
792 590 919 655 visa
945 599 1006 652 et
1029 590 1238 654 audita
1261 592 1320 654 in
1364 592 1621 679 quodam
1648 589 1817 658 Statu
1844 593 2061 659 Mentis
2084 595 2332 682 sopitae,

216 692 460 771 „sedin
500 702 658 757 statu
687 690 896 779 plenae
923 690 1209 778 Vigiliae:
1263 691 1485 778 placuit
1523 689 1677 757 enim
1718 694 1974 759 Domino
2011 694 2088 759 Se
2129 694 2329 782 Ipsum

215 792 411 873 „mihi
441 791 837 868 manifestare,
882 800 942 854 et
969 814 1065 856 me
1093 792 1327 857 mittere
1354 793 1431 857 ad
1459 794 1791 859 docendum
1819 794 1939 871 illa,
1979 814 2132 882 quae
2157 806 2335 860 erunt

215 895 482 974 „Novae
526 893 713 981 Ipsius
738 892 1070 968 Ecclesiae,
1124 915 1277 980 quae
1318 916 1426 980 per
1466 894 1705 960 Novam
1751 895 2229 985 Hierosolymam
2271 896 2331 959 in

213 993 627 1085 „Apocalypsi
671 992 1044 1080 intelligitun
1099 1005 1339 1082 propter
1376 1016 1550 1082 quem
1594 994 1769 1060 finem
1804 996 2084 1061 interiora
2112 997 2331 1063 Mentis

214 1118 375 1175 „sen
411 1095 661 1185 Spiritus
702 1096 817 1159 mei
848 1094 1114 1181 aperuit,
1166 1115 1239 1157 ex
1279 1117 1400 1182 quo
1439 1095 1577 1160 mihi
1622 1097 1823 1160 datum
1870 1106 1957 1162 est
1998 1097 2058 1159 in
2103 1096 2329 1162 Mundo

214 1195 558 1286 „spirituali
588 1218 722 1259 cum
750 1193 992 1281 Angelis
1015 1215 1173 1270 esse,
1230 1205 1287 1260 et
1324 1196 1503 1261 simul
1542 1198 1600 1263 in
1641 1197 1873 1265 Mundo
1910 1197 2164 1262 naturali
2196 1220 2331 1262 cum

216 1298 624 1378 „hominihus,
648 1306 706 1363 et
723 1295 836 1361 hoc
858 1317 1018 1361 nunc
1036 1319 1141 1383 per
1156 1295 1380 1382 Viginti
1397 1309 1620 1384 septem
1640 1297 1858 1366 Annos.
1917 1298 2061 1378 Quis
2080 1299 2140 1362 in
2159 1296 2331 1364 Chri·

213 1401 459 1479 „stiano
478 1399 644 1464 Orbe
665 1394 883 1485 aliquid
903 1396 1164 1463 scivisset
1184 1395 1256 1462 de
1271 1398 1481 1466 Canto
1499 1421 1577 1465 Εἰ·
1594 1399 1893 1476 Inurum,
1912 1399 2022 1465 nisi
2041 1399 2328 1486 placuerit

215 1501 527 1578 „Domino
556 1502 788 1586 aperire
814 1497 988 1562 alicui
1007 1498 1210 1563 Visum
1233 1499 1473 1587 spiritns
1496 1500 1640 1584 ejus,
1673 1522 1744 1565 ac
1771 1510 2104 1566 monstrare
2135 1510 2195 1563 et
2221 1500 2329 1565 do·

214 1623 421 1679 „cere
493 1601 669 1680 Quod
700 1600 860 1675 talia,
889 1620 1040 1686 quae
1069 1601 1127 1663 in
1160 1601 1692 1667 Mffloummnus
1717 1602 2008 1688 descripta
2032 1610 2187 1677 sunt,
2225 1622 2329 1687 ap-

214 1713 514 1792 „pareant
540 1702 596 1764 in
625 1699 848 1776 Caelis,
902 1708 1129 1770 constat
1165 1701 1473 1768 manifeste
1510 1723 1544 1766 a
1569 1702 1885 1779 similibus,
1939 1723 2089 1790 quae
2116 1703 2240 1768 visa
2266 1711 2328 1765 et

215 1803 557 1891 „descripta
584 1803 806 1868 suntin
842 1800 1202 1893 Apocalypsi
1244 1824 1280 1866 a
1315 1801 1649 1880 ,lomna
1700 1812 1765 1868 ut
1803 1811 1863 1867 et
1908 1824 2061 1890 quae
2109 1802 2230 1867 visa
2269 1812 2329 1866 et

225 1904 568 1993 „descripta
607 1914 743 1970 sunt
782 1904 845 1966 in
870 1903 1071 1968 Verbo
1101 1903 1331 1968 Veteris
1356 1902 1721 1968 Testamenti
1749 1925 1784 1968 a
1814 1903 2178 1970 Puerum.
2260 1901 2327 1966 In

221 2003 666 2085 „Apocunsn
704 2014 840 2070 sunt
878 2003 1061 2080 haec,
1116 2003 1291 2083 Quod
1321 2005 1535 2070 viderit
1565 2006 1802 2071 Fluunt
1829 2024 2094 2069 nomms
2118 2005 2178 2067 in
2207 2025 2329 2068 me·

218 2106 370 2187 „dio
421 2115 642 2195 septem
696 2104 1236 2171 Candelahrorum:
1312 2105 1473 2191 qnod
1547 2107 1759 2171 viderit
1826 2104 2328 2186 Tabernacnlnm,

224 2206 622 2293 ‚‚Templum,
685 2204 936 2280 Arcam,
1000 2203 1204 2270 Altare
1255 2205 1317 2271 in
1365 2205 1575 2271 Caeloz
1654 2207 1900 2272 Librum
1953 2206 2325 2294 obsignatum

227 2317 498 2394 „septem
527 2307 755 2394 sigillis,
799 2306 962 2371 illurn
990 2316 1258 2395 apertum
1278 2355 1297 2384 ,
1340 2315 1402 2371 et
1425 2306 1562 2370 inde
1591 2318 1868 2373 exeuntes
1894 2306 2128 2396 Equos:
2184 2329 2329 2397 qua-

234 2419 419 2485 „tuot
444 2406 737 2473 Animalia
765 2408 984 2472 circum
1009 2408 1350 2477 Thronnm:
1404 2409 1716 2475 duodecim
1759 2410 1939 2476 millia
1980 2409 2215 2475 Electos
2257 2431 2328 2475 ex

238 2508 610 2594 „unaquavis
636 2509 855 2573 Trihn:
895 2511 1180 2574 locustas
1206 2511 1592 2576 ascendentes
1618 2533 1690 2576 ex
1712 2507 1974 2603 Abysso:
2014 2511 2325 2578 Mulierem

235 2609 605 2694 „parientem
633 2607 814 2674 filium
841 2610 1193 2689 masculum,
1234 2632 1307 2675 ac
1332 2610 1654 2698 fugientem
1681 2613 1740 2677 in
1767 2613 2061 2678 desertum
2091 2621 2329 2701 propter
2393 2623 2401 2633 '

187 2712 192 2717 ⁴
230 2711 645 2786 „Draconemz
699 2711 844 2777 duas
891 2711 1119 2777 Bestias
1159 2732 1336 2777 unam
1383 2714 1795 2778 ascendentem
1834 2735 1907 2778 ex
1951 2715 2133 2790 mari,
2182 2714 2327 2778 alte·

224 2833 402 2890 „ram
447 2834 481 2877 e
525 2821 711 2877 terra:
775 2810 1067 2898 Angelum
1109 2813 1409 2878 volantem
1448 2815 1507 2877 in
1552 2815 1747 2879 medio
1790 2812 1972 2879 Caelo
2013 2813 2327 2877 habentem

224 2913 658 3001 „Evangelium
688 2924 1027 2980 aeternum:
1081 2916 1253 2982 Mare
1292 2915 1547 2981 vitreum
1576 2915 1712 3003 igne
1740 2913 2013 2978 mixtum:
2067 2908 2328 2997 Angelos

223 3024 491 3103 „septem
519 3012 808 3080 hahentes
834 3017 1037 3102 plagas
1063 3025 1286 3104 septem
1315 3016 1581 3089 ultimas;
1650 3014 1889 3081 Phialas
1926 3015 2005 3078 ab
2034 3013 2148 3077 illis
2184 3010 2328 3077 effu-

223 3137 365 3193 „sas
408 3116 469 3179 in
515 3126 767 3192 terram,
819 3117 879 3180 in
923 3137 1121 3194 mate,
1173 3118 1230 3180 in
1276 3115 1526 3193 fluvios,
1576 3117 1635 3179 in
1674 3116 1895 3192 solem,
1947 3116 2007 3178 in
2046 3111 2327 3179 thronum

223 3217 532 3296 „bestiae‚
583 3219 644 3281 in
695 3216 1095 3304 Euphratem,
1160 3218 1318 3281 etin
1355 3214 1604 3282 Aerem:
1678 3215 1988 3281 Mulierem
2026 3215 2326 3281 sedentem

223 3339 450 3405 „super
485 3318 683 3383 Bestia
730 3319 1042 3383 coccineae
1097 3319 1433 3383 Draconem
1476 3319 1727 3404 ejectum
1765 3317 1826 3381 in
1865 3326 2138 3405 stagnum
2179 3315 2332 3403 ignis

221 3427 333 3496 „et
356 3416 683 3504 sulphuris:
738 3419 972 3507 Equum
1011 3419 1243 3483 album:
1296 3417 1554 3484 Caenam
1587 3439 1891 3507 magnam:
1950 3418 2192 3484 Caelum
2223 3440 2331 3483 no-

220 3540 413 3598 „vum
454 3529 512 3582 et
539 3520 793 3585 Terram
833 3542 1081 3587 novam:
1134 3517 1413 3584 Sanctam
1457 3521 1933 3612 Hierosolymam
1975 3521 2332 3585 descenden-

219 3630 389 3697 „tem
417 3642 450 3682 e
477 3620 657 3685 Caelo
676 3669 692 3697 ‚
746 3621 1096 3709 descriptam
1125 3621 1321 3707 quoad
1352 3632 1582 3708 portas,
1636 3643 1867 3687 murum
1897 3632 1957 3685 et
1982 3620 2159 3710 hujus
2197 3621 2329 3686 fun-

219 3721 578 3799 ‚,damenta;
636 3732 756 3785 tum
787 3722 1061 3788 Fluvium
1091 3743 1280 3810 aquae
1308 3724 1498 3801 vitae,
1551 3732 1608 3787 et
1637 3723 1900 3788 Arbores
1926 3725 2081 3789 vitae
2110 3723 2329 3789 facien-

219 3832 359 3900 „tes
414 3820 643 3887 fructus
685 3826 897 3910 quovis
940 3844 1171 3897 mense;
1238 3835 1475 3910 praeter
1516 3824 1720 3913 plura,
1773 3846 1926 3910 quae
1965 3826 2161 3890 omnia
2204 3825 2329 3889 visa

217 3931 407 4002 „sunt
431 3923 753 4000 Jonmm,
797 3945 874 3989 ac
896 3925 1022 3990 visa
1048 3925 1188 3989 dum
1216 3927 1415 4011 quoad
1441 3926 1708 4015 spiritum
1732 3947 1902 3992 suum
1930 3925 2040 3990 fuit
2067 3926 2128 3991 in
2155 3925 2333 3989 Mun-

215 4023 347 4102 „do
389 4024 677 4111 spirituali
719 4026 871 4090 etin
913 4026 1109 4091 Caelo.
1188 4026 1440 4092 Praeter
1480 4048 1631 4112 quae
1678 4026 1801 4092 visa
1853 4036 1990 4091 sunt
2033 4022 2331 4113 Apostolis

216 4132 402 4211 „post
444 4112 935 4193 resurrectionem
983 4125 1259 4203 Domini,
1324 4136 1390 4192 ut
1435 4147 1587 4213 quae
1633 4126 1843 4192 deinde
1888 4126 2132 4203 Pereo,
2198 4123 2325 4190 Act.

219 4222 475 4315 „Apost
519 4226 668 4316 Cap.
711 4226 832 4304 xl;
891 4237 1018 4292 tum
1043 4248 1194 4315 quae
1223 4227 1348 4293 visa
1376 4237 1436 4292 et
1463 4226 1663 4293 audita
1690 4227 1928 4292 Panno.
2007 4227 2329 4292 Praeterea
