2750 4775
815 354 970 410 XIII.
1052 354 1407 422 SANGTA
1463 355 1779 412 COENA.
2082 429 2101 440 ἢ
2245 371 2349 419 253

223 528 422 598 gyros
461 507 614 572 sicut
642 515 961 594 perpetuae
990 504 1228 580 helicis,
1283 514 1412 569 erat
1456 506 1717 594 perfecta
1750 506 1927 576 Helix
1955 512 2239 590 arborea,
2290 514 2351 577 in

224 630 354 696 qua
412 606 637 693 species
692 616 820 691 post
872 597 1097 690 species
1144 606 1424 671 continue
1470 608 1797 674 secundum
1848 610 2185 677 nobilitates
2230 614 2353 679 fru-

224 719 446 772 ctuum
482 708 921 794 sequebantur:
989 707 1338 795 principium
1382 706 1942 797 circumgyrationis
1980 710 2237 779 distabat
2272 717 2352 784 ab

220 806 474 874 Arbore
508 807 569 871 in
604 797 1043 894 medioinsigni
1073 806 1424 882 intervallo,
1478 830 1548 871 ac
1585 809 1960 873 intervallum
2004 813 2355 878 coruscabat

221 908 667 996 jubare'lucis,
721 929 793 970 ex
821 929 941 994 quo
971 908 1219 973 arbores
1261 908 1391 997 gyri
1434 910 1828 994 splendebant
1865 910 2181 997 splendore
2221 935 2352 977 suc-

220 1010 466 1075 cessivo
495 1018 552 1071 et
581 1008 923 1073 continuato
953 1030 986 1073 a
1019 1009 1219 1095 primis
1246 1009 1318 1072 ad
1351 1010 1614 1074 ultimas:
1661 1011 1885 1104 primae
1912 1013 2158 1077 arbores
2184 1025 2352 1078 erant

220 1110 503 1174 omnium
536 1110 1099 1197 praestantissimae,
1150 1110 1443 1174 fructibus
1471 1110 1680 1198 opimis
1720 1110 2116 1189 luxurianteS,
2174 1135 2352 1180 voca·
2410 1183 2413 1188 ,

221 1220 327 1275 tae
358 1209 811 1284 paradisiacae,
866 1231 1155 1296 nusquam
1187 1212 1346 1275 visae
1375 1212 1512 1296 quia
1544 1233 1663 1275 non
1696 1212 1873 1276 datae
1896 1233 2007 1276 nec
2040 1213 2350 1282 dabilesiu

218 1311 411 1375 terris
436 1310 647 1374 Mundi
675 1310 994 1383 naturalis;
1052 1320 1182 1396 post
1212 1309 1319 1374 has
1345 1312 1717 1399 excipiebant
1747 1313 1992 1380 arbores
2029 1315 2175 1388 olei;
2219 1326 2348 1402 post

217 1410 334 1478 has
362 1411 616 1476 arbores
646 1410 797 1483 vini,-
854 1420 983 1497 post
1023 1409 1128 1475 has
1156 1411 1402 1475 arbores
1440 1411 1837 1497 fragrantiae;
1891 1435 1962 1477 ac
2003 1413 2208 1478 ultimo
2248 1437 2347 1500 ar-

215 1512 411 1576 bores
438 1512 592 1596 ligni·
610 1511 782 1574 utiles
810 1511 883 1573 ad
913 1508 1184 1575 fabricas.
1268 1512 1389 1576 Hic
1417 1523 1477 1578 et
1503 1513 1583 1577 ibi
1611 1513 1670 1576 in
1698 1512 1810 1580 hac
1840 1514 2046 1600 Helice
2088 1516 2343 1582 arborea

218 1634 332 1680 seu
363 1612 426 1673 in
460 1609 577 1675 hoc
599 1630 754 1700 gyro
785 1620 957 1676 erant
981 1611 1199 1676 Sedilia
1229 1610 1484 1679 formata
1504 1635 1598 1696 ‘ex
1628 1613 1897 1679 adductis
1933 1624 1993 1676 et
2033 1616 2347 1703 complica·

220 1712 300 1777 tis
333 1712 761 1797 propaginibus
789 1713 1070 1776 arborum
1102 1733 1135 1775 a
1164 1721 1365 1797 tergo,
1420 1734 1490 1777 ac
1517 1714 1775 1800 opimata
1814 1725 1872 1777 et
1913 1724 2195 1780 exornata
2226 1715 2347 1780 sru-

221 1813 427 1880 ctibus
456 1811 710 1877 illarum.
766 1811 831 1874 In
862 1820 1153 1899 perpetuo
1179 1812 1279 1876 illo
1308 1813 1476 1878 Orbe
1504 1816 1762 1879 arboreo
1790 1824 1958 1878 erant
1991 1817 2160 1891 ostia,
2191 1838 2346 1902 quae

223 1912 520 2000 patebant
560 1912 617 1974 in
649 1911 889 1989 floreta,
943 1921 1000 1977 et
1040 1914 1116 1976 ab
1156 1911 1246 1977 his
1285 1913 1343 1976 in
1388 1915 1610 1989 vireta,
1665 1915 1937 1982 distincta
1980 1916 2038 1977 in
2075 1937 2246 1982 areas
2286 1925 2344 1981 et

221 2024 411 2077 toros».
493 2013 755 2077 Comites
798 2012 1009 2099 Augeli
1058 2013 1154 2077 his·
1193 2014 1329 2078 visis
1373 2015 1817 2091 egclamabant,
1875 2037 1949 2079 en
1993 2014 2237 2082 Caelum
2280 2017 2342 2084 in

221 2112 460 2188 forma;
512 2135 868 2200 quocunque
900 2114 1184 2179 vertimus
1209 2112 1368 2179 acies
1392 2114 1698 2178 oculorum
1732 2126 2069 2181 nostrorum
2089 2162 2107 2191 ,
2150 2115 2343 2181 influit

223 2213 451 2299 aliquid
479 2213 748 2294 Caeleste
774 2212 1258 2291 Paradisiaeum,
1308 2215 1467 2299 quod
1498 2225 1581 2279 est
1612 2214 1928 2280 ineffabile.
1986 2216 2097 2281 His
2131 2217 2342 2284 auditis

225 2312 497 2400 Angelus
524 2313 761 2400 gavisus
800 2323 920 2391 est,
974 2325 1034 2380 et
1072 2315 1244 2391 dixit,
1300 2336 1505 2379 omnes
1547 2313 1726 2380 Horti
1773 2317 1955 2382 nostri
2000 2316 2160 2383 Caeli
2207 2327 2345 2386 sunt

227 2413 495 2480 Formae
527 2416 1064 2500 repraesentativae
1104 2439 1206 2479 seu
1234 2416 1397 2505 Typi
1436 2417 1866 2491 beatitudinum
1903 2418 2239 2486 caelestium
2279 2420 2340 2487 in

230 2513 357 2575 suis
394 2515 742 2600 originibus,
793 2526 851 2579 et
891 2517 1028 2602 quia
1068 2515 1323 2582 influxus
1364 2517 1574 2580 harum
1598 2517 2048 2584 'beatitudinum
2082 2519 2346 2588 elevavit

230 2622 466 2677 mentes
495 2624 744 2691 vestras,
796 2617 1184 2693 clamavistis,
1238 2639 1308 2681 en
1339 2616 1582 2681 Caelum
1612 2619 1670 2681 in
1698 2618 1925 2690 forma;
1979 2629 2041 2684 at
2082 2620 2192 2697 illi,
2241 2620 2340 2708 qui

225 2734 350 2777 non
393 2714 678 2803 recipiunt
720 2716 879 2779 illum
926 2716 1244 2792 influxum,
1295 2727 1563 2804 spectant
1606 2718 1983 2784 Paradisiaca
2024 2720 2172 2785 haec
2218 2742 2338 2783 non

219 2814 402 2879 aliter
427 2837 605 2901 quam
636 2816 992 2906 sylvestrum>
1033 2827 1094 2880 et
1121 2840 1323 2882 omnes
1350 2819 1434 2883 illi
1459 2822 1750 2908 recipiunt
1776 2818 2098 2895 influxum,
2150 2819 2334 2904 quiin
2442 2882 2451 2891 N

217 2935 429 2980 amore
458 2938 596 2981 usus
621 2926 788 2990 sunt,
842 2929 903 2983 at
929 2919 1091 2985 illum
1123 2940 1239 2983 non
1272 2921 1591 3008 recipiunt,
1647 2921 1747 3006 qui
1786 2921 1844 2981 in
1875 2939 2080 2982 amore
2111 2917 2334 3003 gloriae

215 3026 388 3091 sunt,
441 3026 499 3080 et
527 3039 648 3081 non
676 3039 749 3081 ex
777 3040 901 3083 usu.
981 3019 1509 3106 Posteaexposuit
1549 3029 1608 3083 et
1651 3020 1884 3094 docuit,
1939 3016 2077 3104 quid
2105 3015 2336 3102 singula

220 3115 405 3180 Horti
433 3117 597 3183 istius
621 3120 1145 3203 repraesentabant
1173 3129 1231 3183 et
1256 3121 1688 3205 significabant.

378 3221 526 3282 742.
584 3215 731 3281 Cum
760 3220 821 3281 in
850 3218 939 3283 his
968 3229 1172 3301 erant,
1229 3222 1390 3284 veuit
1419 3218 1659 3285 nuntius
1685 3241 1718 3283 a
1751 3217 2063 3307 Principe,
2113 3216 2213 3303 qui
2247 3215 2334 3280 iu·

214 3316 430 3383 vitavit
458 3316 587 3382 illos
614 3319 690 3381 ad
723 3319 1147 3393 comedendum
1190 3340 1401 3407 panem
1433 3341 1664 3392 secum,;
1721 3328 1777 3381 et
1818 3319 1988 3391 simul
2034 3323 2174 3381 tunc
2214 3317 2331 3380 duo

211 3416 498 3482 satellites
526 3418 697 3482 aulae
737 3421 1134 3506 apportabant
1177 3431 1370 3484 vestes
1413 3420 1601 3509 byssi,
1657 3431 1712 3483 et
1755 3420 2058 3494 dixerunt,
2108 3417 2334 3481 induite

213 3516 359 3592 haS,
413 3518 549 3603 quia
597 3539 772 3583 nemo
813 3519 1196 3587 adfmensam
1238 3521 1532 3606 Principis
1573 3520 1907 3583 admittitur?
1948 3517 2057 3583 nisi
2096 3517 2334 3584 indutus

212 3617 481 3711 vestibus
525 3618 718 3691 Caeli;
776 3629 836 3685 et
883 3622 1262 3685 accinxerunt
1308 3640 1401 3697 se,
1456 3630 1512 3683 et
1559 3620 1820 3685 comitati
1861 3628 1996 3684 sunt
2036 3619 2332 3706 Angelum

211 3739 426 3792 suum,
478 3727 537 3782 et
563 3720 1094 3805 introducebantur
1118 3721 1178 3784 in
1208 3721 1622 3811 Hypethrum,
1667 3720 2130 3785 ambulatorium
2159 3720 2336 3786 Pala-

210 3820 316 3894 tii,
375 3826 435 3881 et
463 3821 887 3904 exspectabant
915 3820 1284 3908 Principem;
1337 3831 1399 3884 et
1430 3822 1512 3884 ibi
1541 3821 1805 3907 Angelus
1842 3822 2169 3895 insertabat
2208 3821 2343 3895 illos

211 3920 531 3984 consortiis
559 3941 690 3983 cum
720 3921 1105 4006 Magnatihus
1145 3932 1203 3986 et
1231 3922 1746 3998 ModeratoribuS,
1790 3921 1904 4009 qui
1942 3924 2120 3986 etiam
2166 3941 2336 4008 prae·

208 4019 590 4085 stolabantur
616 4019 984 4109 Principem:
1038 4032 1098 4087 et
1126 4044 1264 4086 ecce
1295 4030 1426 4109 post
1464 4019 1741 4085 horulam
1782 4031 2023 4108 apertae
2064 4029 2201 4086 sunt
2245 4018 2337 4083 fo-

210 4142 350 4195 res,
403 4129 464 4183 et
492 4142 598 4209 per
637 4142 814 4186 unam
861 4121 1133 4187 latiorem
1183 4122 1260 4186 ab
1279 4120 1612 4186 ⁴Occidente
1645 4121 1919 4184 viderunt
1948 4120 2093 4206 Ejus
2131 4117 2338 4181 introi-

206 4227 341 4295 tum
384 4219 448 4285 i‘n
486 4222 695 4287 ordine
739 4232 800 4286 et
841 4243 1059 4312 pompa
1100 4219 1522 4311 processionis:
1578 4220 1891 4310 praeibant
1928 4219 2088 4281 illum
2129 4216 2334 4281 Consi·
