2750 4775
43 2500 54 2645 --*5-
43 2398 54 2444 m
44 2199 55 2338 μὴ-

44 3730 45 3737 ⁴
43 3620 47 3657 ον
44 3520 47 3557 -
43 3406 50 3457 -v
44 3300 50 3355 —v
43 3210 51 3255 vu».
43 3106 49 3155 -v-†
44 2992 53 3053 “⁴
43 2904 53 2952 “
45 2808 53 2849 νη-
43 2713 47 2751 ’-*

803 364 954 417 xm.
1033 363 1378 419 SANCTA
1438 365 1752 421 COENA.
2215 382 2321 433 237

216 507 628 607 ,poenitentiae
681 528 739 582 et
793 519 1226 593 conversionis;
1295 542 1431 586 nam
1481 522 1768 586 Dominus
1824 533 2105 612 perpetuo
2158 527 2325 592 adest

225 628 282 683 et
310 630 482 705 urget
513 629 575 683 ut
606 620 952 705 recipiatur,
1010 621 1147 684 dicit
1180 623 1366 699 enim,
1420 626 1681 689 consisto
1709 620 1796 687 ad
1821 627 2079 711 januam
2110 641 2166 691 et
2182 626 2325 720 pul-

225 745 328 797 80,
379 725 442 786 si
481 724 618 812 quis
663 720 956 786 audiverit
995 746 1204 786 vocem
1246 747 1469 799 meam,
1524 738 1580 789 el
1619 728 1951 815 aperuerit,
2002 728 2326 816 ingrediar,

225 837 278 888 et
323 842 615 887 cseuano
643 841 778 886 cum
819 840 960 886 ruo
1000 844 1076 886 nr
1109 844 1245 887 nme
1279 844 1536 900 Mecum,
1590 821 1771 912 Apoc.
1806 824 1927 889 111:
1975 830 2093 891 20:
2137 850 2323 914 quare

223 925 283 987 in
312 925 488 1008 culpa
519 933 604 987 est
632 923 752 1008 ipse
779 921 992 998 bomo,
1048 925 1144 1012 qui
1176 946 1292 987 non
1321 927 1509 1010 aperit
1537 926 1795 1009 januam.
1877 924 2066 991 Aliter
2105 926 2169 991 fit
2196 939 2326 1015 post

225 1020 511 1096 mortem';
565 1034 706 1087 tunc
733 1023 972 1089 Caelum
1007 1024 1267 1089 clausum
1310 1036 1400 1090 est
1436 1036 1495 1091 et
1534 1048 1653 1089 non
1692 1027 1998 1112 apertibile
2037 1028 2182 1104 illis,
2226 1030 2326 1115 qui

227 1149 411 1215 usque
445 1125 519 1189 ad
548 1123 721 1189 finem
750 1124 910 1188 >vitae
939 1125 1173 1210 indigne
1214 1126 1287 1190 ad
1315 1127 1591 1192 Sanctam
1623 1129 1887 1193 Mensam
1932 1139 2327 1208 accesserunt,

226 1250 361 1292 nam
394 1239 538 1291 tunc
562 1226 840 1289 interiora
874 1230 1083 1291 mentis
1110 1228 1342 1291 illorum
1374 1227 1552 1293 fixata
1582 1237 1636 1293 et
1666 1229 2031 1293 constabilita
2060 1241 2214 1297 sunt.

379 1332 530 1392 721.
615 1326 790 1406 Quod
844 1328 1179 1413 Baptismus
1215 1327 1288 1394 sit
1335 1329 1693 1394 introductio
1739 1330 1799 1392 in
1853 1329 2205 1412 Ecclesiam,
2265 1333 2327 1398 in

228 1430 438 1518 Capite
483 1429 557 1493 de
596 1427 900 1516 Baptismo
949 1438 1243 1494 ostensum
1286 1439 1410 1503 est;
1454 1431 1616 1516 quod
1656 1442 1851 1495 autem
1880 1431 2095 1495 Sancta
2126 1433 2325 1499 Caena

227 1532 299 1597 sit
335 1529 701 1595 introductio
740 1530 799 1593 in
836 1530 1229 1607 Caelum,„ex
1256 1532 1616 1619 supradictis
1652 1541 1712 1595 et
1752 1533 2041 1620 perceptis
2077 1544 2322 1598 constat.

231 1634 367 1698 Duo
409 1629 507 1695 illa
538 1630 954 1705 Sacramenta,
1008 1630 1342 1719 Baptismus
1383 1642 1441 1695 et
1480 1633 1695 1698 Sancta
1726 1633 1958 1708 Caena,
2007 1642 2140 1698 sunt
2177 1634 2330 1701 sieut

232 1734 385 1799 duae
415 1734 633 1799 Portae
661 1732 735 1794 ad
781 1733 957 1796 vitam
992 1741 1326 1809 aeternam,
1380 1733 1569 1798 omnis
1605 1734 1783 1797 bomo
1824 1733 2184 1800 Christianus
2224 1758 2328 1823 per

231 1834 635 1926 Baptismum,
688 1836 785 1920 qui
815 1842 915 1898 ests
932 1833 1131 1897 Prima
1162 1843 1366 1918 porta,
1418 1835 1825 1899 intromittitur
1850 1844 1910 1898 et
1935 1836 2328 1901 introducitur

233 1937 292 1999 in
337 1936 470 2011 illa,
524 1955 676 2022 quae
715 1934 975 1998 Ecclesia
1020 1956 1089 1999 ex
1136 1935 1337 2001 Verbo
1382 1935 1454 1998 de
1499 1936 1634 2000 Vita
1683 1937 1876 2000 altera
1912 1936 2119 2013 docet,
2174 1957 2326 2026 quae

235 2037 430 2100 omnia
470 2045 607 2101 sunt
653 2034 877 2109 media,
929 2057 1033 2122 per
1077 2054 1227 2123 quae
1270 2035 1449 2101 homo
1491 2037 1827 2124 praeparari
1865 2046 1923 2100 et
1963 2038 2095 2102 duci
2135 2046 2330 2125 potest

237 2138 309 2202 ad
342 2138 603 2203 Caelum.
673 2134 875 2201 Altera
920 2147 1088 2222 porta
1133 2146 1220 2203 est
1257 2136 1475 2201 Sancta
1518 2138 1749 2211 Caena,
1805 2159 1908 2226 per
1945 2135 2103 2203 illam
2142 2139 2329 2204 intro-

235 2240 485 2304 mittitur
510 2247 569 2301 et
595 2237 989 2301 introducitur
1016 2238 1204 2302 omnis
1233 2236 1447 2315 borne,
1500 2239 1599 2325 qui
1647 2240 1982 2327 praeparari
2011 2250 2069 2304 et
2108 2240 2238 2303 duci
2263 2261 2325 2306 se

238 2361 444 2428 passus
482 2349 569 2404 est
611 2362 644 2404 a
689 2338 977 2419 Domino,
1031 2338 1088 2403 in
1136 2338 1408 2405 Caelum:
1462 2340 1823 2407 universales
1864 2341 2082 2406 Portae
2128 2342 2324 2429 plures

239 2461 359 2504 non
387 2442 614 2505 dantur.
696 2442 866 2504 Haec
907 2440 1024 2504 duo
1062 2442 1391 2528 comparari
1426 2452 1664 2527 possunt
1709 2463 1840 2506 cum
1870 2442 2138 2532 Principe
2183 2453 2322 2510 nato

245 2540 321 2604 ad
372 2558 647 2626 regnum,
711 2540 868 2629 quod
912 2542 1162 2629 primum
1208 2542 1619 2607 introducatur
1664 2545 1722 2606 in
1769 2545 2131 2629 cognitiones
2174 2567 2326 2632 quae

245 2641 686 2728 gubernationis
725 2652 891 2718 sunt,
970 2644 1220 2706 alterum
1268 2654 1353 2709 est
1399 2644 1722 2709 Coronatio
1766 2645 1894 2730 ejus
1938 2655 1995 2709 et
2042 2647 2325 2734 regimen.

238 2742 585 2832 Comparari
625 2743 799 2807 etiam
839 2754 1080 2831 possunt
1112 2765 1243 2809 cum
1283 2745 1433 2810 Filio
1473 2755 1613 2810 nato
1652 2747 1726 2809 ad
1758 2766 2028 2833 magnam
2059 2745 2327 2815 baeredi-

239 2853 451 2920 tatem,
506 2846 609 2931 qui
648 2844 908 2932 'primum
963 2844 1143 2909 discet
1186 2856 1246 2908 et
1295 2846 1522 2910 imbuet
1563 2845 1732 2923 talia,
1803 2868 1952 2933 quae
1988 2847 2063 2911 ad
2112 2848 2326 2934 justam

241 2946 675 3031 dispositionem
710 2945 1135 3029 possessionum
1167 2956 1222 3010 et
1251 2970 1428 3036 opum
1457 2949 1767 3034 pertinent,
1809 2947 2056 3011 alterum
2085 2957 2169 3011 est
2199 2970 2327 3033 pos·

234 3048 416 3111 sessio
447 3057 503 3111 et
534 3046 977 3111 administratio.
1046 3047 1390 3132 Comparari
1419 3049 1860 3134 etiamtpossunt
1891 3069 2021 3111 cum
2057 3045 2329 3111 aedifica-

239 3148 398 3213 tione
428 3148 671 3223 domus,
723 3156 783 3209 et
811 3168 941 3211 cum
975 3148 1102 3234 ejus
1129 3148 1521 3213 habitatione:
1574 3158 1631 3211 et
1661 3169 1912 3236 *quoque*
1944 3169 2072 3212 cum
2114 3149 2327 3212 iustru-

240 3251 433 3313 ctione
460 3248 711 3313 hominis
737 3251 816 3312 ab
841 3247 1122 3337 infantia,
1173 3271 1365 3337 usque·
1384 3249 1458 3313 ad
1481 3258 1735 3314 aetatem
1772 3249 1908 3313 dum
1953 3247 2017 3311 fit
2054 3249 2143 3314 sui
2181 3250 2326 3336 juris

235 3361 291 3414 et
331 3350 564 3438 judicii,
617 3360 676 3412 et
715 3371 844 3413 cum
885 3350 1010 3433 ejus
1052 3349 1323 3414 rationali
1360 3359 1423 3414 et
1459 3350 1741 3438 spirituali
1773 3350 1890 3414 vita
1922 3360 2153 3436 postea;
2191 3371 2326 3416 una

239 3450 528 3517 l’eriodus
554 3452 883 3525 necessario
912 3450 1254 3538 praecedet,
1298 3461 1361 3515 ut
1388 3452 1571 3515 altera
1603 3451 1970 3527 obtineatur,
2014 3473 2150 3514 nam
2181 3449 2328 3517 baec

236 3554 461 3638 absque
498 3551 596 3615 illa
639 3574 757 3615 non
803 3551 1011 3617 dabilis
1056 3560 1156 3616 est.
1234 3553 1350 3616 Per
1391 3551 1551 3616 baec·
1590 3538 1940 3617 illustratum
1982 3562 2102 3630 est,
2166 3554 2323 3641 quod

238 3652 575 3740 Baptismus
611 3663 669 3715 et
707 3653 926 3740 §ancta
966 3653 1165 3718 Caena
1201 3652 1317 3717 sint
1356 3654 1507 3718 sicut
1546 3653 1696 3717 duae
1736 3652 1984 3729 Portae,
2035 3677 2140 3744 per
2183 3677 2329 3742 quas

236 3753 417 3819 homo
455 3755 527 3817 ad
574 3755 755 3818 vitam
795 3764 1096 3818 aeternam
1136 3754 1561 3830 introducitur,
1614 3764 1672 3819 et
1710 3755 1868 3842 quod
1906 3765 2036 3844 post
2081 3757 2326 3846 primam

238 3855 483 3923 Portam
512 3856 586 3919 sit
615 3877 882 3943 campus,
936 3876 1109 3942 quem
1141 3866 1474 3943 percurret,
1526 3865 1583 3921 et
1627 3855 1785 3943 quod
1826 3858 2010 3922 altera
2053 3860 2124 3923 sit
2153 3867 2329 3934 meta,

238 3958 337 4022 ubi
381 3957 603 4020 adorea
645 3956 719 4021 ad
760 3978 938 4044 quam
983 3977 1214 4021 cursum
1253 3957 1493 4033 direxit;
1549 3978 1664 4021 non
1705 3957 1859 4021 enim
1908 3958 2081 4022 datur
2116 3958 2332 4046 palma,

240 4059 346 4123 nisi
400 4078 580 4143 quam
630 4069 759 4144 post
800 4058 1235 4134 velitationem,
1303 4079 1413 4122 nec
1457 4057 1780 4147 praemium
1826 4057 1936 4123 nisi
1980 4080 2156 4146 quam
2201 4064 2334 4145 post

240 4159 722 4223 decertationem.
