2750 4775
443 388 551 438 242
677 373 1145 430 UNIVEBSA
1200 373 1740 429 'ruEOLOGta
1779 376 1849 431 N.
1890 374 1956 428 C.
1998 375 2105 430 ET
2145 375 2214 428 N.
2255 373 2319 426 Ε.
2393 399 2399 405 ·

439 530 527 597 sic
550 529 841 595 Dominus
869 527 980 594 sibi
1006 525 1312 613 conjungit
1336 523 1640 591 hominem
1657 578 1671 602 ,
1715 535 1776 590 et
1804 525 1987 592 homo
2015 549 2081 591 se
2106 527 2387 605 Domino,
2413 550 2540 593 nam

441 631 829 717 Coniunctio,
879 629 986 693 nisi
1014 628 1115 692 fiat
1143 629 1483 714 reciproce,
1536 649 1656 693 non
1687 628 1878 693 datur.
1955 630 2076 694 Sed
2115 628 2267 693 haec
2295 629 2356 696 in
2385 630 2544 717 Capi-

443 734 599 799 tibus
623 733 699 797 de
725 732 1091 797 cnam-nm
1118 738 1177 793 et
1205 730 1398 806 Fine,
1451 730 1526 793 de
1549 729 1794 794 hunno
1819 728 2169 807 Annmuo,
2219 742 2281 795 et
2318 732 2394 796 de
2432 733 2543 800 Ru-

442 854 910 910 omsssnauonn,
962 831 1133 919 plene
1173 840 1413 895 ostensa
1449 840 1600 895 sunt.

600 940 748 1000 727.
800 934 976 1016 Quod
1005 954 1111 1020 per
1136 932 1519 997 invitationes
1546 932 1619 996 ad
1649 953 1928 1006 mensas,
1953 942 2014 995 et
2040 955 2147 1020 per
2169 934 2543 1021 epulationes,

445 1037 591 1103 fiant
636 1036 1087 1123 conjunctiones
1129 1043 1190 1097 et
1239 1034 1707 1100 consociationes
1757 1035 1817 1096 in
1871 1034 2129 1109 Mundo,
2198 1044 2405 1098 notum
2449 1044 2543 1112 est,

446 1160 584 1202 nam
613 1158 720 1227 per
746 1136 803 1199 id
833 1138 1119 1200 invitator
1146 1134 1364 1221 aliquid
1393 1135 1682 1210 intendit,
1733 1135 1892 1221 quod
1922 1135 2151 1199 confert
2178 1135 2254 1199 ad
2294 1135 2541 1222 aliquem

446 1238 658 1315 finem,
702 1238 802 1325 qui
832 1247 1055 1325 spectat
1083 1255 1436 1301 consensum
1472 1245 1574 1301 aut
1605 1237 1964 1309 amicitiam,
2009 1239 2199 1300 multo
2242 1239 2430 1324 magis
2465 1238 2544 1300 in-

448 1340 796 1417 vitationes,
851 1360 1007 1426 quae
1035 1361 1142 1425 pro
1181 1337 1297 1402 fine
1323 1335 1546 1402 hahent
1576 1337 1933 1425 spiritualia:
1982 1336 2274 1404 Convivia
2301 1340 2363 1416 in
2388 1336 2546 1403 Anti-

448 1442 579 1527 quis
607 1441 887 1506 Ecclesiis
913 1438 1158 1504 fuerunt
1192 1439 1465 1503 convivia
1498 1438 1833 1514 charitatis,
1877 1439 2143 1504 similiter
2167 1440 2228 1501 in
2257 1440 2548 1525 primitiva

449 1542 711 1608 Ecclesia
754 1540 1119 1616 Christiana,
1184 1541 1246 1603 in
1285 1539 1499 1625 quibus
1535 1539 1925 1606 confirmabat
1965 1561 2118 1604 unus
2154 1540 2444 1617 alterum,
2487 1550 2546 1605 ut

454 1645 512 1707 in
555 1643 734 1710 Cultu
779 1643 1022 1708 Domini
1061 1663 1133 1706 ex
1170 1643 1403 1706 sincero
1444 1644 1623 1705 corde
1661 1650 1998 1705 manerent„
2049 1667 2054 1672 ’
2085 1640 2547 1707 Comessationes

446 1744 703 1812 filiorum
734 1743 970 1809 Israelis
1006 1764 1079 1807 ex
1116 1741 1418 1808 sacrificiis
1443 1744 1618 1830 juxta
1658 1742 2178 1819 Tabernaculum‚
2232 1765 2354 1812 non
2396 1742 2547 1807 aliud

449 1869 628 1933 quam
678 1844 1128 1914 unanimitatem
1178 1845 1239 1909 in
1292 1842 1455 1909 cultu
1503 1843 1778 1909 Jehovae
1831 1843 2245 1931 significabant
2273 1874 2292 1918 ;1
2367 1865 2546 1932 quare

448 1948 636 2025 Caro,
687 1967 840 2034 quae
869 1945 1327 2018 comedebatur,
1379 1946 1712 2010 vocabatur
1736 1945 1987 2021 Sancta,
2040 1946 2264 2009 Jerem.
2296 1946 2413 2010 XI:
2453 1950 2546 2009 15.

449 2050 645 2137 Hagg.
680 2048 772 2113 112
823 2051 925 2123 12,
971 2056 1029 2109 et
1059 2047 1353 2111 multoties
1392 2046 1553 2123 alibi,
1592 2047 1732 2133 quia
1760 2067 1829 2108 ex
1873 2045 2193 2120 sacrificio;
2247 2047 2392 2132 quid
2433 2068 2546 2110 non

447 2150 630 2218 Panis
668 2159 727 2213 et
764 2147 1015 2223 Vinum,
1069 2157 1128 2210 et
1155 2147 1309 2212 Caro
1337 2146 1640 2213 Paschalis
1677 2168 1855 2234 super
1879 2147 2078 2212 Caena
2124 2142 2400 2224 Domini,
2454 2147 2548 2235 qui

446 2272 511 2316 se
537 2251 885 2316 sacrificium
914 2248 1127 2312 obtulit
1155 2271 1262 2337 pro
1290 2251 1470 2313 totius
1487 2248 1695 2314 Mundi
1726 2250 1997 2335 peccatis.
2053 2248 2375 2314 Praeterea
2399 2249 2550 2316 Con·

448 2352 677 2439 junctio
716 2371 850 2417 cum
895 2350 1151 2416 Domino
1198 2369 1302 2439 per
1346 2350 1626 2417 Sanctam
1669 2349 1964 2425 caenam,
2016 2350 2298 2415 illustrari
2335 2359 2547 2437 potest,

452 2470 557 2539 per
595 2453 1086 2539 conjunctionem
1131 2451 1485 2518 familiarum
1532 2473 1605 2515 ex
1649 2473 1768 2515 uno
1808 2451 2269 2527 Patresamilias;
2325 2474 2400 2516 ex
2441 2451 2549 2518 hoc

362 2592 365 2595 -
452 2552 813 2618 descendunt
853 2553 1309 2640 consanguinei,
1361 2562 1422 2616 et
1459 2554 1523 2627 in
1574 2553 1782 2617 ordine
1831 2553 2031 2618 affines
2071 2564 2130 2617 et
2169 2555 2446 2639 cognati,
2495 2563 2549 2616 et

454 2672 663 2719 omnes
687 2654 769 2718 illi
798 2653 1041 2719 trahunt
1069 2653 1288 2741 aliquid
1315 2675 1388 2718 ex
1413 2655 1605 2742 prima
1629 2656 1840 2740 stirpe;
1893 2663 1955 2718 ai
1986 2675 2132 2719 vero
2162 2676 2282 2718 non
2312 2655 2549 2719 trahunt

451 2757 532 2822 ita
562 2753 818 2820 Carnem
847 2766 905 2821 et
930 2756 1326 2843 Sanguinem,
1378 2755 1479 2819 sed
1507 2776 1580 2820 ex
1618 2776 1795 2833 carne
1842 2765 1901 2819 et
1936 2756 2253 2842 sanguine,
2308 2756 2391 2821 ita
2433 2754 2549 2819 ani·

457 2880 613 2923 mam
640 2868 699 2923 et
725 2858 860 2922 inde
888 2858 1331 2922 inclinationem
1357 2856 1433 2920 ad
1460 2857 1669 2922 similia
1686 2902 1701 2932 ,
1755 2879 1860 2946 per
1885 2876 2038 2945 quae
2065 2856 2366 2941 conjuncti
2392 2867 2547 2930 sunt;

448 2960 573 3046 ipsa
605 2960 943 3045 conjunctio
969 2959 1148 3025 etiam
1183 2967 1431 3046 apparet
1473 2958 1876 3024 communiter-
1899 2960 1959 3022 in
2004 2956 2266 3035 faciebus
2304 2968 2364 3021 et
2408 2976 2547 3045 qno-

451 3074 566 3149 que
594 3063 665 3125 i‘n,
684 3061 979 3137 moribus,
1027 3070 1088 3124 et
1112 3059 1249 3123 inde
1278 3068 1571 3124 vocantur
1597 3081 1714 3124 una
1746 3058 1928 3137 Caro,
1985 3068 2045 3122 et
2070 3057 2285 3124 Genes.
2314 3058 2543 3125 XXIX:

456 3166 554 3227 14.
612 3163 756 3257 Cap.
789 3158 1113 3228 XXXVII:
1162 3165 1266 3224 27.
1322 3159 1380 3222 ΙΙ
1428 3159 1587 3225 Sam.
1629 3161 1717 3226 V:
1766 3164 1820 3224 1.
1889 3160 2031 3246 Cap.
2072 3159 2252 3224 XIX:
2299 3165 2401 3227 12.
2451 3163 2544 3234 18,
2634 3210 2638 3215 .

450 3274 509 3328 et
553 3264 708 3329 alibi.
772 3262 987 3327 ‘Simile
1031 3271 1119 3326 est
1159 3283 1289 3326 cum
1333 3261 1746 3346 conjunctione
1803 3261 2269 3336 cum-Domino,
2324 3263 2425 3349 qui
2468 3268 2550 3326 est

450 3366 711 3431 omnium
757 3362 1011 3429 fidelium
1059 3372 1117 3425 et
1158 3363 1465 3433 beatorum
1505 3362 1718 3435 Pater;
1772 3361 2124 3448 Coniunctio
2162 3384 2293 3426 cum
2338 3362 2454 3428 1110
2485 3362 2545 3426 fit

449 3490 553 3554 per
581 3488 843 3531 amorem
870 3475 931 3526 et
960 3465 1166 3539 fidem,
1220 3486 1325 3549 per
1367 3486 1519 3550 quae
1561 3464 1678 3528 duo
1710 3474 2001 3527 vocantur
2026 3485 2142 3526 una
2171 3463 2361 3538 Car03
2416 3462 2545 3527 inde

449 3577 569 3643 est,
626 3567 783 3655 quod
806 3565 1069 3640 dixerit,-
1108 3564 1293 3648 Quod
1316 3569 1425 3657 qui
1457 3564 1782 3631 manducat
1814 3563 2068 3629 Carnem
2107 3588 2297 3629 meam
2323 3580 2382 3630 et
2407 3564 2547 3633 bibit

449 3664 815 3758 Sanguinem
856 3689 1075 3740 meum,
1135 3669 1195 3729 in
1230 3667 1339 3730 Me
1384 3680 1624 3732 maneat
1667 3681 1726 3731 et
1761 3665 1906 3755 Ego
1946 3669 2012 3730 in
2050 3663 2177 3730 illo.
2244 3667 2396 3746 Quis
2433 3686 2547 3731 non

451 3767 642 3843 videt,
693 3767 850 3852 quod
882 3766 1060 3829 Panis
1091 3775 1148 3829 et
1176 3766 1427 3844 Vinum,
1479 3766 1593 3830 hoc
1631 3789 1753 3832 non
1791 3766 2036 3840 faciant,
2092 3767 2194 3833 sed
2240 3768 2404 3853 quod
2446 3769 2549 3831 bo·

446 3889 589 3933 num
620 3868 856 3943 amoriS,
895 3866 1052 3953 quod
1078 3866 1435 3951 papanem
1466 3868 1841 3956 intelligitur,
1893 3886 1965 3933 ac
1991 3889 2195 3933 verum
2225 3867 2364 3932 fidei
2392 3867 2548 3956 quod

448 3989 554 4056 per
579 3970 795 4038 Vinum
813 4016 829 4045 ,
883 3988 1034 4055 quae
1058 3976 1192 4031 sunt
1219 3969 1457 4054 propria
1488 3970 1755 4046 Domini,
1810 3978 1871 4032 et
1897 3991 1968 4033 ex
1996 3969 2129 4054 lpso
2157 3968 2301 4035 Solo
2344 3990 2549 4056 proee-

448 4071 594 4135 dunt
623 4078 681 4135 et
710 4069 1252 4141 communicantur;
1307 4071 1497 4135 omnis
1540 4070 1717 4137 etiam
1757 4071 2095 4158 conjunctio
2135 4068 2201 4134 fit
2242 4092 2352 4158 per
2386 4093 2551 4136 amo·

446 4178 571 4235 'rem
591 4221 605 4247 ‚
658 4182 718 4235 et
744 4190 911 4235 amor
939 4193 1059 4235 non
1087 4179 1174 4237 est
1203 4191 1374 4235 amor
1402 4171 1627 4256 absque
1655 4170 1886 4237 fiducia.
1967 4169 2058 4235 Illi
2076 4220 2089 4246 ,
2148 4168 2250 4258 qui
2280 4173 2547 4247 credunt,

446 4271 606 4360 quod
630 4271 813 4337 Panis
836 4273 910 4338 sit
932 4271 1122 4353 Caro,
1177 4279 1235 4334 et
1261 4270 1480 4335 Vinum
1505 4271 1797 4358 Sanguis,
1852 4280 1911 4336 et
1954 4290 2073 4337 non
2118 4271 2275 4338 ultra
2304 4279 2548 4360 possunt
