2750 4775
724 373 1000 429 INDEX
1039 375 1784 437 MEMORABILNJM.
2190 393 2296 444 393

285 535 364 592 et
410 526 485 593 ad
524 528 668 614 quid
686 528 912 616 absque
950 522 1054 595 illo
1084 529 1349 594 serviunt
1392 530 1589 595 omnia
1632 529 2055 618 Theologica3'
2092 533 2197 598 sed
2228 535 2305 600 ad

307 628 438 693 hoc<
469 629 935 718 responderunt,
1001 631 1131 718 lege
1174 640 1375 696 nostra
1422 629 1816 717 Theologica,
1885 641 1943 696 et
1991 655 2108 697 non
2158 635 2303 700 inihi

308 729 714 817 deprehendes
738 732 1056 818 quicquam
1096 732 1430 819 spirituale,
1480 740 1540 795 et
1576 731 1739 819 quod
1776 730 1890 797 hoc
1930 733 2089 800 intus
2116 734 2177 797 in
2204 736 2304 801 illa

306 831 389 895 ita
417 832 786 897 reconditum
816 834 907 908 sit,
940 842 1004 896 ut
1032 832 1368 920 nequidem
1394 841 1681 921 appareat
1711 834 1918 898 umbra
1946 835 2092 921 ejus,
2118 858 2304 923 quare

307 933 440 1019 lege
466 954 620 1019 quae
652 942 851 999 nostra
882 933 1209 1020 Theologia
1239 934 1413 998 docet
1440 933 1514 999 de
1540 934 1575 998 J
1585 934 2005 1010 ustificatione,
2055 933 2169 999 hoc
2195 947 2318 1015 est,

307 1033 382 1097 de
421 1034 766 1100 remissione
810 1045 1222 1120 peccatorum,
1283 1036 1767 1121 regeneratione,
1817 1034 2300 1115 sanctificatione,

199 1178 224 1193 ..
306 1143 372 1198 et
395 1135 724 1200 salvatione
743 1183 758 1209 ,
810 1156 931 1201 non
959 1135 1184 1201 videbis
1211 1136 1291 1200 ibi
1318 1136 1634 1224 quicquam
1659 1136 1959 1225 spirituale
1980 1185 1996 1212 ,
2042 1138 2185 1225 quia
2213 1139 2302 1203 in·

283 1233 496 1300 ¹fluunt
533 1257 638 1323 per
679 1236 855 1301 fidem
884 1238 1110 1324 absque
1150 1237 1267 1302 ulla
1307 1235 1562 1305 hominis
1600 1238 1990 1311 couscientia;
2045 1238 2299 1304 charita-

304 1346 427 1401 tem
455 1337 633 1403 etiarn
663 1337 870 1425 procul
911 1338 1165 1403 removit
1190 1360 1225 1403 a
1252 1338 1573 1425 spirituali,
1622 1347 1681 1401 et
1719 1360 1957 1426 quoque
2000 1342 2301 1426 paeniten-

305 1437 452 1505 tiam
478 1459 512 1502 a
541 1447 818 1504 contactu
848 1440 1008 1525 ejus;
1060 1447 1119 1503 et
1154 1448 1496 1527 praeterea,
1547 1440 1741 1526 quoad
1788 1439 2300 1530 Redemptionem,

301 1539 577 1604 attribuit
603 1540 736 1604 Deo
765 1540 1151 1628 proprietates
1169 1539 1980 1627 purehumanasnatural‘es,
2037 1551 2100 1605 ut
2139 1544 2299 1630 quod

301 1638 511 1705 Genus
563 1638 884 1705 humanum
938 1642 1050 1706 sub
1100 1641 1481 1706 damnatione
1548 1642 1864 1707 universali
1929 1644 2329 1720 concluserit,=

299 1741 467 1828 quod
494 1740 679 1809 Filius
695 1742 860 1809 illam
889 1742 950 1806 in
974 1762 1036 1806 se
1064 1742 1420 1830 susceperit,
1474 1752 1535 1809 et
1578 1744 1739 1829 quod
1775 1743 1857 1807 sic
1892 1743 2130 1808 Patrem
2161 1766 2297 1833 pro·

304 1842 623 1927 pitiaverit,
659 1852 718 1907 et
743 1844 882 1931 quid
911 1844 1248 1909 intercessio
1273 1852 1334 1909 et
1362 1844 1639 1909 mediatio
1668 1844 1823 1932 apud
1850 1843 2089 1908 Patrem
2120 1846 2294 1913 aliud.

303 1943 394 2007 Ex
419 1940 511 2009 his
537 1954 728 2031 patet,
783 1946 942 2032 quod
980 1945 1041 2008 in
1070 1945 1342 2010 universa
1369 1945 1427 2009 T
1428 1943 1701 2032 heologia
1731 1954 1930 2010 nostra
1961 1928 2298 2033 nihilsspiri÷

301 2043 460 2108 tuale
487 2046 595 2122 sit,
645 2054 705 2109 et
731 2067 806 2109 ne
832 2046 1068 2133 quidem
1108 2045 1430 2123 rationale,
1482 2037 1787 2112 sedsner'e
1832 2047 2101 2125 naturale
2142 2046 2299 2113 iufra

300 2144 415 2210 illa.
494 2143 576 2211 At
611 2146 805 2211 subito
851 2157 993 2212 tunc
1030 2145 1254 2211 fulmen
1282 2168 1318 2209 e
1341 2147 1523 2212 Caelo
1551 2148 1814 2213 auditum
1846 2156 1965 2224 est,
2019 2158 2082 2212 et
2115 2148 2297 2213 comi-

302 2246 470 2314 tiales
511 2247 648 2312 inde
681 2247 978 2313 terrefacti
1024 2257 1382 2333 eruperunt,
1435 2258 1494 2313 et
1536 2250 1787 2338 quisque
1831 2249 1981 2336 fugit
2025 2250 2091 2314 in
2128 2268 2295 2315 suam

307 2347 579 2427 domum,
621 2370 694 2412 n:
748 2352 892 2415 508.
1690 2397 1701 2404 -
2022 2408 2027 2412 .

206 2448 301 2514 Ll.
352 2451 527 2531 Quod
567 2451 843 2544 loquutus
877 2451 983 2517 sim
1024 2472 1155 2515 cum
1199 2449 1432 2516 duobus
1471 2451 1801 2540 spiritibus,
1850 2437 2101 2542 quorum
2148 2473 2299 2518 unus

312 2552 524 2616 amavit
551 2551 772 2616 honum
804 2562 861 2615 et
892 2573 1095 2617 verum
1116 2600 1132 2629 ,
1182 2561 1242 2616 et
1281 2552 1431 2616 alter
1458 2553 1677 2622 matum
1705 2562 1764 2618 et
1805 2553 2049 2631 salsum,
2098 2564 2159 2619 et
2197 2555 2300 2619 de-

198 2659 205 2671 ’
318 2651 618 2735 prehendi,
673 2651 831 2739 quod
862 2662 1109 2741 uterque
1134 2652 1308 2720 simili
1340 2653 1620 2719 facultate
1661 2655 1957 2741 cogitandi
1998 2654 2300 2722 rationali-

315 2758 405 2815 ter
426 2754 735 2840 gauderet,
789 2763 849 2819 at
878 2775 1010 2819 cum
1038 2754 1135 2820 ille
1179 2755 1278 2841 qui
1317 2757 1541 2821 amavit
1582 2757 1799 2820 malum
1838 2765 1898 2822 et
1935 2757 2145 2822 salsum
2186 2756 2298 2821 sibi

307 2852 541 2919 relictus
584 2865 745 2931 erat,
795 2854 928 2919 .vidi
969 2856 1120 2920 sicut
1168 2854 1364 2922 fumus
1407 2878 1478 2921 ex
1516 2856 1750 2924 inferno
1794 2858 2174 2931 ascenderet,
2226 2877 2299 2920 ac

302 2951 599 3034 lucidum,
652 2956 808 3042 quod
851 2957 1078 3021 eierat
1110 2978 1287 3045 supra
1318 2957 1700 3035 memoriam,
1752 2958 2181 3043 exstinguerem
2233 2966 2299 3020 at

269 3105 273 3110 -
300 3077 432 3120 cum
462 3057 560 3124 ille
586 3056 686 3144 qui
716 3056 952 3122 amabat
982 3059 1201 3122 bonum
1235 3068 1295 3123 et
1324 3078 1530 3123 verum
1558 3058 1671 3123 sibi
1701 3058 1938 3124 relictus
1969 3066 2127 3132 erat,
2173 3056 2294 3120 vidi

296 3156 459 3245 quod
488 3168 771 3247 tauquam
801 3158 953 3222 mitis
979 3157 1216 3223 flamma
1245 3180 1276 3221 e
1304 3159 1487 3224 Caelo
1511 3158 1921 3235 descenderet,
1975 3179 2047 3222 ac
2083 3157 2298 3221 illumi-

295 3270 470 3325 naret
509 3261 811 3347 regionem
842 3259 1054 3324 mentis
1085 3260 1211 3347 ejus
1245 3280 1424 3345 supra
1464 3260 1843 3336 memoriam,
1895 3268 1957 3323 et
1982 3259 2116 3323 inde
2145 3280 2294 3345 quo·

297 3365 414 3448 que
440 3361 541 3425 illa
568 3381 722 3448 quae
748 3359 898 3424 infra
938 3360 1097 3424 illam
1142 3370 1329 3424 erant.
1410 3359 1625 3424 Postea
1652 3381 1796 3424 eum
1843 3361 1975 3437 illo,
2028 3361 2129 3447 qui
2172 3380 2298 3426 ma·-

292 3463 417 3526 lum
461 3471 522 3526 et
565 3458 776 3526 falsum
807 3463 1089 3537 amabat,
1139 3463 1416 3548 loquutus
1461 3461 1533 3524 de
1583 3461 1822 3526 Lamo
1866 3460 2175 3527 Anntrnro
2228 3475 2293 3525 m

292 3579 798 3638 smarrusmnus,
850 3573 909 3626 et
949 3562 1046 3630 hic
1083 3563 1260 3627 modo
1300 3561 1372 3626 ad
1416 3562 1879 3628 nominationem
1919 3564 2046 3650 ejus
2085 3581 2299 3626 excan-

292 3661 455 3739 duit,
507 3672 567 3728 et
594 3664 907 3739 clamavit,
961 3662 1323 3751 quodnemo
1349 3665 1528 3751 possit
1556 3686 1798 3729 movere
1838 3666 2050 3751 pedem
2088 3673 2148 3727 et
2176 3684 2298 3727 ma-

183 3763 190 3772 *
290 3786 438 3829 num
468 3765 542 3829 ad
583 3763 916 3830 faciendum
956 3764 1212 3851 aliquod,
1239 3766 1458 3830 bonum
1497 3765 1828 3853 spirituale,
1883 3786 1993 3829 nec
2036 3766 2295 3853 linguam

294 3875 360 3929 et
397 3886 465 3929 os
498 3864 574 3928 ad
613 3865 973 3952 loquendum
1003 3865 1241 3952 aliquod
1285 3888 1491 3931 verum
1535 3866 1867 3956 spirituale,
1919 3877 1977 3930 et
2015 3867 2098 3932 sic
2140 3864 2298 3954 quod

292 3988 370 4031 ne
402 3965 642 4053 quidem
685 3967 868 4053 possit
904 3989 966 4033 se
1005 3966 1301 4055 applicare
1339 3977 1409 4031 et*
1445 3966 1894 4033 accommodare
1939 3967 2012 4031 ad
2061 3965 2298 4053 aliquod

290 4067 415 4133 tale
447 4065 884 4155 recipiendurm
935 4078 1098 4133 estne
1144 4064 1326 4132 homo
1367 4067 1426 4130 in
1452 4068 1688 4133 talibus
1726 4078 1993 4133 mortuus
2032 4078 2090 4132 et
2138 4087 2298 4131 mere

291 4168 601 4259 passivus,
653 4170 953 4256 quomodo
996 4177 1186 4256 potest
1228 4176 1524 4233 mortuum
1571 4177 1632 4232 et
1677 4188 1837 4233 mere
1872 4169 2170 4257 passivum
2214 4167 2300 4232 sa-

292 4290 429 4336 cere
477 4268 700 4337 honum
742 4278 800 4336 et
840 4270 1000 4358 loqui
1041 4290 1366 4340 verum-ex
1402 4290 1497 4344 se;
1551 4289 1750 4338 nonne
1793 4267 2055 4334 Ecclesia
2096 4278 2296 4331 nostra
