2750 4775
509 348 575 400 Χ.
655 347 1265 402 REFORMA'PIO
1320 348 1428 400 ΕΤ
1479 346 2155 404 REGENERATIO.
2312 360 2381 410 99

275 501 496 567 Generi
524 500 820 579 humano,
875 482 934 567 et
960 510 1342 589 quoquenec
1363 499 1578 589 Angeli
1614 501 1762 566 caeli
1799 503 1859 567 in
1895 502 2233 591 integritate
2269 524 2380 571 sua

274 608 599 692 potuerunt
635 603 737 668 diu
780 603 1119 669 subsistere.
1184 603 1268 668 Ut
1313 603 1514 689 itaque
1556 604 2007 670 submoveretur
2056 603 2378 682 infernum,

272 714 332 769 et
359 705 444 770 sic
473 705 783 769 imminens
821 702 920 770 illa
951 705 1253 768 damnatio
1281 703 1622 779 tolleretur,
1672 704 1962 770 Dominus
1999 707 2060 770 in
2085 707 2375 772 Mundum

272 806 473 880 venit,
524 814 584 869 et
609 808 862 870 removit
882 806 1186 871 infernum
1204 851 1221 878 ,
1275 814 1335 868 et
1360 804 1702 892 subjugavit
1723 805 1865 869 illud
1882 854 1898 882 ,
1953 808 2119 872 etsie
2146 809 2378 896 aperuit

272 906 553 982 Caelum,
608 918 672 971 ut
712 917 916 994 postea
953 917 1146 995 posset
1176 927 1453 991 praesens
1478 927 1603 973 esse
1632 907 1787 994 apud
1826 905 2095 973 homines
2134 906 2376 985 telluris,

270 1018 335 1073 et
359 1009 594 1074 salvare
623 1006 783 1083 illos,
837 1007 937 1094 qui
967 1008 1290 1071 secundum
1322 994 1634 1095 praecepta
1664 1007 1853 1095 Ipsius
1881 1010 2182 1084 viverent,
2237 1030 2379 1074 con-

264 1120 588 1196 sequenter
626 1110 757 1174 illos
782 1129 1135 1195 regenerare
1163 1120 1221 1172 et
1250 1100 1518 1183 salvare,
1568 1128 1704 1172 nam
1747 1108 2054 1174 salvantur
2082 1111 2182 1195 qui
2210 1129 2381 1196 rege-

270 1222 593 1279 nerantur:
663 1211 745 1275 ita
784 1210 1128 1296 intelligitur
1168 1208 1312 1284 hoc,
1366 1210 1526 1297 quod
1573 1231 1811 1285 omnes,
1864 1212 2000 1298 quia
2039 1231 2244 1276 omnes
2285 1232 2381 1274 re-

270 1313 494 1400 dempti
521 1324 677 1388 sunt,
727 1312 1067 1398 regenerari
1098 1311 1340 1396 possint,
1383 1319 1445 1373 et
1472 1312 1608 1396 quia
1638 1313 2013 1398 regeneratio
2042 1321 2100 1375 et
2123 1312 2379 1377 salvatio

270 1432 456 1495 unum
499 1414 750 1490 faciunt,
800 1413 961 1499 quod
995 1433 1200 1477 omnes
1232 1412 1452 1498 possint
1480 1412 1732 1477 salvari:
1788 1411 1901 1477 hoc
1929 1413 2167 1500 itaque,
2217 1411 2376 1500 quod

272 1515 539 1579 Ecclesia
576 1516 777 1591 docet,
847 1514 1004 1600 quod
1050 1514 1272 1600 absque
1311 1513 1573 1577 adventu
1615 1513 1857 1578 Domini
1902 1536 2077 1578 nemo
2120 1515 2380 1603 potuerit

266 1617 511 1693 salvari,
563 1618 644 1683 ita
676 1616 1117 1703 intelligendum
1148 1625 1264 1690 est,
1314 1614 1475 1701 quod
1505 1636 1681 1679 nemo
1709 1615 1936 1703 absque
1966 1615 2226 1680 adventu
2252 1614 2378 1680 Do-

268 1718 415 1782 mini
444 1717 783 1804 regenerari
802 1717 1083 1806 potuerit.
1154 1715 1330 1795 Quod
1372 1716 1624 1781 alterum
1663 1714 1874 1792 finem,
1929 1725 2173 1804 propter
2198 1737 2378 1804 quem

271 1819 566 1885 Dominus
604 1819 662 1882 in
702 1818 984 1882 mundum
1031 1818 1222 1892 venit,
1275 1818 1516 1891 attinet,
1582 1818 1682 1903 qui
1725 1827 1843 1892 est,
1909 1827 1975 1881 ut
2015 1816 2376 1904 glorificaret

220 1942 231 1945 ⁴
271 1921 624 1985 Humanum
663 1942 865 1994 suum,
914 1918 1058 1994 fuit,
1110 1919 1246 2006 quia
1274 1918 1357 1981 sic
1398 1917 1588 1981 factus
1614 1929 1700 1983 est
1728 1918 2126 2004 Redemptor,
2182 1919 2377 2006 Rege-

269 2030 517 2087 nerator
566 2031 625 2084 et
669 2020 946 2086 Salvator
988 2019 1051 2081 in
1100 2027 1442 2091 aeternum;
1511 2039 1644 2082 nam
1692 2041 1809 2082 non
1854 2019 2210 2085 credendum
2266 2028 2373 2096 est,

190 2152 195 2155 ·
273 2121 438 2207 quod
482 2142 586 2209 per
610 2121 1102 2206 Redemptionem
1144 2117 1327 2184 semel
1357 2117 1575 2182 factam
1619 2120 1677 2182 in
1705 2121 1963 2197 Mundo,
2015 2141 2220 2186 omnes
2248 2129 2379 2208 post

272 2223 434 2285 illam
475 2221 764 2307 redempti
791 2221 943 2294 sint,
992 2220 1093 2285 sed
1122 2218 1277 2305 quod
1314 2220 1646 2304 perenniter
1677 2222 1923 2286 redimat
1955 2222 2119 2298 illos,
2170 2223 2270 2308 qui
2310 2223 2374 2287 iu

278 2321 477 2410 Ipsum
520 2321 788 2397 credunt,
839 2329 896 2383 et
924 2321 1107 2385 verba
1137 2319 1325 2406 Ipsius
1350 2318 1594 2384 faciunt.
1645 2321 1763 2387 sed
1793 2324 1959 2410 plura
1988 2323 2062 2387 de
2089 2321 2179 2387 his
2208 2322 2373 2393 vide·

276 2433 457 2487 antur
494 2425 554 2486 in
593 2423 798 2509 Capite
837 2422 909 2487 de
937 2422 1383 2509 Redemptione.

286 2549 311 2560 ··
381 2549 407 2566 ··
444 2527 590 2616 580.
654 2523 837 2603 'Quod
885 2525 1131 2610 quisque
1173 2523 1491 2587 secundum
1536 2545 1707 2590 suum
1762 2535 1980 2591 statum
2037 2529 2375 2616 regenerari

273 2626 474 2714 possit,
527 2635 617 2691 est
643 2626 778 2713 quia
807 2625 979 2690 aliter
1007 2624 1297 2713 simplices
1323 2647 1500 2710 quam
1533 2627 1712 2702 docti,
1765 2627 1935 2692 aliter
1964 2628 2064 2715 qui
2090 2630 2147 2692 in
2177 2627 2375 2693 diver-

267 2728 581 2799 sisstudiis
605 2738 762 2801 sunt,
790 2727 870 2790 'et
897 2745 1143 2813 quoque,
1166 2728 1225 2789 in
1253 2726 1499 2793 diversis
1525 2728 1745 2803 officiis,
1800 2728 1971 2793 aliter
1998 2728 2098 2817 qui
2126 2731 2185 2793 in
2212 2751 2376 2795 scru-

271 2830 433 2893 tiniis
457 2830 529 2893 de
554 2828 739 2894 Verbi
767 2829 1053 2904 externis,
1107 2838 1165 2890 et
1191 2827 1264 2891 de
1293 2828 1419 2913 ejus
1443 2829 1720 2903 internis,
1773 2829 1944 2893 aliter
1970 2830 2069 2918 qui
2095 2852 2129 2896 a
2158 2851 2373 2918 paren-

269 2931 430 2995 tibus
468 2931 529 2995 in
570 2930 729 2993 bono
769 2931 1022 2997 naturali
1064 2939 1231 3003 sunt,
1286 2952 1466 3015 quam
1507 2930 1696 3015 quiin
1725 2929 1915 3007 malo,
1964 2932 2138 2997 aliter
2164 2933 2265 3018 qui
2292 2931 2370 2996 ab

268 3031 519 3094 infantia
562 3032 622 3092 in
650 3031 857 3110 Mundi
893 3032 1186 3108 vanitates
1226 3051 1288 3095 se
1332 3030 1698 3107 intulerunt,
1749 3042 1809 3095 et
1848 3032 2019 3097 aliter
2055 3031 2160 3120 qui
2203 3032 2375 3118 citius

268 3140 377 3196 aut
416 3134 602 3196 serius
627 3132 704 3196 ab
732 3132 841 3196 illis
880 3153 941 3196 se
981 3142 1393 3203 removerunt3
1450 3133 1668 3206 verbe,
1725 3130 1896 3197 aliter
1934 3134 2035 3221 qui
2069 3142 2372 3197 externam

262 3233 517 3298 Domini
562 3231 886 3300 Ecclesiam
944 3233 1339 3308 constituunt,
1410 3241 1469 3295 et
1517 3233 1689 3296 aliter
1736 3236 1835 3318 qui
1889 3236 2216 3307 internam;
2283 3244 2374 3298 est

266 3333 420 3398 haec
464 3336 719 3399 varietas
758 3333 1015 3408 infinita,
1083 3334 1232 3397 sicut
1277 3345 1363 3398 est
1409 3332 1691 3397 facierum
1739 3343 1797 3397 et
1837 3337 2202 3406 animorum;
2270 3334 2373 3398 sed

267 3456 457 3521 usque
497 3433 901 3521 unusquisque
941 3435 1262 3499 secundum
1299 3454 1469 3521 suum
1515 3445 1742 3500 statum
1777 3437 2121 3522 regenerari
2159 3444 2218 3501 et
2256 3435 2374 3500 sal-

268 3538 402 3599 vari
444 3545 651 3623 potest.-
716 3536 894 3616 Quod
939 3536 1017 3599 ita
1060 3536 1163 3610 sit,
1200 3546 1489 3600 ‘constare
1531 3547 1720 3624 potest
1755 3558 1825 3600 ex
1854 3535 2079 3614 Caelis,
2134 3538 2195 3601 in
2225 3559 2373 3624 quos

266 3658 476 3701 omnes
506 3638 836 3722 regenerati
868 3637 1140 3714 veniunt,
1194 3636 1351 3722 quod
1381 3636 1497 3700 sint
1529 3648 1677 3714 tres,
1727 3619 2068 3725 Supremus,
2119 3638 2373 3715 Medius,

265 3735 329 3800 et
357 3738 645 3811 Ultimus,
702 3747 760 3799 et
787 3739 847 3802 in
874 3737 1227 3824 supremum
1259 3737 1504 3801 veniunt
1532 3737 1658 3811 illi,·
1699 3739 1798 3824 qui
1829 3762 1933 3826 per
1970 3740 2373 3827 regeneratio·

256 3859 404 3902 ,nem
445 3838 735 3925 recipiunt
772 3860 1036 3903 amorem
1080 3839 1140 3904 in
1167 3839 1521 3912 Dominum,
1572 3839 1924 3905 in‘Medium
1969 3842 2069 3926 qni
2106 3857 2371 3904 amorem

264 3961 411 4027 erga
440 3941 769 4028 proximum
788 3989 805 4016 ,
856 3941 914 4004 in
945 3939 1266 4015 Ultimum,
1317 3941 1418 4025 qui
1450 3940 1626 4003 modo
1655 3951 1979 4027 operantur
2006 3941 2370 4006 Charitatem

261 4052 605 4117 externam,
657 4052 716 4105 et
742 4041 924 4107 simul
957 4047 1285 4127 agnoscunt
1312 4040 1636 4119 Dominum
1674 4064 1781 4127 pro
1808 4043 1942 4108 Deo
1972 4043 2373 4125 Redemptore

262 4154 322 4208 et
338 4143 680 4208 Salvatore.
736 4143 961 4208 Omnes
999 4141 1058 4206 hi
1098 4140 1309 4207 salvati
1350 4149 1521 4215 sunt,
1574 4142 1674 4205 sed
1712 4142 2124 4208 diversimode.
2193 4136 2368 4218 Quod

260 4267 469 4311 omnes
508 4243 732 4333 possint
769 4243 1108 4330 regenerari
1137 4243 1305 4307 etsie
1328 4240 1582 4318 salvari,
1635 4251 1723 4306 est
1752 4244 1888 4326 quia
1918 4240 2210 4306 Dominus
2237 4251 2367 4299 cum

1835 4339 1891 4402 G
1913 4342 1954 4375 *-
