2750 4775
740 343 1018 397 INDEX
1061 345 1808 400 MEMORABILIUM.
2222 362 2328 412 367

223 500 319 560 10.
377 498 463 560 De
492 496 1023 563 Mauunmms
1006 518 1064 559 ιιι
1094 497 1323 563 Mundo
1350 498 1672 583 spirituali,
1728 521 1800 562 ιι.
1852 503 1981 564 828
2013 502 2088 566 ad
2119 505 2266 567 834

222 602 316 661 11.
374 597 462 661 De
491 598 835 665 Aruleams
876 600 933 660 in
965 598 1190 661 Mundo
1229 599 1554 684 spirituali.
1610 609 1669 664 et
1709 622 1946 688 quoque
1992 603 2215 690 aliquid
2258 606 2331 669 de

415 697 756 772 varmus,
812 719 878 760 ιι.
932 702 1060 763 885
1092 699 1166 763 ad
1199 704 1347 763 840.

223 800 319 862 12
376 799 468 864 De
493 799 807 865 Junams'
792 819 849 860 ιιι
879 799 1108 863 Mundo
1142 799 1465 887 spirituali,
1521 823 1587 863 n:
1639 804 1760 864 841
1802 799 1873 863 ad
1906 802 2054 863 845

1093 1076 1170 1081 ..α-
1193 1077 1465 1086 -0—-0—-——

559 1305 930 1388 INDEX
990 1256 1962 1391 MEMORAfflLlUM.

213 1495 256 1564 1.
309 1494 530 1561 Audivi
554 1499 841 1584 quosdam
870 1521 1060 1565 novos
1090 1497 1368 1564 Adveuas
1398 1501 1706 1585 loquentes
1733 1497 1886 1562 inter
1924 1519 1986 1564 se
2024 1498 2097 1562 de
2140 1499 2326 1565 tribus

310 1597 593 1663 Personis
623 1599 853 1666 Divinis
882 1600 958 1664 ab
988 1609 1265 1674 aeterno,
1319 1609 1376 1661 et
1406 1610 1547 1663 tunc
1601 1599 1838 1685 quidam
1861 1649 1875 1675 ,
1931 1600 2030 1685 qui
2058 1599 2119 1662 in
2147 1601 2324 1665 Mun-

311 1697 391 1762 do
436 1698 634 1764 fuerat
677 1698 941 1775 Primas‚
995 1701 1157 1765 ideas
1198 1700 1570 1787 cogitationis
1609 1721 1750 1765 suae
1790 1700 1861 1761 de
1892 1700 2173 1787 mysterio
2222 1700 2322 1763 illo

312 1799 574 1883 aperuit,
632 1801 865 1875 dicens,
919 1801 1078 1886 quod
1117 1821 1222 1865 sua
1252 1802 1424 1866 Mens
1462 1801 1639 1864 fuerit
1680 1811 1735 1863 et
1776 1799 1968 1863 adhuc
2008 1801 2113 1874 sit,
2165 1800 2325 1885 quod

312 1899 464 1965 Tres
491 1900 547 1962 in
578 1898 760 1965 Caelo
788 1902 1033 1966 sedeant
1077 1922 1255 1987 super
1298 1901 1433 1965 altis
1459 1901 1750 1975 Thronis,
1806 1902 1966 1964 Deus
2009 1901 2191 1965 Pater
2227 1923 2325 1963 su·

313 2021 419 2086 per
446 2000 696 2066 Throno
717 2023 794 2073 ,ex
825 2004 1050 2091 obryzo
1079 2023 1229 2066 auro
1257 2023 1387 2065 cum
1416 2002 1666 2089 Sceptro
1691 2002 1989 2072 in.inanu;
2039 2000 2202 2065 Deus
2228 2001 2323 2065 Fi-

314 2101 424 2164 lius
457 2101 535 2165 ad
573 2102 839 2166 dextram
887 2122 1062 2189 super
1089 2100 1339 2166 Throuo
1382 2123 1454 2163 ex
1499 2101 1810 2187 purissimo
1852 2108 2131 2187 argento,
2185 2122 2325 2164 eum

316 2199 550 2266 Corona
579 2223 757 2289 super
791 2204 1012 2289 capite;
1068 2211 1125 2264 et
1155 2201 1314 2267 Deus
1340 2202 1592 2289 Spiritus
1630 2201 1882 2266 Sanctus
1922 2212 2099 2285 super
2127 2200 2325 2264 Thro-

315 2323 392 2369 no
430 2325 503 2366 ex
539 2303 848 2387 splendido
889 2303 1217 2392 Crystallo,
1272 2313 1481 2365 tenens
1508 2301 1857 2367 Columbarn
1902 2303 1960 2364 in
2004 2322 2218 2376 manu,
2260 2302 2317 2364 in

318 2425 431 2489 qua
460 2404 734 2491 apparuit
780 2426 913 2470 cum
940 2402 1208 2472 Christus
1248 2403 1577 2491 baptizatus
1605 2413 1725 2475 est;
1795 2412 1853 2467 et
1900 2403 2057 2490 quod
2098 2405 2318 2468 circum

323 2504 472 2567 circa
509 2505 640 2574 illos
676 2506 739 2567 in
778 2505 988 2593 triplici
1033 2504 1240 2568 ordine
1283 2504 1544 2591 pensiles
1576 2503 1881 2590 lampades
1921 2525 1996 2567 ex
2033 2504 2325 2593 lapidibus

329 2604 586 2686 pretiosis
628 2614 1044 2677 coruscarent;
1103 2614 1161 2669 et
1204 2607 1360 2691 quod
1396 2627 1431 2669 e
1455 2604 1781 2689 longinquo
1811 2605 1868 2666 in
1897 2604 2070 2669 Circo
2098 2614 2323 2670 starent

322 2689 773 2772 innumerabiles
813 2704 1027 2790 Angeli
1067 2706 1384 2772 adorantes
1425 2716 1485 2769 et
1521 2704 1945 2791 glorificantem
1998 2715 2058 2768 et
2085 2706 2325 2792 insuper

317 2802 593 2890 loquutus
619 2816 707 2884 est
736 2808 810 2869 de
836 2806 1061 2892 Spiritu
1088 2816 1295 2870 sancto
1316 2854 1332 2882 ‚
1387 2806 1688 2893 quomodo
1731 2803 1909 2867 infert
1949 2801 2125 2866 fidem
2149 2851 2165 2877 ,
2220 2825 2323 2891 pu—

314 2903 504 2970 rificat
549 2916 608 2969 et
651 2906 963 2993 justificat:
1017 2906 1193 2982 dixit,
1250 2907 1411 2993 quod
1455 2907 1652 2993 plures
1695 2925 1764 2966 ex
1810 2924 1917 2966 suo
1960 2903 2189 2982 Ordine
2233 2902 2323 2967 his

313 3006 438 3089 ejus
493 3007 634 3071 ideis
686 3005 971 3082 faverint;
1029 3007 1274 3074 credens
1312 3006 1470 3093 quod
1516 3026 1628 3090 ego
1676 3005 1886 3077 etiam,
1939 3004 2076 3088 quia
2116 3003 2319 3078 laicus,

313 3093 426 3171 illis
468 3106 643 3171 fidem
685 3107 1004 3184 haberem:
1057 3117 1119 3173 at
1159 3117 1300 3171 tunc
1345 3109 1483 3174 data
1527 3105 1666 3169 mihi
1712 3103 1877 3190 copia
1924 3103 2204 3187 loquendi
2233 3101 2323 3162 in-

312 3208 472 3295 quii,
507 3208 684 3294 ,quod
724 3229 760 3271 a
788 3210 1037 3293 pueritia
1083 3229 1215 3272 mea
1245 3206 1495 3270 foverim
1525 3206 1716 3269 ideam
1738 3250 1754 3278 ,
1796 3204 1955 3289 quod
1984 3203 2146 3268 Deus
2173 3224 2324 3267 unus

308 3310 420 3384 sit,
475 3329 659 3394 quare
706 3310 954 3396 explicui
1002 3330 1204 3373 coram
1247 3306 1375 3381 illo,
1433 3307 1572 3392 quid
1620 3304 1869 3368 involvit
1914 3304 2210 3380 Trinitas,
2264 3313 2322 3367 et

310 3409 454 3496 quid
479 3409 815 3494 significant
842 3409 1154 3483 Thronus,
1210 3408 1520 3495 Sceptrum
1550 3416 1608 3470 et
1651 3405 1924 3479 Corona,
1980 3405 2079 3469 ubi
2122 3401 2222 3494 illa
2262 3401 2321 3467 in

309 3510 518 3584 Verbo
571 3511 989 3595 praedicantur
1032 3510 1104 3573 de
1150 3508 1315 3572 Deo:
1362 3507 1576 3594 quibus
1624 3505 1857 3586 addidi,
1911 3507 2069 3593 quod
2119 3526 2323 3570 ornnes

308 3612 409 3696 qui
443 3612 698 3674 credunt,
724 3620 845 3673 tres
873 3611 1167 3675 Personas
1194 3610 1442 3674 Divinas
1483 3610 1560 3672 ab
1603 3616 1883 3682 aeterno,
1937 3627 2055 3671 non
2103 3608 2326 3694 possint

306 3712 485 3775 aliter
522 3731 701 3796 quarn
750 3711 992 3775 credere
1042 3721 1158 3774 tres
1205 3711 1402 3785 Deos,
1467 3720 1526 3772 et
1570 3709 1842 3796 insuper,
1895 3708 2051 3793 quod
2105 3707 2325 3774 Divina

309 3811 580 3880 Essentia
611 3833 732 3876 non
759 3812 835 3876 sit
862 3810 1182 3896 partibilis,
1227 3831 1296 3872 ιι.
1349 3815 1450 3875 1&
1886 3847 1895 3855 -

213 3908 287 3975 11.
341 3908 712 4000 Angelorum
737 3934 937 3978 sermo
965 3912 1037 3974 de
1065 3910 1235 3986 Deo,
1287 3911 1448 3999 quod
1488 3911 1773 3977 Divinum
1816 3908 2009 3995 Ipsius
2045 3907 2121 3980 sit
2160 3906 2327 3974 Divi-

313 4034 457 4079 num
498 4013 643 4088 Esse
683 4015 744 4078 in
783 4035 886 4087 se,
933 4021 1018 4075 et
1018 4034 1152 4075 non
1193 4032 1226 4074 a
1269 4034 1369 4087 se,
1429 4019 1488 4074 et
1528 4010 1686 4096 quod
1734 4011 1809 4075 sit
1850 4009 2086 4084 Unum,
2140 4007 2324 4082 Idem,

311 4114 512 4203 Ipsum
533 4164 547 4189 ,
603 4123 664 4179 et
690 4112 1097 4179 individuum:
1146 4123 1268 4178 tum
1297 4112 1457 4198 quod
1486 4111 1650 4176 Deus
1676 4131 1793 4176 non
1822 4108 1896 4174 sit
1928 4110 2001 4180 in
2021 4107 2193 4182 loco,
2222 4106 2326 4171 sed

314 4215 470 4303 apud
499 4215 649 4291 illos,
689 4215 789 4302 qui
828 4214 888 4276 in
931 4213 1061 4278 loco
1102 4221 1272 4294 sunt:
1329 4217 1389 4275 et
1435 4211 1594 4299 quod
1641 4210 1892 4278 Divinus
1921 4207 2110 4296 Ipsius
2136 4205 2325 4270 Amor
