2750 4775
443 394 513 441 30
680 378 1143 434 UNlVERSA
1200 377 1736 431 THEOLOGIA
1780 378 1848 434 N.
1889 377 1955 430 C.
2000 377 2108 430 ET
2149 378 2216 431 N.
2261 377 2327 428 E.

438 537 590 601 sicut
629 554 798 597 amor
841 533 1135 596 exaltatur
1173 531 1232 595 in
1276 531 1498 607 zelum,
1553 539 1656 596 aut
1702 532 1759 595 in
1806 530 2358 595 excandescentiam
2399 533 2560 608 irae;

445 635 609 700 calor
636 634 941 719 sanguinis
965 654 1067 697 seu
1098 633 1262 698 calor
1290 633 1486 698 vitalis
1511 630 1816 697 bominum
1838 678 1857 707 ‚
1907 642 1965 694 et
1996 633 2053 693 in
2081 652 2303 719 genere
2334 632 2563 697 anima-

442 737 585 801 lium
630 756 748 798 non
793 732 1030 797 aliunde
1077 743 1196 806 est;
1253 754 1325 797 ex
1350 732 1468 797 hac
1495 733 2018 819 correspondentia
2050 742 2174 808 est,
2232 733 2400 820 quod
2429 755 2563 799 cor-

442 858 623 923 porea
665 855 773 923 per
811 834 1070 898 calorem
1114 834 1472 922 adaptentur
1513 833 1588 897 ad
1632 834 1816 898 libere
1856 834 2258 917 recipiendum
2297 835 2435 911 illa,
2489 833 2563 899 ad

438 959 591 1024 quae
619 957 789 1001 amor
813 934 1017 1023 spirat.
1085 934 1153 998 ln
1188 935 1289 998 tali
1319 935 1671 1020 aequilibrio
1704 945 1762 998 et
1788 933 1923 997 inde
1953 933 2141 998 libero
2168 947 2309 1000 suut
2357 937 2561 1002 omnia

439 1060 591 1132 quae
620 1038 778 1101 intus
817 1036 878 1099 in
921 1035 1160 1100 homine
1203 1046 1370 1107 sunt;
1426 1038 1485 1099 in
1520 1035 1620 1099 tali
1663 1035 1851 1100 libero
1892 1034 2016 1120 agit
2054 1057 2160 1099 cor
2199 1035 2563 1123 sanguinem

435 1161 607 1203 suum
650 1157 838 1223 aeque
877 1158 1109 1201 sursum
1153 1157 1224 1200 ac
1266 1137 1576 1211 deorsum,
1632 1137 2047 1200 mesenterium
2091 1134 2336 1225 chylum
2367 1159 2563 1214 suum,

438 1240 627 1326 hepar
662 1236 1046 1324 sanguificat,
1113 1257 1285 1302 renes
1328 1245 1679 1313 secernunt,
1743 1234 2062 1322 glandulae
2101 1237 2451 1325 percolant,
2502 1248 2566 1303 et

435 1341 520 1405 sic
547 1361 756 1429 porro;
808 1339 857 1404 si
885 1338 1302 1425 aequilibrium
1334 1344 1658 1425 pateretur,
1708 1343 2046 1422 aegrotaret
2076 1337 2417 1402 membrum
2439 1388 2455 1415 ,
2485 1349 2564 1403 ‘et

438 1439 697 1531 paralysi
757 1439 853 1505 vel
908 1439 1103 1506 ataxia
1166 1439 1498 1511 laboraret;
1583 1439 2001 1525 aequilibrium
2046 1446 2105 1503 et
2153 1437 2414 1512 liberum
2466 1438 2566 1505 hic

438 1564 620 1607 unum
666 1550 819 1606 sunt.
897 1541 967 1605 In
1020 1540 1301 1603 universo
1344 1547 1548 1605 creato
1593 1560 1711 1603 non
1764 1539 1946 1603 datur
1980 1539 2352 1617 substantia,
2406 1561 2562 1628 quae

439 1665 560 1708 non
603 1641 675 1707 ad
717 1639 1131 1729 aequilibrium
1161 1639 1386 1716 tendit,
1440 1648 1502 1705 ut
1529 1640 1684 1706 sitin
1713 1638 1921 1703 libero.

442 1866 627 1954 Quod
670 1866 985 1936 Voluntas
1023 1878 1078 1930 et
1104 1863 1458 1931 Intellectus
1498 1864 1756 1933 hominis
1789 1869 1852 1929 in
1883 1863 1997 1930 hoc
2022 1867 2242 1934 Libero
2270 1868 2561 1936 Arbitrio

437 1972 558 2033 sint
567 1995 591 2044 ,·
643 1968 757 2033 sed
793 1965 963 2060 quod
977 1962 1200 2054 facere
1240 1966 1465 2032 malum
1504 1972 1567 2032 in
1610 1982 1860 2060 utroque
1898 1967 2175 2047 MundO,
2226 1968 2564 2063 Spiritaali

537 2083 593 2134 et
626 2065 957 2144 Naturali,
1001 2091 1120 2160 per
1146 2066 1308 2159 leges
1337 2074 1656 2134 coercitum
1682 2073 1789 2146 sit,
1844 2073 2130 2158 quoniam
2156 2070 2452 2163 alioquim

1062 2167 1335 2236 Societas
1378 2175 1654 2264 utrinque
1683 2174 1921 2264 periret.

591 2352 740 2416 497.
805 2346 982 2430 Quod
1029 2347 1428 2435 unusquisque
1479 2347 1659 2413 horno
1704 2349 1777 2413 sit
1828 2347 1885 2412 in
1933 2346 2152 2415 Libero
2198 2349 2452 2416 arbitrio
2493 2350 2555 2414 in

431 2449 868 2538 spiritualibus,
923 2469 994 2511 ex
1033 2447 1159 2514 sola
1200 2449 1621 2514 observatione
1660 2469 1799 2532 suae
1832 2450 2206 2536 cogitationis
2232 2452 2386 2514 scire
2417 2461 2556 2536 pot-

433 2561 550 2624 est;
609 2552 736 2638 quis
773 2572 895 2617 non
937 2572 1007 2613 ex
1033 2550 1254 2614 Libero
1289 2551 1553 2636 cogitare
1582 2558 1772 2636 potest
1812 2550 1884 2612 de
1914 2550 2075 2620 Deo,
2132 2550 2205 2612 de
2230 2551 2557 2627 Trinitate,

436 2652 509 2716 de
534 2652 839 2718 Charitate
866 2660 926 2715 et
951 2651 1253 2726 Proximo,
1307 2651 1380 2714 de
1408 2650 1553 2714 Fide
1581 2659 1643 2713 et
1668 2649 1795 2736 ejus
1821 2647 2184 2734 operatione,
2237 2647 2311 2710 de
2341 2649 2556 2726 Verbo

435 2763 495 2818 et
539 2754 813 2818 omnibus
855 2751 968 2816 illis
1010 2771 1165 2837 quae
1206 2751 1339 2815 inde
1365 2758 1534 2823 suun
1589 2760 1648 2814 et
1690 2759 2002 2838 postquam
2042 2747 2244 2812 didicit
2281 2749 2555 2815 Theolo-

433 2854 586 2941 gica‚
632 2855 704 2918 de
732 2852 975 2940 singulis
1002 2855 1159 2938 ejus;
1215 2860 1273 2916 et
1300 2853 1429 2937 quis
1457 2871 1572 2913 non
1606 2857 1796 2937 potest
1823 2869 1954 2911 cum
1983 2847 2095 2912 illis
2121 2858 2179 2913 et
2207 2860 2411 2914 contra
2445 2851 2551 2918 illa

436 2957 733 3042 cogitare,
800 2954 919 3018 imo
963 2951 1344 3027 concludere,
1401 2951 1616 3033 docere
1655 2958 1715 3012 et
1758 2949 2047 3012 scribere:
2111 2950 2159 3015 si
2204 2950 2551 3016 auferretur

437 3078 555 3120 uno
597 3065 900 3121 momento
927 3054 1041 3118 boc
1066 3052 1347 3117 Liberum
1374 3050 1633 3125 homini,
1689 3070 1906 3112 numne
1933 3049 2214 3136 cogitatio
2252 3053 2386 3137 ejus=
2406 3052 2551 3116 sub-

437 3157 699 3231 sisteret,
751 3155 953 3242 lingua
1002 3161 1385 3226 mutesceret,
1441 3160 1499 3213 et
1557 3166 1764 3213 manus
1808 3150 2282 3238 obtorpesceret:
2340 3174 2549 3239 quare,

441 3258 516 3321 mi
546 3257 766 3331 amice,
803 3256 850 3321 si
886 3255 1057 3330 libet,
1104 3273 1175 3317 ex
1201 3252 1325 3316 sola
1354 3250 1772 3315 observatione
1802 3251 2173 3337 cogitationis
2203 3263 2371 3331 tuae,
2418 3261 2551 3341 pot-

396 3370 498 3425 'es
540 3359 790 3446 rejicere
833 3365 892 3420 et
919 3356 1218 3420 devovere
1246 3352 1534 3415 absonam
1576 3360 1633 3416 et
1676 3352 2020 3417 damnosam
2066 3353 2224 3419 illam
2252 3354 2547 3431 haeresin,

436 3480 590 3545 quae
634 3458 812 3522 hodie
853 3456 912 3518 in
953 3452 1433 3527 Christianismo,
1488 3453 1723 3518 caelesti
1760 3453 2083 3529 Doctrinae
2128 3455 2200 3518 de
2237 3453 2546 3519 Charitate

433 3567 494 3622 et
526 3557 703 3632 Fide,
756 3565 815 3619 et
841 3555 978 3618 inde
1016 3552 1236 3628 salute,
1284 3560 1344 3615 et
1372 3552 1445 3615 de
1475 3553 1594 3617 vita
1626 3563 1882 3618 aeterna·
1909 3554 2257 3641 lethargiam
2300 3553 2544 3619 induxit.

434 3656 611 3738 Quod
637 3655 918 3721 Liberum
952 3654 1097 3718 illud
1141 3652 1451 3719 arbitrium
1490 3654 1745 3720 resideat
1783 3656 1840 3718 in
1870 3655 2192 3720 Voluntate
2220 3664 2278 3718 et
2307 3653 2546 3720 Intelle-

435 3767 532 3821 ctu
574 3754 864 3828 hominiS,
914 3763 1058 3818 sunt
1095 3753 1207 3818 bae
1248 3775 1477 3820 causae.
1552 3760 1603 3818 1.
1647 3756 1802 3837 Quia
1843 3757 1997 3820 duae
2049 3756 2185 3819 illae
2231 3754 2544 3822 facultates

431 3856 685 3946 primum
718 3854 1112 3919 instruendae
1153 3864 1321 3932 sunt,
1373 3865 1433 3920 et
1460 3856 1911 3933 reformandae,
1961 3866 2025 3920 et
2064 3876 2170 3944 per
2209 3856 2340 3920 illas
2366 3856 2543 3922 binae

429 3955 740 4033 facultates
766 3954 992 4021 externi
1032 3955 1319 4033 bominis,
1369 3977 1525 4043 quae
1566 3955 1790 4021 faciunt
1830 3956 1997 4022 illum
2037 3955 2199 4043 loqui
2241 3965 2300 4019 et
2338 3976 2535 4042 agere.

433 4063 489 4121 2.
530 4056 707 4138 Quod
743 4057 896 4122 duae
921 4057 1057 4121 illae
1084 4056 1398 4125 facultates
1426 4057 1653 4124 luterni
1678 4058 1932 4122 hominis
1974 4057 2336 4123 constituant
2372 4055 2541 4142 spiri-

425 4167 552 4223 tum
581 4159 727 4246 ejus,
778 4159 877 4247 qui
906 4158 1056 4228 vivit
1084 4168 1214 4248 post
1245 4168 1514 4236 mortem,
1568 4168 1628 4224 et
1657 4181 1777 4223 non
1803 4159 1914 4224 sub
1943 4158 2056 4223 alia
2084 4156 2214 4245 lege
2239 4166 2336 4223 est
2359 4177 2538 4244 quam

428 4259 680 4337 Divina,
732 4260 896 4348 cujus
934 4261 1278 4350 primarium
1319 4270 1442 4337 est,
1498 4269 1560 4324 ut
1590 4258 1773 4324 homo
1820 4258 2040 4344 cogitet
2079 4255 2304 4344 legem,
2356 4255 2538 4325 faciat
