2750 4775
488 385 603 430 *100
719 368 1177 426 UNIVERSA
1232 368 1768 424 THEOLOGIA
1816 370 1886 424 N.
1928 370 1994 426 C.
2038 371 2146 423 ΕΤ
2188 370 2253 424 Ν.
2295 370 2364 422 Ε.

424 588 445 603 ,
482 524 709 592 Divino
737 547 845 591 suo
871 523 1043 588 Bono
1071 532 1129 588 et
1157 524 1318 590 Vero
1351 534 1439 588 est
1479 544 1757 612 praesens
1794 524 1950 613 apud
1992 546 2224 589 omnem
2263 524 2578 601 hominem,

490 627 628 692 inde
655 638 743 692 est
770 628 892 692 vita
923 625 1208 711 cujusvis,
1260 635 1320 690 et
1347 625 1486 688 inde
1515 635 1602 690 est
1632 625 1883 691 facultas
1910 626 2270 711 intelligendi
2299 636 2358 689 et
2386 628 2578 690 volen-

491 728 584 805 di,
627 736 686 791 et
724 726 816 793 his
852 727 1130 792 Liberum
1179 727 1489 791 arbitrium
1532 729 1592 789 in
1629 727 2061 815 spiritualibus;
2128 728 2274 792 haec
2308 728 2454 792 nulli
2478 726 2579 790 ho-

488 829 629 895 mini
659 830 897 903 desunt;
950 839 1009 892 et
1034 849 1271 915 quoque
1301 828 1439 893 data
1470 837 1605 892 sunt
1634 828 1855 904 media,
1910 826 2256 894 Christianis
2281 829 2341 892 in
2372 828 2577 904 Verbo,

490 942 551 997 et
578 930 911 996 Gentilibus
946 929 1008 994 in
1051 929 1309 1014 cujusvis
1351 930 1672 1016 religione,
1726 951 1880 1015 quae
1914 930 2086 993 docet
2114 931 2269 1017 quod
2307 929 2471 995 Deus
2495 930 2578 1004 sit,

477 1043 545 1098 et
573 1041 886 1123 praecepta
921 1031 992 1094 de
1021 1032 1267 1127 bonosset
1298 1031 1470 1095 malo.
1493 1026 1504 1037 ⁸
1530 1030 1611 1095 Ex
1639 1030 1731 1095 his
1759 1032 2025 1116 sequitur
2051 1030 2192 1105 hoc,
2248 1033 2405 1119 quod
2435 1030 2578 1117 quis·

488 1157 602 1223 que
644 1134 826 1223 possit
865 1132 1111 1206 salvari;
1164 1142 1598 1217 consequenter
1635 1132 1794 1219 quod
1830 1133 2117 1197 Dominus
2156 1155 2274 1197 non
2320 1134 2381 1196 in
2421 1131 2577 1219 culpa

486 1235 592 1315 sit,
641 1235 744 1300 sed
782 1233 965 1300 homo
1002 1234 1050 1299 si
1092 1255 1209 1298 non
1250 1233 1547 1310 salvatur,
1602 1243 1660 1297 et
1699 1232 1875 1297 homo
1914 1235 1975 1297 in
2013 1234 2214 1321 culpa,
2267 1234 2431 1320 quod
2470 1251 2577 1297 nen

487 1346 858 1427 cooperetur.

642 1441 787 1501 581.
842 1432 1018 1517 Quod
1052 1436 1414 1522 Redemptio
1453 1445 1511 1499 et
1544 1436 1750 1501 Passio
1791 1436 1981 1501 crucis
2019 1437 2132 1501 sint
2175 1436 2331 1500 duae
2373 1456 2465 1501 res
2499 1433 2575 1497 di-

484 1538 762 1614 stinctae,
815 1548 874 1604 et
901 1559 1141 1626 prorsus
1180 1559 1295 1599 non
1341 1535 1821 1613 confundendae,
1875 1547 1936 1600 et
1975 1537 2133 1623 quod
2163 1537 2455 1603 Dominus
2482 1555 2576 1620 per

483 1650 830 1727 utramque,
883 1662 944 1703 se
977 1638 1197 1703 miserit
1225 1639 1283 1700 in
1314 1638 1636 1725 potentiam
1666 1639 2057 1723 regenerandi
2087 1649 2143 1704 et
2167 1638 2439 1702 salvandi
2478 1635 2574 1701 ho-

484 1742 691 1817 mines,
737 1741 794 1803 in
823 1739 1027 1826 Capite
1056 1740 1128 1802 de
1160 1739 1624 1803 nauem-smne
1662 1750 1958 1803 ostensum
1988 1748 2091 1804 est.
2148 1740 2235 1804 Ex
2265 1740 2381 1804 frde
2421 1736 2573 1802 hodi·

483 1863 663 1907 ernae
706 1840 1005 1906 Ecclesiae
1046 1851 1285 1925 recepta
1327 1841 1399 1904 de
1439 1840 1718 1906 Passione
1764 1841 1985 1917 crucis,
2038 1841 2195 1927 quod
2241 1840 2423 1906 suerit
2463 1840 2572 1926 ipsa

484 1943 869 2029 Redemptio,
924 1942 1171 2004 obortae
1199 1951 1335 2005 sunt
1363 1941 1683 2028 phalanges
1709 1939 2077 2005 horribilium
2103 1941 2457 2015 falsitatum,
2509 1937 2572 2002 de

481 2043 645 2120 Deo,
698 2043 770 2107 de
799 2042 974 2115 Fide,
1023 2043 1094 2104 de
1121 2040 1461 2119 Charitate,
1514 2053 1573 2106 et
1600 2043 1671 2105 de
1701 2042 1940 2129 reliquis
1968 2065 2122 2130 quae
2150 2043 2229 2108 ab
2258 2044 2373 2108 illis
2402 2041 2569 2106 trihus

480 2145 542 2208 in
582 2144 919 2208 continente
960 2155 1168 2209 catena
1207 2145 1490 2232 pendent;
1549 2153 1611 2208 ut
1640 2144 1710 2207 de
1739 2144 1900 2220 Deo,
1953 2145 2112 2231 quod
2141 2144 2567 2209 damnationem

479 2244 716 2331 generis
752 2244 993 2307 humani
1033 2247 1416 2320 concluserit,
1494 2255 1554 2310 et
1582 2245 1738 2331 quod
1769 2245 1842 2308 ad
1870 2245 2337 2311 misericordiam
2383 2239 2566 2308 reduci

482 2345 737 2409 voluerit
764 2364 880 2434 'per
919 2346 1355 2412 damnationem
1388 2346 1538 2413 Filio
1579 2347 1945 2434 impositam,
2003 2357 2108 2411 aut
2150 2370 2182 2413 a
2225 2344 2381 2413 Filio
2420 2347 2476 2411 in
2511 2361 2566 2407 se

480 2455 813 2532 receptam,
878 2459 936 2512 et
977 2449 1136 2535 quod
1176 2452 1479 2514 salventur
1517 2450 1743 2524 solum,
1793 2449 2006 2535 quibus
2047 2451 2333 2516 meritum
2364 2442 2563 2516 Christi

480 2547 578 2612 vel
606 2568 676 2611 ex
705 2549 1007 2635 praeviso,
1059 2550 1157 2614 vel
1185 2572 1254 2613 ex
1282 2547 1718 2636 praedestinato
1761 2551 2045 2622 donatum
2101 2571 2172 2614 ex
2209 2551 2309 2616 illa
2352 2545 2562 2615 fallacia

481 2648 659 2712 etiam
689 2651 984 2716 exclusum
1028 2662 1113 2715 est
1140 2651 1252 2715 hoc
1278 2651 1431 2715 illius
1461 2650 1629 2726 fidei,
1681 2652 1841 2735 quod
1866 2651 1948 2715 illi
1980 2650 2077 2737 qui
2106 2651 2204 2716 illa
2234 2651 2353 2716 fide
2381 2641 2562 2714 donati

477 2759 647 2830 sunt,
699 2751 933 2818 insimul
976 2751 1308 2838 regenerati
1341 2749 1492 2829 sint,
1546 2761 1780 2839 praeter
1822 2752 1979 2839 quod
2020 2752 2240 2839 aliquid
2279 2743 2562 2839 cooperati

476 2851 628 2928 sint,
681 2853 799 2917 imo
829 2854 985 2941 quod
1028 2854 1111 2917 sic
1151 2874 1184 2917 a
1224 2854 1369 2938 legis
1411 2852 1788 2916 damnatione
1829 2852 2080 2920 absoluti
2122 2854 2268 2930 sint,
2323 2862 2384 2918 ct
2422 2843 2560 2938 quod

477 2953 728 3040 amplius
755 2974 873 3018 non
901 2954 1168 3040 sublege
1197 2953 1342 3029 sint,
1394 2955 1494 3018 sed
1523 2953 1635 3019 sub
1665 2954 1887 3038 gratia,
1941 2961 1998 3018 et
2039 2953 2155 3018 hoc
2196 2954 2428 3021 tametsi
2457 2951 2562 3014 Do·

477 3054 669 3119 minus
697 3055 876 3132 dixit,
930 3054 1099 3148 quod
1137 3078 1211 3120 ne
1250 3054 1489 3148 quidem
1531 3057 1757 3148 apicem
1790 3053 1940 3146 legis
1968 3055 2311 3134 sustulerit,
2364 3046 2555 3119 Matth-

476 3153 565 3221 V:
615 3158 712 3218 18.
759 3160 857 3220 19.
912 3156 1052 3221 Luc.
1095 3155 1268 3222 XVI:
1313 3161 1426 3223 17:
1486 3166 1612 3222 tum
1654 3156 2224 3244 quod.mandaverit
2264 3149 2559 3242 discipulis»

477 3269 541 3321 ut
557 3254 982 3348 praedicarent
1002 3260 1433 3351 paenitentiam
1458 3261 1522 3323 in
1553 3260 1959 3323 remissionem
1979 3272 2383 3351 peccatorum,
2432 3253 2555 3319 Luc.

475 3356 706 3424 xxiv:
738 3361 839 3422 47.
895 3359 1079 3423 Marc.
1110 3358 1224 3424 Vl:
1260 3364 1373 3430 ως
1427 3369 1485 3422 et
1520 3379 1755 3444 quoque
1782 3358 1914 3446 lpse
1941 3357 2172 3433 dixerit,
2225 3352 2558 3453 Appropin‘

473 3462 677 3551 quavit
701 3457 973 3551 Regnum
1003 3459 1148 3535 Dei,
1192 3464 1623 3551 paenitentiam
1648 3462 1835 3548 agite,
1888 3475 1944 3525 et
1971 3460 2192 3526 credite
2218 3450 2554 3548 Evangelio.

475 3560 660 3624 Marc.
703 3559 759 3621 l:
809 3564 921 3634 15;
977 3582 1085 3655 per¹
1110 3559 1498 3645 Evangelium
1543 3558 1918 3644 intelligitur,
1971 3562 2129 3650 quod
2163 3563 2379 3646 possint
2408 3570 2554 3639 rege·

471 3660 671 3723 net-ari
714 3667 772 3721 et
810 3659 894 3724 sic
927 3661 1174 3729 salvari;
1231 3660 1389 3745 quod
1419 3679 1536 3721 non
1570 3660 1757 3742 potuit
1787 3659 1946 3738 lieri,
2000 3663 2108 3728 nisi
2139 3662 2423 3726 Dominus
2452 3655 2554 3720 Re·

471 3759 868 3847 demptionem
899 3759 1123 3834 fecerit,
1168 3760 1281 3822 hoc
1309 3768 1416 3832 est,
1462 3760 1568 3824 nisi
1601 3761 1920 3846 potentiam
1950 3763 2190 3828 Inferno
2221 3786 2322 3851 per
2350 3769 2552 3850 pugnis

471 3870 680 3925 contra
719 3859 896 3938 illud,
947 3870 1005 3923 et
1047 3883 1152 3946 per
1183 3860 1464 3926 victorias
1500 3882 1677 3947 super
1716 3857 1886 3939 illud,
1943 3864 2326 3954 adempserit,
2375 3868 2434 3925 et
2457 3848 2550 3919 nisi

473 3959 819 4025 Humanum
846 3983 1016 4026 suum
1048 3961 1501 4048 glorificaverit,
1553 3961 1669 4026 hoc
1690 3975 1807 4040 est,
1863 3964 2142 4031 Divinum
2172 3965 2390 4030 fecerit.

628 4065 775 4127 582.
797 4111 804 4117 .
830 4062 1027 4129 Dicite
1063 4086 1133 4130 ex
1176 4064 1452 4131 rationali
1495 4065 1884 4151 cogitatione,
1921 4068 2113 4153 ‘quale
2137 4067 2304 4132 *soret
2336 4061 2549 4129 univer-

468 4185 597 4229 sum
627 4162 827 4230 Genus
861 4162 1215 4244 humanum,
1266 4166 1314 4233 si
1358 4174 1646 4257 perstaret
1688 4164 1831 4233 fides
1873 4163 2197 4233 hodiernae
2251 4157 2546 4234 Ecclesiae»

468 4277 624 4352 quae
653 4276 768 4342 est,
818 4267 977 4354 quod
1016 4270 1132 4336 sint
1169 4268 1458 4357 redempti
1500 4288 1607 4356 per
1646 4265 1831 4332 solam
1860 4268 2204 4334 Passionem
2241 4266 2452 4338 crucis,
2493 4256 2547 4316 θ(
