<?xml version="1.0" encoding="UTF-8"?>
<!DOCTYPE html PUBLIC "-//W3C//DTD XHTML 1.0 Transitional//EN"
    "http://www.w3.org/TR/xhtml1/DTD/xhtml1-transitional.dtd">
<html xmlns="http://www.w3.org/1999/xhtml" xml:lang="en" lang="en">
 <head>
  <title>
</title>
<meta http-equiv="Content-Type" content="text/html;charset=utf-8" />
  <meta name='ocr-system' content='tesseract 3.04.00' />
  <meta name='ocr-capabilities' content='ocr_page ocr_carea ocr_par ocr_line ocrx_word'/>
</head>
<body>
  <div class='ocr_page' id='page_1' title='image "./verachristianar00unkngoog_0242.png"; bbox 0 0 2750 4775; ppageno 0'>
   <div class='ocr_carea' id='block_1_1' title="bbox 454 354 2307 416">
    <p class='ocr_par' dir='ltr' id='par_1_1' title="bbox 454 354 2307 416">
     <span class='ocr_line' id='line_1_1' title="bbox 454 354 2307 416; baseline -0.004 0"><span class='ocrx_word' id='word_1_1' title='bbox 454 365 563 416; x_wconf 76' lang='lat'>218</span> <span class='ocrx_word' id='word_1_2' title='bbox 680 354 1141 409; x_wconf 73' lang='lat' dir='ltr'><strong>UNWERSA</strong></span> <span class='ocrx_word' id='word_1_3' title='bbox 1184 354 1724 409; x_wconf 76' lang='lat' dir='ltr'><strong>THEOLOGIA</strong></span> <span class='ocrx_word' id='word_1_4' title='bbox 1775 355 1843 411; x_wconf 64' lang='grc' dir='ltr'>ΝΖ</span> <span class='ocrx_word' id='word_1_5' title='bbox 1887 354 1949 408; x_wconf 87' lang='lat' dir='ltr'>C.</span> <span class='ocrx_word' id='word_1_6' title='bbox 1989 354 2095 408; x_wconf 83' lang='grc' dir='ltr'>ΕΤ</span> <span class='ocrx_word' id='word_1_7' title='bbox 2137 354 2204 407; x_wconf 76' lang='grc' dir='ltr'>Ν.</span> <span class='ocrx_word' id='word_1_8' title='bbox 2243 354 2307 410; x_wconf 86' lang='grc' dir='ltr'>Ε.</span> 
     </span>
    </p>
   </div>
   <div class='ocr_carea' id='block_1_2' title="bbox 446 506 2543 3937">
    <p class='ocr_par' dir='ltr' id='par_1_2' title="bbox 446 506 2543 3937">
     <span class='ocr_line' id='line_1_2' title="bbox 450 506 2518 595; baseline -0.003 -19"><span class='ocrx_word' id='word_1_9' title='bbox 450 518 513 576; x_wconf 76' lang='lat' dir='ltr'>ct</span> <span class='ocrx_word' id='word_1_10' title='bbox 537 507 940 585; x_wconf 77' lang='lat' dir='ltr'>cerebellum,</span> <span class='ocrx_word' id='word_1_11' title='bbox 993 508 1152 595; x_wconf 84' lang='lat' dir='ltr'>quod</span> <span class='ocrx_word' id='word_1_12' title='bbox 1182 516 1432 572; x_wconf 81' lang='lat' dir='ltr'>vocatur</span> <span class='ocrx_word' id='word_1_13' title='bbox 1459 506 1756 573; x_wconf 79' lang='lat' dir='ltr'>Glandula</span> <span class='ocrx_word' id='word_1_14' title='bbox 1783 507 2060 594; x_wconf 77' lang='lat' dir='ltr'>pinealis;</span> <span class='ocrx_word' id='word_1_15' title='bbox 2109 508 2174 571; x_wconf 85' lang='lat' dir='ltr'>in</span> <span class='ocrx_word' id='word_1_16' title='bbox 2215 507 2323 571; x_wconf 83' lang='lat' dir='ltr'>hac</span> <span class='ocrx_word' id='word_1_17' title='bbox 2359 506 2518 572; x_wconf 78' lang='lat' dir='ltr'>finxe-</span> 
     </span>
     <span class='ocr_line' id='line_1_3' title="bbox 450 607 2523 696; baseline -0.002 -20"><span class='ocrx_word' id='word_1_18' title='bbox 450 618 589 676; x_wconf 88' lang='lat' dir='ltr'>runt</span> <span class='ocrx_word' id='word_1_19' title='bbox 630 608 829 675; x_wconf 84' lang='lat' dir='ltr'>sedem</span> <span class='ocrx_word' id='word_1_20' title='bbox 873 607 1160 687; x_wconf 80' lang='lat' dir='ltr'>Animae,</span> <span class='ocrx_word' id='word_1_21' title='bbox 1212 631 1284 674; x_wconf 81' lang='lat' dir='ltr'>ex</span> <span class='ocrx_word' id='word_1_22' title='bbox 1325 629 1536 684; x_wconf 84' lang='lat' dir='ltr'>causa,</span> <span class='ocrx_word' id='word_1_23' title='bbox 1593 608 1729 696; x_wconf 89' lang='lat' dir='ltr'>quia</span> <span class='ocrx_word' id='word_1_24' title='bbox 1776 618 1935 674; x_wconf 89' lang='lat' dir='ltr'>totus</span> <span class='ocrx_word' id='word_1_25' title='bbox 1980 608 2160 674; x_wconf 86' lang='lat' dir='ltr'>homo</span> <span class='ocrx_word' id='word_1_26' title='bbox 2209 608 2425 695; x_wconf 76' lang='lat' dir='ltr'>regitur</span> <span class='ocrx_word' id='word_1_27' title='bbox 2460 629 2523 673; x_wconf 78' lang='lat' dir='ltr'>ex</span> 
     </span>
     <span class='ocr_line' id='line_1_4' title="bbox 454 701 2524 797; baseline -0.001 -22"><span class='ocrx_word' id='word_1_28' title='bbox 454 710 761 776; x_wconf 74' lang='lat' dir='ltr'>binis-illis</span> <span class='ocrx_word' id='word_1_29' title='bbox 801 707 1112 787; x_wconf 76' lang='lat' dir='ltr'>Cerebris,</span> <span class='ocrx_word' id='word_1_30' title='bbox 1180 721 1237 777; x_wconf 87' lang='lat' dir='ltr'>et</span> <span class='ocrx_word' id='word_1_31' title='bbox 1281 710 1424 774; x_wconf 78' lang='lat' dir='ltr'>illud</span> <span class='ocrx_word' id='word_1_32' title='bbox 1467 710 1838 774; x_wconf 87' lang='lat' dir='ltr'>tuberculum</span> <span class='ocrx_word' id='word_1_33' title='bbox 1888 710 2142 797; x_wconf 77' lang='lat' dir='ltr'><strong>disponit</strong></span> <span class='ocrx_word' id='word_1_34' title='bbox 2186 711 2314 784; x_wconf 84' lang='lat' dir='ltr'>illa;</span> <span class='ocrx_word' id='word_1_35' title='bbox 2363 701 2524 796; x_wconf 74' lang='lat' dir='ltr'>quare</span> 
     </span>
     <span class='ocr_line' id='line_1_5' title="bbox 451 810 2527 902; baseline -0.002 -24"><span class='ocrx_word' id='word_1_36' title='bbox 451 812 611 901; x_wconf 77' lang='lat' dir='ltr'>quod</span> <span class='ocrx_word' id='word_1_37' title='bbox 650 811 903 902; x_wconf 83' lang='lat' dir='ltr'>disponit</span> <span class='ocrx_word' id='word_1_38' title='bbox 931 813 1176 878; x_wconf 78' lang='lat' dir='ltr'>cerebra</span> <span class='ocrx_word' id='word_1_39' title='bbox 1206 813 1279 877; x_wconf 86' lang='lat' dir='ltr'>ad</span> <span class='ocrx_word' id='word_1_40' title='bbox 1307 822 1544 884; x_wconf 86' lang='lat' dir='ltr'>nutum,</span> <span class='ocrx_word' id='word_1_41' title='bbox 1595 810 1709 878; x_wconf 78' lang='lat' dir='ltr'>boc</span> <span class='ocrx_word' id='word_1_42' title='bbox 1735 812 1915 875; x_wconf 81' lang='lat' dir='ltr'>etiam</span> <span class='ocrx_word' id='word_1_43' title='bbox 1945 812 2202 901; x_wconf 82' lang='lat' dir='ltr'>disponit</span> <span class='ocrx_word' id='word_1_44' title='bbox 2231 822 2412 876; x_wconf 82' lang='lat' dir='ltr'>totum</span> <span class='ocrx_word' id='word_1_45' title='bbox 2436 811 2527 875; x_wconf 87' lang='lat' dir='ltr'>ho-</span> 
     </span>
     <span class='ocr_line' id='line_1_6' title="bbox 451 911 2526 1004; baseline -0.002 -25"><span class='ocrx_word' id='word_1_46' title='bbox 451 917 668 980; x_wconf 81' lang='lat' dir='ltr'>minem</span> <span class='ocrx_word' id='word_1_47' title='bbox 696 935 731 977; x_wconf 87' lang='lat' dir='ltr'>a</span> <span class='ocrx_word' id='word_1_48' title='bbox 764 914 956 1004; x_wconf 84' lang='lat' dir='ltr'>capite</span> <span class='ocrx_word' id='word_1_49' title='bbox 982 914 1055 980; x_wconf 87' lang='lat' dir='ltr'>ad</span> <span class='ocrx_word' id='word_1_50' title='bbox 1084 914 1336 978; x_wconf 85' lang='lat' dir='ltr'>calcem:</span> <span class='ocrx_word' id='word_1_51' title='bbox 1389 922 1450 976; x_wconf 91' lang='lat' dir='ltr'>et</span> <span class='ocrx_word' id='word_1_52' title='bbox 1477 912 1649 986; x_wconf 80' lang='lat' dir='ltr'>dixit,</span> <span class='ocrx_word' id='word_1_53' title='bbox 1702 911 1819 976; x_wconf 87' lang='lat' dir='ltr'>boc</span> <span class='ocrx_word' id='word_1_54' title='bbox 1859 911 1994 977; x_wconf 79' lang='lat' dir='ltr'>inde</span> <span class='ocrx_word' id='word_1_55' title='bbox 2030 915 2185 980; x_wconf 87' lang='lat' dir='ltr'>sicut</span> <span class='ocrx_word' id='word_1_56' title='bbox 2213 936 2412 978; x_wconf 79' lang='lat' dir='ltr'>verum</span> <span class='ocrx_word' id='word_1_57' title='bbox 2435 919 2526 976; x_wconf 84' lang='lat' dir='ltr'>aut</span> 
     </span>
     <span class='ocr_line' id='line_1_7' title="bbox 451 1013 2528 1102; baseline 0 -24"><span class='ocrx_word' id='word_1_58' title='bbox 451 1013 787 1081; x_wconf 81' lang='lat' dir='ltr'>verosimile</span> <span class='ocrx_word' id='word_1_59' title='bbox 815 1015 1083 1102; x_wconf 84' lang='lat' dir='ltr'>apparuit</span> <span class='ocrx_word' id='word_1_60' title='bbox 1110 1015 1308 1080; x_wconf 87' lang='lat' dir='ltr'>multis</span> <span class='ocrx_word' id='word_1_61' title='bbox 1331 1014 1393 1076; x_wconf 88' lang='lat' dir='ltr'>in</span> <span class='ocrx_word' id='word_1_62' title='bbox 1421 1013 1683 1090; x_wconf 73' lang='lat' dir='ltr'>Mundo,</span> <span class='ocrx_word' id='word_1_63' title='bbox 1734 1013 1838 1078; x_wconf 83' lang='lat' dir='ltr'>sed</span> <span class='ocrx_word' id='word_1_64' title='bbox 1864 1024 1995 1102; x_wconf 89' lang='lat' dir='ltr'>post</span> <span class='ocrx_word' id='word_1_65' title='bbox 2019 1017 2321 1080; x_wconf 83' lang='lat' dir='ltr'>saeculum</span> <span class='ocrx_word' id='word_1_66' title='bbox 2350 1014 2456 1077; x_wconf 82' lang='lat' dir='ltr'>boc</span> <span class='ocrx_word' id='word_1_67' title='bbox 2475 1021 2528 1078; x_wconf 85' lang='lat' dir='ltr'>nt</span> 
     </span>
     <span class='ocr_line' id='line_1_8' title="bbox 450 1113 2528 1206; baseline -0.002 -22"><span class='ocrx_word' id='word_1_68' title='bbox 450 1116 795 1206; x_wconf 74' lang='lat' dir='ltr'>figmentum</span> <span class='ocrx_word' id='word_1_69' title='bbox 821 1125 908 1181; x_wconf 86' lang='lat' dir='ltr'>est</span> <span class='ocrx_word' id='word_1_70' title='bbox 934 1118 1280 1205; x_wconf 78' lang='lat' dir='ltr'>rejectum.“</span> <span class='ocrx_word' id='word_1_71' title='bbox 1331 1113 1650 1202; x_wconf 83' lang='lat' dir='ltr'>Postquam</span> <span class='ocrx_word' id='word_1_72' title='bbox 1683 1114 1831 1180; x_wconf 85' lang='lat' dir='ltr'>haec</span> <span class='ocrx_word' id='word_1_73' title='bbox 1855 1115 2101 1190; x_wconf 74' lang='lat' dir='ltr'>dixerat,</span> <span class='ocrx_word' id='word_1_74' title='bbox 2143 1117 2304 1181; x_wconf 83' lang='lat' dir='ltr'>exuit</span> <span class='ocrx_word' id='word_1_75' title='bbox 2333 1125 2528 1202; x_wconf 78' lang='lat' dir='ltr'>togam,</span> 
     </span>
     <span class='ocr_line' id='line_1_9' title="bbox 452 1216 2529 1305; baseline -0.002 -23"><span class='ocrx_word' id='word_1_76' title='bbox 452 1218 713 1282; x_wconf 82' lang='lat' dir='ltr'>tunicam</span> <span class='ocrx_word' id='word_1_77' title='bbox 757 1225 820 1280; x_wconf 80' lang='lat' dir='ltr'>et</span> <span class='ocrx_word' id='word_1_78' title='bbox 874 1218 1120 1305; x_wconf 79' lang='lat' dir='ltr'>pileum,</span> <span class='ocrx_word' id='word_1_79' title='bbox 1188 1237 1341 1303; x_wconf 87' lang='lat' dir='ltr'>quae</span> <span class='ocrx_word' id='word_1_80' title='bbox 1393 1216 1700 1281; x_wconf 81' lang='lat' dir='ltr'>Secundus</span> <span class='ocrx_word' id='word_1_81' title='bbox 1750 1238 1824 1282; x_wconf 82' lang='lat' dir='ltr'>ex</span> <span class='ocrx_word' id='word_1_82' title='bbox 1875 1216 2078 1282; x_wconf 82' lang='lat' dir='ltr'>electis</span> <span class='ocrx_word' id='word_1_83' title='bbox 2128 1219 2427 1291; x_wconf 79' lang='lat' dir='ltr'>assumsit,</span> <span class='ocrx_word' id='word_1_84' title='bbox 2473 1236 2529 1278; x_wconf 84' lang='lat' dir='ltr'>ac</span> 
     </span>
     <span class='ocr_line' id='line_1_10' title="bbox 454 1316 2528 1405; baseline -0.001 -23"><span class='ocrx_word' id='word_1_85' title='bbox 454 1317 700 1386; x_wconf 82' lang='lat' dir='ltr'>intravit</span> <span class='ocrx_word' id='word_1_86' title='bbox 725 1317 1095 1393; x_wconf 79' lang='lat' dir='ltr'>cathedram3</span> <span class='ocrx_word' id='word_1_87' title='bbox 1145 1319 1321 1405; x_wconf 82' lang='lat' dir='ltr'>hujus</span> <span class='ocrx_word' id='word_1_88' title='bbox 1345 1318 1713 1381; x_wconf 84' lang='lat' dir='ltr'>enuntiatum</span> <span class='ocrx_word' id='word_1_89' title='bbox 1745 1319 1817 1382; x_wconf 82' lang='lat' dir='ltr'>de</span> <span class='ocrx_word' id='word_1_90' title='bbox 1843 1316 2054 1383; x_wconf 85' lang='lat' dir='ltr'>Anima</span> <span class='ocrx_word' id='word_1_91' title='bbox 2091 1330 2260 1391; x_wconf 84' lang='lat' dir='ltr'>erat;</span> <span class='ocrx_word' id='word_1_92' title='bbox 2311 1317 2457 1405; x_wconf 84' lang='lat' dir='ltr'>quod</span> <span class='ocrx_word' id='word_1_93' title='bbox 2480 1316 2528 1379; x_wconf 87' lang='lat' dir='ltr'>in</span> 
     </span>
     <span class='ocr_line' id='line_1_11' title="bbox 453 1418 2531 1507; baseline -0.003 -21"><span class='ocrx_word' id='word_1_94' title='bbox 453 1422 733 1486; x_wconf 74' lang='lat' dir='ltr'>universo</span> <span class='ocrx_word' id='word_1_95' title='bbox 760 1420 942 1486; x_wconf 84' lang='lat' dir='ltr'>Caelo</span> <span class='ocrx_word' id='word_1_96' title='bbox 969 1430 1028 1484; x_wconf 85' lang='lat' dir='ltr'>et</span> <span class='ocrx_word' id='word_1_97' title='bbox 1052 1422 1117 1484; x_wconf 83' lang='lat' dir='ltr'>in</span> <span class='ocrx_word' id='word_1_98' title='bbox 1149 1421 1434 1486; x_wconf 79' lang='lat' dir='ltr'>universo</span> <span class='ocrx_word' id='word_1_99' title='bbox 1454 1418 1680 1483; x_wconf 83' lang='lat' dir='ltr'>Mundo</span> <span class='ocrx_word' id='word_1_100' title='bbox 1721 1420 2019 1484; x_wconf 81' lang='lat' dir='ltr'>nesciatur</span> <span class='ocrx_word' id='word_1_101' title='bbox 2058 1421 2205 1507; x_wconf 88' lang='lat' dir='ltr'>quid</span> <span class='ocrx_word' id='word_1_102' title='bbox 2247 1418 2447 1485; x_wconf 85' lang='lat' dir='ltr'>Anima</span> <span class='ocrx_word' id='word_1_103' title='bbox 2483 1426 2531 1481; x_wconf 79' lang='lat' dir='ltr'>ct</span> 
     </span>
     <span class='ocr_line' id='line_1_12' title="bbox 452 1516 2531 1611; baseline -0 -24"><span class='ocrx_word' id='word_1_104' title='bbox 452 1521 643 1611; x_wconf 79' lang='lat' dir='ltr'>qualis</span> <span class='ocrx_word' id='word_1_105' title='bbox 683 1521 815 1594; x_wconf 73' lang='lat' dir='ltr'>illa3</span> <span class='ocrx_word' id='word_1_106' title='bbox 867 1521 981 1585; x_wconf 83' lang='lat' dir='ltr'>hoc</span> <span class='ocrx_word' id='word_1_107' title='bbox 1020 1525 1203 1588; x_wconf 83' lang='lat' dir='ltr'>scitur</span> <span class='ocrx_word' id='word_1_108' title='bbox 1245 1520 1404 1608; x_wconf 83' lang='lat' dir='ltr'>quod</span> <span class='ocrx_word' id='word_1_109' title='bbox 1444 1520 1552 1595; x_wconf 85' lang='lat' dir='ltr'>sit,</span> <span class='ocrx_word' id='word_1_110' title='bbox 1604 1528 1664 1583; x_wconf 85' lang='lat' dir='ltr'>et</span> <span class='ocrx_word' id='word_1_111' title='bbox 1704 1521 1860 1606; x_wconf 86' lang='lat' dir='ltr'>quod</span> <span class='ocrx_word' id='word_1_112' title='bbox 1905 1522 1967 1584; x_wconf 87' lang='lat' dir='ltr'>in</span> <span class='ocrx_word' id='word_1_113' title='bbox 2009 1520 2258 1585; x_wconf 82' lang='lat' dir='ltr'>homine</span> <span class='ocrx_word' id='word_1_114' title='bbox 2301 1522 2401 1595; x_wconf 89' lang='lat' dir='ltr'>sit,</span> <span class='ocrx_word' id='word_1_115' title='bbox 2446 1516 2531 1586; x_wconf 75' lang='lat' dir='ltr'>sod</span> 
     </span>
     <span class='ocr_line' id='line_1_13' title="bbox 452 1622 2532 1709; baseline -0.002 -21"><span class='ocrx_word' id='word_1_116' title='bbox 452 1624 584 1699; x_wconf 86' lang='lat' dir='ltr'>ubi,</span> <span class='ocrx_word' id='word_1_117' title='bbox 636 1622 965 1698; x_wconf 61' lang='lat' dir='ltr'>divinatum</span> <span class='ocrx_word' id='word_1_118' title='bbox 1019 1624 1137 1689; x_wconf 86' lang='lat' dir='ltr'>boc</span> <span class='ocrx_word' id='word_1_119' title='bbox 1173 1632 1397 1686; x_wconf 85' lang='lat' dir='ltr'>certum</span> <span class='ocrx_word' id='word_1_120' title='bbox 1442 1628 1528 1686; x_wconf 83' lang='lat' dir='ltr'>est</span> <span class='ocrx_word' id='word_1_121' title='bbox 1567 1622 1724 1709; x_wconf 85' lang='lat' dir='ltr'>quod</span> <span class='ocrx_word' id='word_1_122' title='bbox 1766 1622 1841 1687; x_wconf 86' lang='lat' dir='ltr'>sit</span> <span class='ocrx_word' id='word_1_123' title='bbox 1881 1623 1938 1686; x_wconf 91' lang='lat' dir='ltr'>in</span> <span class='ocrx_word' id='word_1_124' title='bbox 1980 1622 2226 1709; x_wconf 86' lang='lat' dir='ltr'>Capite,</span> <span class='ocrx_word' id='word_1_125' title='bbox 2281 1623 2532 1709; x_wconf 83' lang='lat' dir='ltr'>quoniam</span> 
     </span>
     <span class='ocr_line' id='line_1_14' title="bbox 457 1722 2531 1813; baseline -0.001 -24"><span class='ocrx_word' id='word_1_126' title='bbox 457 1722 794 1792; x_wconf 73' lang='lat' dir='ltr'>Intellectus</span> <span class='ocrx_word' id='word_1_127' title='bbox 818 1724 901 1786; x_wconf 89' lang='lat' dir='ltr'>ibi</span> <span class='ocrx_word' id='word_1_128' title='bbox 941 1726 1193 1813; x_wconf 74' lang='lat' dir='ltr'>cogitat,</span> <span class='ocrx_word' id='word_1_129' title='bbox 1246 1729 1305 1787; x_wconf 77' lang='lat' dir='ltr'>&#39;et</span> <span class='ocrx_word' id='word_1_130' title='bbox 1331 1723 1624 1789; x_wconf 78' lang='lat' dir='ltr'>Voluntas</span> <span class='ocrx_word' id='word_1_131' title='bbox 1660 1723 1744 1787; x_wconf 89' lang='lat' dir='ltr'>ibi</span> <span class='ocrx_word' id='word_1_132' title='bbox 1784 1723 2064 1798; x_wconf 71' lang='lat' dir='ltr'>intendit,</span> <span class='ocrx_word' id='word_1_133' title='bbox 2115 1734 2179 1788; x_wconf 82' lang='lat' dir='ltr'>et</span> <span class='ocrx_word' id='word_1_134' title='bbox 2219 1733 2531 1788; x_wconf 83' lang='lat' dir='ltr'>antrorsum</span> 
     </span>
     <span class='ocr_line' id='line_1_15' title="bbox 451 1822 2534 1914; baseline -0.001 -25"><span class='ocrx_word' id='word_1_135' title='bbox 451 1827 510 1889; x_wconf 89' lang='lat' dir='ltr'>in</span> <span class='ocrx_word' id='word_1_136' title='bbox 539 1824 759 1911; x_wconf 80' lang='lat' dir='ltr'>Capitis</span> <span class='ocrx_word' id='word_1_137' title='bbox 786 1824 938 1889; x_wconf 78' lang='lat' dir='ltr'>facie</span> <span class='ocrx_word' id='word_1_138' title='bbox 962 1834 1100 1891; x_wconf 80' lang='lat' dir='ltr'>sunt</span> <span class='ocrx_word' id='word_1_139' title='bbox 1128 1824 1386 1914; x_wconf 84' lang='lat' dir='ltr'>quinque</span> <span class='ocrx_word' id='word_1_140' title='bbox 1413 1822 1667 1890; x_wconf 81' lang='lat' dir='ltr'>bominis</span> <span class='ocrx_word' id='word_1_141' title='bbox 1692 1824 1966 1889; x_wconf 75' lang='lat' dir='ltr'>Senseria</span> <span class='ocrx_word' id='word_1_142' title='bbox 1986 1854 2001 1899; x_wconf 75' lang='grc' dir='ltr'><strong><em>ς</em></strong></span> <span class='ocrx_word' id='word_1_143' title='bbox 2023 1861 2030 1868; x_wconf 86' lang='grc'><em>·</em></span> <span class='ocrx_word' id='word_1_144' title='bbox 2055 1825 2147 1890; x_wconf 87' lang='lat' dir='ltr'>bis</span> <span class='ocrx_word' id='word_1_145' title='bbox 2187 1835 2249 1890; x_wconf 80' lang='lat' dir='ltr'>et</span> <span class='ocrx_word' id='word_1_146' title='bbox 2291 1824 2400 1889; x_wconf 87' lang='lat' dir='ltr'>illis</span> <span class='ocrx_word' id='word_1_147' title='bbox 2432 1843 2534 1887; x_wconf 84' lang='lat' dir='ltr'>non</span> 
     </span>
     <span class='ocr_line' id='line_1_16' title="bbox 452 1921 2536 2012; baseline -0.002 -21"><span class='ocrx_word' id='word_1_148' title='bbox 452 1925 613 1992; x_wconf 79' lang='lat' dir='ltr'>aliud</span> <span class='ocrx_word' id='word_1_149' title='bbox 656 1926 755 1989; x_wconf 87' lang='lat' dir='ltr'>dat</span> <span class='ocrx_word' id='word_1_150' title='bbox 792 1926 976 1991; x_wconf 84' lang='lat' dir='ltr'>vitam</span> <span class='ocrx_word' id='word_1_151' title='bbox 1016 1948 1192 2012; x_wconf 79' lang='lat' dir='ltr'>quam</span> <span class='ocrx_word' id='word_1_152' title='bbox 1220 1921 1430 1989; x_wconf 78' lang='lat' dir='ltr'>Anima</span> <span class='ocrx_word' id='word_1_153' title='bbox 1473 1941 1636 2010; x_wconf 85' lang='lat' dir='ltr'>quae·</span> <span class='ocrx_word' id='word_1_154' title='bbox 1664 1925 1821 1990; x_wconf 81' lang='lat' dir='ltr'>intus</span> <span class='ocrx_word' id='word_1_155' title='bbox 1859 1927 1917 1988; x_wconf 91' lang='lat' dir='ltr'>in</span> <span class='ocrx_word' id='word_1_156' title='bbox 1947 1925 2154 2012; x_wconf 78' lang='lat' dir='ltr'>Capite</span> <span class='ocrx_word' id='word_1_157' title='bbox 2196 1926 2437 1998; x_wconf 52' lang='lat' dir='ltr'>residem</span> <span class='ocrx_word' id='word_1_158' title='bbox 2483 1932 2536 1987; x_wconf 84' lang='lat' dir='ltr'>at</span> 
     </span>
     <span class='ocr_line' id='line_1_17' title="bbox 452 2024 2535 2111; baseline -0.003 -19"><span class='ocrx_word' id='word_1_159' title='bbox 452 2029 693 2095; x_wconf 77' lang='lat' dir='ltr'>ubinam</span> <span class='ocrx_word' id='word_1_160' title='bbox 722 2025 846 2111; x_wconf 77' lang='lat' dir='ltr'>ejus</span> <span class='ocrx_word' id='word_1_161' title='bbox 871 2026 1048 2091; x_wconf 89' lang='lat' dir='ltr'>Curia</span> <span class='ocrx_word' id='word_1_162' title='bbox 1078 2036 1166 2091; x_wconf 87' lang='lat' dir='ltr'>est</span> <span class='ocrx_word' id='word_1_163' title='bbox 1190 2026 1305 2102; x_wconf 92' lang='lat' dir='ltr'>ibi,</span> <span class='ocrx_word' id='word_1_164' title='bbox 1359 2047 1478 2089; x_wconf 82' lang='lat' dir='ltr'>non</span> <span class='ocrx_word' id='word_1_165' title='bbox 1507 2027 1692 2091; x_wconf 90' lang='lat' dir='ltr'>ausim</span> <span class='ocrx_word' id='word_1_166' title='bbox 1722 2024 1917 2102; x_wconf 78' lang='lat' dir='ltr'>effari,</span> <span class='ocrx_word' id='word_1_167' title='bbox 1969 2028 2070 2091; x_wconf 79' lang='lat' dir='ltr'>sed</span> <span class='ocrx_word' id='word_1_168' title='bbox 2110 2027 2382 2091; x_wconf 76' lang='lat' dir='ltr'>consensi</span> <span class='ocrx_word' id='word_1_169' title='bbox 2422 2044 2535 2087; x_wconf 86' lang='lat' dir='ltr'>cum</span> 
     </span>
     <span class='ocr_line' id='line_1_18' title="bbox 449 2123 2535 2215; baseline -0.003 -21"><span class='ocrx_word' id='word_1_170' title='bbox 449 2129 592 2203; x_wconf 88' lang='lat' dir='ltr'>illis,</span> <span class='ocrx_word' id='word_1_171' title='bbox 644 2128 746 2215; x_wconf 51' lang='lat' dir='ltr'>¹qui</span> <span class='ocrx_word' id='word_1_172' title='bbox 772 2125 845 2190; x_wconf 85' lang='lat' dir='ltr'>-ei</span> <span class='ocrx_word' id='word_1_173' title='bbox 889 2123 1259 2214; x_wconf 78' lang='lat' dir='ltr'>assignarunt</span> <span class='ocrx_word' id='word_1_174' title='bbox 1302 2127 1498 2193; x_wconf 77' lang='lat' dir='ltr'>sedem</span> <span class='ocrx_word' id='word_1_175' title='bbox 1537 2126 1604 2191; x_wconf 73' lang='lat' dir='ltr'>in</span> <span class='ocrx_word' id='word_1_176' title='bbox 1656 2128 1845 2192; x_wconf 85' lang='lat' dir='ltr'>tribus</span> <span class='ocrx_word' id='word_1_177' title='bbox 1886 2128 2250 2193; x_wconf 77' lang='lat' dir='ltr'>ventriculis</span> <span class='ocrx_word' id='word_1_178' title='bbox 2295 2126 2535 2201; x_wconf 87' lang='lat' dir='ltr'>Cerebri,</span> 
     </span>
     <span class='ocr_line' id='line_1_19' title="bbox 448 2226 2535 2316; baseline -0.002 -23"><span class='ocrx_word' id='word_1_179' title='bbox 448 2251 607 2295; x_wconf 85' lang='lat' dir='ltr'>nunc</span> <span class='ocrx_word' id='word_1_180' title='bbox 659 2243 793 2292; x_wconf 82' lang='lat' dir='ltr'>cum</span> <span class='ocrx_word' id='word_1_181' title='bbox 842 2227 958 2292; x_wconf 84' lang='lat' dir='ltr'>illis</span> <span class='ocrx_word' id='word_1_182' title='bbox 1001 2230 1099 2316; x_wconf 84' lang='lat' dir='ltr'>qui</span> <span class='ocrx_word' id='word_1_183' title='bbox 1144 2230 1204 2291; x_wconf 90' lang='lat' dir='ltr'>in</span> <span class='ocrx_word' id='word_1_184' title='bbox 1250 2228 1619 2314; x_wconf 83' lang='lat' dir='ltr'>Corporibus</span> <span class='ocrx_word' id='word_1_185' title='bbox 1664 2229 1885 2294; x_wconf 88' lang='lat' dir='ltr'>striatis</span> <span class='ocrx_word' id='word_1_186' title='bbox 1931 2229 2046 2305; x_wconf 91' lang='lat' dir='ltr'>ibi,</span> <span class='ocrx_word' id='word_1_187' title='bbox 2099 2251 2265 2293; x_wconf 86' lang='lat' dir='ltr'>nunc</span> <span class='ocrx_word' id='word_1_188' title='bbox 2309 2226 2535 2294; x_wconf 83' lang='lat' dir='ltr'>cumil-</span> 
     </span>
     <span class='ocr_line' id='line_1_20' title="bbox 453 2327 2535 2418; baseline -0.002 -23"><span class='ocrx_word' id='word_1_189' title='bbox 453 2333 524 2396; x_wconf 90' lang='lat' dir='ltr'>lis</span> <span class='ocrx_word' id='word_1_190' title='bbox 566 2331 666 2418; x_wconf 86' lang='lat' dir='ltr'>qui</span> <span class='ocrx_word' id='word_1_191' title='bbox 708 2330 767 2393; x_wconf 91' lang='lat' dir='ltr'>in</span> <span class='ocrx_word' id='word_1_192' title='bbox 808 2327 1153 2396; x_wconf 78' lang='lat' dir='ltr'>Substantia</span> <span class='ocrx_word' id='word_1_193' title='bbox 1196 2330 1505 2395; x_wconf 83' lang='lat' dir='ltr'>medullari</span> <span class='ocrx_word' id='word_1_194' title='bbox 1548 2330 1854 2418; x_wconf 86' lang='lat' dir='ltr'>utriusque</span> <span class='ocrx_word' id='word_1_195' title='bbox 1887 2330 2164 2408; x_wconf 75' lang='lat' dir='ltr'>cerebri,</span> <span class='ocrx_word' id='word_1_196' title='bbox 2223 2353 2385 2395; x_wconf 84' lang='lat' dir='ltr'>nunc</span> <span class='ocrx_word' id='word_1_197' title='bbox 2422 2348 2535 2392; x_wconf 88' lang='lat' dir='ltr'>cum</span> 
     </span>
     <span class='ocr_line' id='line_1_21' title="bbox 452 2430 2536 2519; baseline -0.001 -23"><span class='ocrx_word' id='word_1_198' title='bbox 452 2433 566 2497; x_wconf 84' lang='lat' dir='ltr'>illis</span> <span class='ocrx_word' id='word_1_199' title='bbox 602 2432 707 2517; x_wconf 88' lang='lat' dir='ltr'>qui</span> <span class='ocrx_word' id='word_1_200' title='bbox 748 2430 823 2494; x_wconf 82' lang='lat' dir='ltr'>in-</span> <span class='ocrx_word' id='word_1_201' title='bbox 848 2431 1190 2503; x_wconf 86' lang='lat' dir='ltr'>Substantia</span> <span class='ocrx_word' id='word_1_202' title='bbox 1249 2431 1544 2508; x_wconf 73' lang='lat' dir='ltr'>cortic-ali,</span> <span class='ocrx_word' id='word_1_203' title='bbox 1595 2453 1754 2496; x_wconf 82' lang='lat' dir='ltr'>nunc</span> <span class='ocrx_word' id='word_1_204' title='bbox 1806 2454 1943 2496; x_wconf 85' lang='lat' dir='ltr'>cum</span> <span class='ocrx_word' id='word_1_205' title='bbox 1996 2431 2108 2497; x_wconf 88' lang='lat' dir='ltr'>illis</span> <span class='ocrx_word' id='word_1_206' title='bbox 2161 2434 2268 2519; x_wconf 85' lang='lat' dir='ltr'>qni</span> <span class='ocrx_word' id='word_1_207' title='bbox 2324 2433 2382 2494; x_wconf 92' lang='lat' dir='ltr'>in</span> <span class='ocrx_word' id='word_1_208' title='bbox 2433 2431 2536 2495; x_wconf 83' lang='lat' dir='ltr'>Du-</span> 
     </span>
     <span class='ocr_line' id='line_1_22' title="bbox 456 2532 2540 2611; baseline -0.001 -14"><span class='ocrx_word' id='word_1_209' title='bbox 456 2555 520 2597; x_wconf 85' lang='lat' dir='ltr'>ra</span> <span class='ocrx_word' id='word_1_210' title='bbox 553 2541 772 2605; x_wconf 77' lang='lat' dir='ltr'>matre3</span> <span class='ocrx_word' id='word_1_211' title='bbox 823 2554 942 2599; x_wconf 86' lang='lat' dir='ltr'>non</span> <span class='ocrx_word' id='word_1_212' title='bbox 981 2537 1135 2599; x_wconf 78' lang='lat' dir='ltr'>enim</span> <span class='ocrx_word' id='word_1_213' title='bbox 1180 2533 1497 2599; x_wconf 75' lang='lat' dir='ltr'>defuerunt</span> <span class='ocrx_word' id='word_1_214' title='bbox 1535 2532 1744 2599; x_wconf 82' lang='lat' dir='ltr'>calculi</span> <span class='ocrx_word' id='word_1_215' title='bbox 1784 2535 1932 2611; x_wconf 80' lang='lat' dir='ltr'>sicut</span> <span class='ocrx_word' id='word_1_216' title='bbox 1972 2534 2090 2598; x_wconf 86' lang='lat' dir='ltr'>albi</span> <span class='ocrx_word' id='word_1_217' title='bbox 2128 2555 2201 2598; x_wconf 81' lang='lat' dir='ltr'>ex</span> <span class='ocrx_word' id='word_1_218' title='bbox 2243 2532 2540 2597; x_wconf 86' lang='lat' dir='ltr'>confirma·</span> 
     </span>
     <span class='ocr_line' id='line_1_23' title="bbox 454 2633 2537 2724; baseline -0.001 -27"><span class='ocrx_word' id='word_1_219' title='bbox 454 2633 714 2705; x_wconf 81' lang='lat' dir='ltr'>tionibus</span> <span class='ocrx_word' id='word_1_220' title='bbox 758 2654 862 2721; x_wconf 88' lang='lat' dir='ltr'>pro</span> <span class='ocrx_word' id='word_1_221' title='bbox 912 2636 1238 2724; x_wconf 85' lang='lat' dir='ltr'>unaquavis</span> <span class='ocrx_word' id='word_1_222' title='bbox 1290 2635 1447 2699; x_wconf 82' lang='lat' dir='ltr'>sede.</span> <span class='ocrx_word' id='word_1_223' title='bbox 1544 2635 1767 2700; x_wconf 84' lang='lat' dir='ltr'>Calculi</span> <span class='ocrx_word' id='word_1_224' title='bbox 1816 2657 1920 2722; x_wconf 82' lang='lat' dir='ltr'>pro</span> <span class='ocrx_word' id='word_1_225' title='bbox 1967 2635 2155 2699; x_wconf 80' lang='lat' dir='ltr'>tribus</span> <span class='ocrx_word' id='word_1_226' title='bbox 2196 2633 2537 2699; x_wconf 79' lang='lat' dir='ltr'>Ventriculis</span> 
     </span>
     <span class='ocr_line' id='line_1_24' title="bbox 455 2733 2538 2824; baseline -0.001 -26"><span class='ocrx_word' id='word_1_227' title='bbox 455 2736 516 2800; x_wconf 88' lang='lat' dir='ltr'>in</span> <span class='ocrx_word' id='word_1_228' title='bbox 544 2733 838 2812; x_wconf 86' lang='lat' dir='ltr'>Cerebro,</span> <span class='ocrx_word' id='word_1_229' title='bbox 891 2735 1160 2814; x_wconf 81' lang='lat' dir='ltr'>fuerunt,</span> <span class='ocrx_word' id='word_1_230' title='bbox 1210 2736 1368 2824; x_wconf 83' lang='lat' dir='ltr'>quod</span> <span class='ocrx_word' id='word_1_231' title='bbox 1406 2734 1489 2798; x_wconf 92' lang='lat' dir='ltr'>illi</span> <span class='ocrx_word' id='word_1_232' title='bbox 1525 2737 1643 2801; x_wconf 79' lang='lat' dir='ltr'>sint</span> <span class='ocrx_word' id='word_1_233' title='bbox 1671 2735 2043 2822; x_wconf 77' lang='lat' dir='ltr'>receptacula</span> <span class='ocrx_word' id='word_1_234' title='bbox 2079 2737 2398 2824; x_wconf 85' lang='lat' dir='ltr'>spirituum</span> <span class='ocrx_word' id='word_1_235' title='bbox 2432 2734 2538 2798; x_wconf 83' lang='lat' dir='ltr'>ani-</span> 
     </span>
     <span class='ocr_line' id='line_1_25' title="bbox 458 2835 2541 2929; baseline -0 -28"><span class='ocrx_word' id='word_1_236' title='bbox 458 2835 694 2901; x_wconf 88' lang='lat' dir='ltr'>malium</span> <span class='ocrx_word' id='word_1_237' title='bbox 736 2845 792 2899; x_wconf 86' lang='lat' dir='ltr'>et</span> <span class='ocrx_word' id='word_1_238' title='bbox 820 2839 1195 2929; x_wconf 84' lang='lat' dir='ltr'>lympharum</span> <span class='ocrx_word' id='word_1_239' title='bbox 1225 2838 1486 2901; x_wconf 82' lang='lat' dir='ltr'>omnium</span> <span class='ocrx_word' id='word_1_240' title='bbox 1514 2837 1786 2902; x_wconf 87' lang='lat' dir='ltr'>Cerebri:</span> <span class='ocrx_word' id='word_1_241' title='bbox 1827 2837 2046 2902; x_wconf 77' lang='lat' dir='ltr'>calculi</span> <span class='ocrx_word' id='word_1_242' title='bbox 2077 2859 2183 2925; x_wconf 87' lang='lat' dir='ltr'>pro</span> <span class='ocrx_word' id='word_1_243' title='bbox 2213 2837 2541 2924; x_wconf 81' lang='lat' dir='ltr'>corporibus</span> 
     </span>
     <span class='ocr_line' id='line_1_26' title="bbox 454 2937 2541 3027; baseline -0.003 -23"><span class='ocrx_word' id='word_1_244' title='bbox 454 2938 674 3004; x_wconf 81' lang='lat' dir='ltr'>striatis</span> <span class='ocrx_word' id='word_1_245' title='bbox 697 2937 969 3017; x_wconf 79' lang='lat' dir='ltr'>fuerunt,</span> <span class='ocrx_word' id='word_1_246' title='bbox 1020 2940 1177 3027; x_wconf 89' lang='lat' dir='ltr'>quod</span> <span class='ocrx_word' id='word_1_247' title='bbox 1208 2939 1356 3003; x_wconf 89' lang='lat' dir='ltr'>haec</span> <span class='ocrx_word' id='word_1_248' title='bbox 1381 2937 1602 3002; x_wconf 84' lang='lat' dir='ltr'>saciant</span> <span class='ocrx_word' id='word_1_249' title='bbox 1628 2939 1946 3003; x_wconf 84' lang='lat' dir='ltr'>Medullam</span> <span class='ocrx_word' id='word_1_250' title='bbox 1971 2960 2083 3024; x_wconf 69' lang='lat' dir='ltr'>¹per</span> <span class='ocrx_word' id='word_1_251' title='bbox 2123 2960 2303 3025; x_wconf 87' lang='lat' dir='ltr'>quam</span> <span class='ocrx_word' id='word_1_252' title='bbox 2346 2942 2541 3004; x_wconf 81' lang='lat' dir='ltr'>exeunt</span> 
     </span>
     <span class='ocr_line' id='line_1_27' title="bbox 455 3036 2539 3129; baseline -0.003 -25"><span class='ocrx_word' id='word_1_253' title='bbox 455 3043 662 3116; x_wconf 84' lang='lat' dir='ltr'>nervi,</span> <span class='ocrx_word' id='word_1_254' title='bbox 717 3051 775 3103; x_wconf 91' lang='lat' dir='ltr'>et</span> <span class='ocrx_word' id='word_1_255' title='bbox 814 3056 1145 3129; x_wconf 68' lang='lat' dir='ltr'>per-quam⁴</span> <span class='ocrx_word' id='word_1_256' title='bbox 1183 3049 1500 3125; x_wconf 82' lang='lat' dir='ltr'>utrumque</span> <span class='ocrx_word' id='word_1_257' title='bbox 1542 3040 1862 3104; x_wconf 84' lang='lat' dir='ltr'>Cerebrum</span> <span class='ocrx_word' id='word_1_258' title='bbox 1905 3040 2287 3112; x_wconf 77' lang='lat' dir='ltr'>continuatur</span> <span class='ocrx_word' id='word_1_259' title='bbox 2327 3036 2539 3125; x_wconf 81' lang='lat' dir='ltr'>in-spi-</span> 
     </span>
     <span class='ocr_line' id='line_1_28' title="bbox 456 3139 2539 3228; baseline -0.003 -17"><span class='ocrx_word' id='word_1_260' title='bbox 456 3162 623 3218; x_wconf 80' lang='lat' dir='ltr'>nam,</span> <span class='ocrx_word' id='word_1_261' title='bbox 674 3149 833 3207; x_wconf 85' lang='lat' dir='ltr'>etex</span> <span class='ocrx_word' id='word_1_262' title='bbox 858 3141 971 3208; x_wconf 81' lang='lat' dir='ltr'>hac</span> <span class='ocrx_word' id='word_1_263' title='bbox 998 3154 1058 3207; x_wconf 87' lang='lat' dir='ltr'>et</span> <span class='ocrx_word' id='word_1_264' title='bbox 1085 3164 1155 3207; x_wconf 82' lang='lat' dir='ltr'>ex</span> <span class='ocrx_word' id='word_1_265' title='bbox 1184 3140 1283 3205; x_wconf 84' lang='lat' dir='ltr'>illa</span> <span class='ocrx_word' id='word_1_266' title='bbox 1312 3152 1589 3209; x_wconf 88' lang='lat' dir='ltr'>emanant</span> <span class='ocrx_word' id='word_1_267' title='bbox 1617 3140 1902 3204; x_wconf 77' lang='lat' dir='ltr'>fibrae-ex</span> <span class='ocrx_word' id='word_1_268' title='bbox 1942 3140 2153 3228; x_wconf 85' lang='lat' dir='ltr'>quibus</span> <span class='ocrx_word' id='word_1_269' title='bbox 2192 3150 2384 3204; x_wconf 82' lang='lat' dir='ltr'>totum</span> <span class='ocrx_word' id='word_1_270' title='bbox 2411 3139 2539 3204; x_wconf 77' lang='lat' dir='ltr'>cor-</span> 
     </span>
     <span class='ocr_line' id='line_1_29' title="bbox 451 3241 2542 3330; baseline -0.004 -22"><span class='ocrx_word' id='word_1_271' title='bbox 451 3265 568 3330; x_wconf 73' lang='lat' dir='ltr'>pus</span> <span class='ocrx_word' id='word_1_272' title='bbox 613 3250 949 3309; x_wconf 85' lang='lat' dir='ltr'>contextum</span> <span class='ocrx_word' id='word_1_273' title='bbox 993 3254 1107 3309; x_wconf 86' lang='lat' dir='ltr'>est:</span> <span class='ocrx_word' id='word_1_274' title='bbox 1158 3241 1375 3306; x_wconf 76' lang='lat' dir='ltr'>calculi</span> <span class='ocrx_word' id='word_1_275' title='bbox 1413 3264 1517 3329; x_wconf 88' lang='lat' dir='ltr'>pro</span> <span class='ocrx_word' id='word_1_276' title='bbox 1545 3241 1886 3307; x_wconf 80' lang='lat' dir='ltr'>Substantia</span> <span class='ocrx_word' id='word_1_277' title='bbox 1916 3242 2223 3306; x_wconf 82' lang='lat' dir='ltr'>medullari</span> <span class='ocrx_word' id='word_1_278' title='bbox 2253 3244 2542 3327; x_wconf 83' lang='lat' dir='ltr'>utriusque</span> 
     </span>
     <span class='ocr_line' id='line_1_30' title="bbox 460 3341 2540 3430; baseline -0.003 -22"><span class='ocrx_word' id='word_1_279' title='bbox 460 3344 702 3408; x_wconf 70' lang='lat' dir='ltr'>Cerebri</span> <span class='ocrx_word' id='word_1_280' title='bbox 750 3343 1019 3421; x_wconf 71' lang='lat' dir='ltr'>fuerunt,</span> <span class='ocrx_word' id='word_1_281' title='bbox 1068 3342 1227 3430; x_wconf 87' lang='lat' dir='ltr'>quod</span> <span class='ocrx_word' id='word_1_282' title='bbox 1272 3343 1368 3406; x_wconf 80' lang='lat' dir='ltr'>illa</span> <span class='ocrx_word' id='word_1_283' title='bbox 1417 3343 1490 3406; x_wconf 84' lang='lat' dir='ltr'>sit</span> <span class='ocrx_word' id='word_1_284' title='bbox 1535 3341 1802 3408; x_wconf 86' lang='lat' dir='ltr'>collectio</span> <span class='ocrx_word' id='word_1_285' title='bbox 1849 3352 1906 3405; x_wconf 78' lang='lat' dir='ltr'>et</span> <span class='ocrx_word' id='word_1_286' title='bbox 1948 3344 2255 3427; x_wconf 75' lang='lat' dir='ltr'>congeries</span> <span class='ocrx_word' id='word_1_287' title='bbox 2296 3342 2540 3406; x_wconf 84' lang='lat' dir='ltr'>omnium</span> 
     </span>
     <span class='ocr_line' id='line_1_31' title="bbox 458 3436 2542 3529; baseline -0.002 -21"><span class='ocrx_word' id='word_1_288' title='bbox 458 3438 774 3523; x_wconf 65' lang='lat' dir='ltr'>fibrarum,</span> <span class='ocrx_word' id='word_1_289' title='bbox 842 3467 995 3529; x_wconf 84' lang='lat' dir='ltr'>quae</span> <span class='ocrx_word' id='word_1_290' title='bbox 1038 3454 1173 3510; x_wconf 88' lang='lat' dir='ltr'>sunt</span> <span class='ocrx_word' id='word_1_291' title='bbox 1210 3436 1580 3508; x_wconf 69' lang='lat' dir='ltr'>initiamema</span> <span class='ocrx_word' id='word_1_292' title='bbox 1617 3444 1817 3507; x_wconf 71' lang='lat' dir='ltr'>totius:</span> <span class='ocrx_word' id='word_1_293' title='bbox 1846 3441 2130 3508; x_wconf 85' lang='lat' dir='ltr'>hominis:</span> <span class='ocrx_word' id='word_1_294' title='bbox 2199 3443 2407 3508; x_wconf 87' lang='lat' dir='ltr'>calculi</span> <span class='ocrx_word' id='word_1_295' title='bbox 2449 3460 2542 3529; x_wconf 84' lang='lat' dir='ltr'>pro</span> 
     </span>
     <span class='ocr_line' id='line_1_32' title="bbox 459 3539 2543 3634; baseline -0.001 -24"><span class='ocrx_word' id='word_1_296' title='bbox 459 3543 786 3611; x_wconf 72' lang='lat' dir='ltr'>substantia</span> <span class='ocrx_word' id='word_1_297' title='bbox 817 3546 1078 3633; x_wconf 85' lang='lat' dir='ltr'>corticali</span> <span class='ocrx_word' id='word_1_298' title='bbox 1107 3546 1392 3618; x_wconf 66' lang='lat' dir='ltr'>suerunt,¹</span> <span class='ocrx_word' id='word_1_299' title='bbox 1432 3543 1590 3632; x_wconf 87' lang='lat' dir='ltr'>quod</span> <span class='ocrx_word' id='word_1_300' title='bbox 1627 3544 1710 3608; x_wconf 89' lang='lat' dir='ltr'>ibi</span> <span class='ocrx_word' id='word_1_301' title='bbox 1750 3545 1864 3607; x_wconf 81' lang='lat' dir='ltr'>sint</span> <span class='ocrx_word' id='word_1_302' title='bbox 1897 3543 2042 3634; x_wconf 83' lang='lat' dir='ltr'>fines</span> <span class='ocrx_word' id='word_1_303' title='bbox 2067 3542 2237 3631; x_wconf 84' lang='lat' dir='ltr'>primi</span> <span class='ocrx_word' id='word_1_304' title='bbox 2267 3554 2324 3607; x_wconf 89' lang='lat' dir='ltr'>et</span> <span class='ocrx_word' id='word_1_305' title='bbox 2354 3539 2543 3615; x_wconf 73' lang='lat' dir='ltr'>ultimi,</span> 
     </span>
     <span class='ocr_line' id='line_1_33' title="bbox 460 3644 2541 3736; baseline -0.002 -26"><span class='ocrx_word' id='word_1_306' title='bbox 460 3655 520 3710; x_wconf 89' lang='lat' dir='ltr'>et</span> <span class='ocrx_word' id='word_1_307' title='bbox 544 3645 679 3709; x_wconf 82' lang='lat' dir='ltr'>inde</span> <span class='ocrx_word' id='word_1_308' title='bbox 707 3645 988 3736; x_wconf 86' lang='lat' dir='ltr'>principia</span> <span class='ocrx_word' id='word_1_309' title='bbox 1020 3647 1280 3714; x_wconf 86' lang='lat' dir='ltr'>omnium</span> <span class='ocrx_word' id='word_1_310' title='bbox 1300 3645 1627 3722; x_wconf 81' lang='lat' dir='ltr'>fibrarum,</span> <span class='ocrx_word' id='word_1_311' title='bbox 1671 3644 1837 3711; x_wconf 79' lang='lat' dir='ltr'>etsie</span> <span class='ocrx_word' id='word_1_312' title='bbox 1865 3667 2141 3719; x_wconf 76' lang='lat' dir='ltr'>sensuum</span> <span class='ocrx_word' id='word_1_313' title='bbox 2170 3655 2229 3709; x_wconf 86' lang='lat' dir='ltr'>et</span> <span class='ocrx_word' id='word_1_314' title='bbox 2256 3655 2541 3709; x_wconf 76' lang='lat' dir='ltr'>motuumz</span> 
     </span>
     <span class='ocr_line' id='line_1_34' title="bbox 446 3744 2543 3833; baseline -0.002 -24"><span class='ocrx_word' id='word_1_315' title='bbox 446 3746 673 3810; x_wconf 76' lang='lat' dir='ltr'>calculi</span> <span class='ocrx_word' id='word_1_316' title='bbox 705 3769 810 3833; x_wconf 86' lang='lat' dir='ltr'>pro</span> <span class='ocrx_word' id='word_1_317' title='bbox 839 3748 985 3814; x_wconf 87' lang='lat' dir='ltr'>dura</span> <span class='ocrx_word' id='word_1_318' title='bbox 1014 3751 1210 3816; x_wconf 84' lang='lat' dir='ltr'>Matre</span> <span class='ocrx_word' id='word_1_319' title='bbox 1239 3747 1511 3822; x_wconf 81' lang='lat' dir='ltr'>fuerunt,</span> <span class='ocrx_word' id='word_1_320' title='bbox 1550 3746 1710 3833; x_wconf 85' lang='lat' dir='ltr'>quod</span> <span class='ocrx_word' id='word_1_321' title='bbox 1738 3744 1835 3809; x_wconf 89' lang='lat' dir='ltr'>illa</span> <span class='ocrx_word' id='word_1_322' title='bbox 1863 3748 1936 3810; x_wconf 86' lang='lat' dir='ltr'>sit</span> <span class='ocrx_word' id='word_1_323' title='bbox 1965 3756 2543 3833; x_wconf 61' lang='lat' dir='ltr'>tegumentumaeom-</span> 
     </span>
     <span class='ocr_line' id='line_1_35' title="bbox 461 3847 2543 3937; baseline -0.003 -26"><span class='ocrx_word' id='word_1_324' title='bbox 461 3869 637 3911; x_wconf 89' lang='lat' dir='ltr'>mune</span> <span class='ocrx_word' id='word_1_325' title='bbox 667 3849 970 3937; x_wconf 86' lang='lat' dir='ltr'>utriusque</span> <span class='ocrx_word' id='word_1_326' title='bbox 999 3850 1281 3925; x_wconf 84' lang='lat' dir='ltr'>Cerebri,</span> <span class='ocrx_word' id='word_1_327' title='bbox 1333 3859 1391 3911; x_wconf 89' lang='lat' dir='ltr'>et</span> <span class='ocrx_word' id='word_1_328' title='bbox 1434 3848 1569 3911; x_wconf 80' lang='lat' dir='ltr'>inde</span> <span class='ocrx_word' id='word_1_329' title='bbox 1602 3867 1706 3934; x_wconf 88' lang='lat' dir='ltr'>per</span> <span class='ocrx_word' id='word_1_330' title='bbox 1735 3847 2031 3933; x_wconf 83' lang='lat' dir='ltr'>quoddam</span> <span class='ocrx_word' id='word_1_331' title='bbox 2077 3849 2419 3912; x_wconf 76' lang='lat' dir='ltr'>continuum</span> <span class='ocrx_word' id='word_1_332' title='bbox 2459 3861 2543 3908; x_wconf 85' lang='lat' dir='ltr'>ex·</span> 
     </span>
    </p>
   </div>
   <div class='ocr_carea' id='block_1_3' title="bbox 458 3938 2592 4045">
    <p class='ocr_par' dir='ltr' id='par_1_3' title="bbox 458 3938 2592 4045">
     <span class='ocr_line' id='line_1_36' title="bbox 458 3938 2592 4045; baseline -0.003 -33"><span class='ocrx_word' id='word_1_333' title='bbox 458 3948 662 4012; x_wconf 80' lang='lat' dir='ltr'>tendat</span> <span class='ocrx_word' id='word_1_334' title='bbox 689 3970 751 4013; x_wconf 85' lang='lat' dir='ltr'>se</span> <span class='ocrx_word' id='word_1_335' title='bbox 777 3972 953 4040; x_wconf 83' lang='lat' dir='ltr'>super</span> <span class='ocrx_word' id='word_1_336' title='bbox 979 3975 1084 4017; x_wconf 88' lang='lat' dir='ltr'>cor</span> <span class='ocrx_word' id='word_1_337' title='bbox 1125 3960 1188 4045; x_wconf 69' lang='lat' dir='ltr'>et</span> <span class='ocrx_word' id='word_1_338' title='bbox 1223 3969 1401 4039; x_wconf 83' lang='lat' dir='ltr'>super</span> <span class='ocrx_word' id='word_1_339' title='bbox 1443 3951 1669 4014; x_wconf 81' lang='lat' dir='ltr'>viscera</span> <span class='ocrx_word' id='word_1_340' title='bbox 1700 3950 1991 4035; x_wconf 83' lang='lat' dir='ltr'>corporis.</span> <span class='ocrx_word' id='word_1_341' title='bbox 2071 3948 2249 4028; x_wconf 86' lang='lat' dir='ltr'>Quod</span> <span class='ocrx_word' id='word_1_342' title='bbox 2290 3947 2381 4013; x_wconf 88' lang='lat' dir='ltr'>me</span> <span class='ocrx_word' id='word_1_343' title='bbox 2421 3944 2540 4010; x_wconf 57' lang='lat' dir='ltr'>attia</span> <span class='ocrx_word' id='word_1_344' title='bbox 2586 3938 2592 3951; x_wconf 65' lang='lat'>⁸</span> 
     </span>
    </p>
   </div>
   <div class='ocr_carea' id='block_1_4' title="bbox 446 4051 2539 4347">
    <p class='ocr_par' dir='ltr' id='par_1_4' title="bbox 446 4051 2539 4347">
     <span class='ocr_line' id='line_1_37' title="bbox 459 4051 2537 4143; baseline -0.001 -31"><span class='ocrx_word' id='word_1_345' title='bbox 459 4058 590 4143; x_wconf 76' lang='lat' dir='ltr'>net,</span> <span class='ocrx_word' id='word_1_346' title='bbox 645 4072 766 4116; x_wconf 87' lang='lat' dir='ltr'>non</span> <span class='ocrx_word' id='word_1_347' title='bbox 794 4053 1053 4120; x_wconf 83' lang='lat' dir='ltr'>arbitror</span> <span class='ocrx_word' id='word_1_348' title='bbox 1081 4053 1209 4142; x_wconf 87' lang='lat' dir='ltr'>plus</span> <span class='ocrx_word' id='word_1_349' title='bbox 1244 4052 1321 4115; x_wconf 82' lang='lat' dir='ltr'>de</span> <span class='ocrx_word' id='word_1_350' title='bbox 1363 4072 1483 4115; x_wconf 90' lang='lat' dir='ltr'>uno</span> <span class='ocrx_word' id='word_1_351' title='bbox 1522 4072 1697 4138; x_wconf 81' lang='lat' dir='ltr'>quam</span> <span class='ocrx_word' id='word_1_352' title='bbox 1740 4051 1813 4114; x_wconf 81' lang='lat' dir='ltr'>de</span> <span class='ocrx_word' id='word_1_353' title='bbox 1854 4051 2074 4127; x_wconf 75' lang='lat' dir='ltr'>altero,</span> <span class='ocrx_word' id='word_1_354' title='bbox 2127 4073 2267 4125; x_wconf 86' lang='lat' dir='ltr'>vos,</span> <span class='ocrx_word' id='word_1_355' title='bbox 2317 4066 2537 4137; x_wconf 85' lang='lat' dir='ltr'>quaeso,</span> 
     </span>
     <span class='ocr_line' id='line_1_38' title="bbox 459 4148 2539 4243; baseline -0.003 -26"><span class='ocrx_word' id='word_1_356' title='bbox 459 4150 824 4231; x_wconf 79' lang='lat' dir='ltr'>arbitramini</span> <span class='ocrx_word' id='word_1_357' title='bbox 851 4167 907 4221; x_wconf 87' lang='lat' dir='ltr'>et</span> <span class='ocrx_word' id='word_1_358' title='bbox 938 4155 1132 4243; x_wconf 79' lang='lat' dir='ltr'>eligite</span> <span class='ocrx_word' id='word_1_359' title='bbox 1162 4151 1301 4240; x_wconf 90' lang='lat' dir='ltr'>quid</span> <span class='ocrx_word' id='word_1_360' title='bbox 1333 4151 1541 4238; x_wconf 69' lang='lat' dir='ltr'>potiusz</span> <span class='ocrx_word' id='word_1_361' title='bbox 1597 4152 1709 4216; x_wconf 82' lang='lat' dir='ltr'>His</span> <span class='ocrx_word' id='word_1_362' title='bbox 1737 4148 1907 4217; x_wconf 81' lang='lat' dir='ltr'>dictis</span> <span class='ocrx_word' id='word_1_363' title='bbox 1933 4173 1966 4213; x_wconf 86' lang='lat' dir='ltr'>e</span> <span class='ocrx_word' id='word_1_364' title='bbox 1994 4148 2290 4216; x_wconf 78' lang='lat' dir='ltr'>Cathedra</span> <span class='ocrx_word' id='word_1_365' title='bbox 2319 4151 2539 4216; x_wconf 83' lang='lat' dir='ltr'>descen·</span> 
     </span>
     <span class='ocr_line' id='line_1_39' title="bbox 446 4251 2537 4347; baseline -0.001 -33"><span class='ocrx_word' id='word_1_366' title='bbox 446 4251 572 4347; x_wconf 63' lang='lat' dir='ltr'>uit,</span> <span class='ocrx_word' id='word_1_367' title='bbox 623 4263 682 4318; x_wconf 81' lang='lat' dir='ltr'>et</span> <span class='ocrx_word' id='word_1_368' title='bbox 706 4256 948 4322; x_wconf 85' lang='lat' dir='ltr'>tradidit</span> <span class='ocrx_word' id='word_1_369' title='bbox 972 4256 1184 4323; x_wconf 86' lang='lat' dir='ltr'>Tertio</span> <span class='ocrx_word' id='word_1_370' title='bbox 1212 4252 1514 4328; x_wconf 79' lang='lat' dir='ltr'>tunicam,</span> <span class='ocrx_word' id='word_1_371' title='bbox 1564 4262 1794 4338; x_wconf 76' lang='lat' dir='ltr'>togam,</span> <span class='ocrx_word' id='word_1_372' title='bbox 1835 4263 1908 4316; x_wconf 77' lang='lat' dir='ltr'>et</span> <span class='ocrx_word' id='word_1_373' title='bbox 1937 4252 2151 4341; x_wconf 86' lang='lat' dir='ltr'>pileum</span> <span class='ocrx_word' id='word_1_374' title='bbox 2168 4292 2188 4330; x_wconf 74' lang='lat'>,-</span> <span class='ocrx_word' id='word_1_375' title='bbox 2240 4253 2341 4339; x_wconf 88' lang='lat' dir='ltr'>qui</span> <span class='ocrx_word' id='word_1_376' title='bbox 2383 4268 2537 4316; x_wconf 79' lang='lat' dir='ltr'>scan-</span> 
     </span>
    </p>
   </div>
   <div class='ocr_carea' id='block_1_5' title="bbox 2655 447 2671 546">
    <p class='ocr_par' dir='ltr' id='par_1_5' title="bbox 2655 447 2671 546">
     <span class='ocr_line' id='line_1_40' title="bbox 2655 447 2671 484; baseline 0 0"><span class='ocrx_word' id='word_1_377' title='bbox 2655 447 2671 484; x_wconf 65' lang='grc'>1</span> 
     </span>
     <span class='ocr_line' id='line_1_41' title="bbox 2661 505 2671 546; baseline 0 0"><span class='ocrx_word' id='word_1_378' title='bbox 2661 505 2671 546; x_wconf 71' lang='lat' dir='ltr'>l</span> 
     </span>
    </p>
   </div>
   <div class='ocr_carea' id='block_1_6' title="bbox 2667 783 2673 1673">
    <p class='ocr_par' dir='ltr' id='par_1_6' title="bbox 2667 783 2673 1673">
     <span class='ocr_line' id='line_1_42' title="bbox 2667 783 2673 1673; baseline 0 0"><span class='ocrx_word' id='word_1_379' title='bbox 2667 783 2673 1673; x_wconf 95' lang='lat' dir='ltr'> </span> 
     </span>
    </p>
   </div>
  </div>
 </body>
</html>
