2750 4775
458 362 523 413 X.
603 362 1204 417 REFORMATIO
1256 364 1362 416 ET
1417 363 2095 451 REfiENERATIO.
2218 376 2324 425 127

220 517 286 580 in
318 515 523 602 Capite
548 518 619 581 de
646 515 801 580 Fide*
821 515 1041 579 dictum
1070 525 1196 590 est,
1228 532 1320 579 »ex
1356 514 1597 601 singulis
1637 518 1790 582 veris
1828 516 1961 582 fidei
2002 519 2179 583 effluit
2223 519 2324 583 lux

218 640 380 706 quae
424 618 707 692 illustrat,
759 626 816 679 et
857 636 927 679 ex
968 616 1208 702 singulis
1254 615 1426 680 bonis
1465 616 1765 683 charitatis
1806 619 1982 683 effluit
2021 621 2183 684 calor
2221 620 2322 706 qui

218 705 526 793 accendit;
583 729 704 784 tum
743 717 898 804 quod
939 718 1067 781 Lux
1105 717 1423 804 spiritualis
1455 717 1519 781 -in
1556 739 1670 795 sua
1701 721 1946 784 essentia
1989 722 2061 786 sit
2101 720 2323 786 Intelli-

217 823 456 908 gentia‚
512 830 570 884 et
595 820 774 885 Calor
799 818 1113 904 spiritualis
1140 820 1199 881 in
1243 840 1348 883 sua
1390 820 1635 884 essentia
1679 821 1751 884 sit
1791 817 2005 896 Amor,
2060 832 2115 886 et
2161 823 2317 908 quod

214 921 398 988 Solus
424 922 713 986 Dominus
730 910 1059 1007 ,conjungat
1086 919 1183 983 illa
1211 921 1328 985 duo
1357 918 1514 1007 apud
1542 919 1871 997 hominem,
1912 940 2044 985 cum
2076 942 2318 1008 regene-

216 1033 320 1091 rat
347 1024 541 1095 illum;
595 1022 735 1086 dixit
762 1022 916 1087 enim
951 1022 1255 1097 DominuS,
1301 1021 1514 1088 Verba
1540 1044 1695 1112 quae
1719 1021 1856 1111 Ego
1885 1019 2118 1112 loquor,
2145 1026 2321 1116 spiti-

219 1141 329 1192 ιω·
352 1138 411 1190 et
433 1128 567 1190 vita
592 1137 762 1198 sunt,
803 1122 940 1187 Joh.
973 1121 1086 1188 Vl:
1131 1126 1230 1186 63.
1291 1122 1523 1188 Credite
1549 1126 1613 1187 in
1637 1123 1890 1197 Lucem,
1929 1137 1993 1189 ut
1997 1121 2144 1213 filii
2170 1121 2324 1188 lucis

217 1229 397 1301 sitis,
447 1225 588 1317 Ego
611 1226 756 1290 Lux
785 1227 846 1287 in
878 1222 1183 1289 Mundum
1213 1228 1392 1301 veni,
1448 1223 1586 1289 Jolr
1623 1223 1776 1287 XII:
1821 1227 1923 1288 36.
1969 1218 2127 1317 [46]
2196 1223 2323 1289 Do-

215 1330 422 1393 minus
451 1336 539 1392 est
563 1327 669 1392 Sol
691 1326 752 1388 in
781 1322 1007 1390 Mundo
1034 1326 1354 1410 spirituali,
1403 1326 1544 1390 inde
1575 1326 1765 1389 omnis
1792 1324 1890 1389 lux
1918 1334 1978 1389 et
2015 1325 2177 1391 calor
2203 1326 2324 1413 spi·

218 1429 456 1494 ritualis
482 1439 597 1500 est,
643 1449 715 1492 ac
755 1427 854 1489 lux
892 1427 989 1491 illa
1032 1425 1310 1502 illustrat,
1367 1437 1426 1490 et
1453 1427 1615 1490 calor
1642 1425 1737 1489 ille
1768 1426 2067 1502 accendit,
2117 1436 2177 1491 et
2217 1449 2321 1516 per

219 1530 704 1616 coniunctionem
736 1528 1035 1613 utriusque
1064 1526 1359 1595 hominem
1394 1526 1650 1593 vivificat
1675 1537 1737 1590 et
1765 1537 2093 1613 regenerat.

387 1635 529 1694 619.
588 1630 676 1694 Ex
706 1627 794 1693 his
827 1637 1100 1693 constare
1143 1638 1364 1717 potest,
1420 1629 1580 1717 quod
1628 1628 1849 1715 absque
1894 1630 2049 1694 veris
2088 1650 2205 1693 non
2249 1630 2325 1695 sit

222 1730 491 1819 cognitio
520 1731 780 1806 Domini,
821 1741 943 1793 tum
973 1730 1132 1817 quod
1163 1731 1392 1816 absque
1426 1730 1585 1796 veris
1624 1751 1741 1793 non
1782 1729 1853 1793 sit
1885 1730 2088 1807 Fides,
2142 1740 2202 1794 et
2238 1730 2324 1795 sic

224 1857 354 1898 non
385 1832 689 1907 Charitas,
743 1840 1170 1916 consequenter
1197 1831 1356 1918 quod
1386 1832 1607 1916 absque
1648 1830 1806 1895 veris
1844 1850 1963 1893 non
2010 1830 2083 1896 sit
2125 1832 2322 1920 aliqua

225 1934 600 2021 Theologia,
655 1943 712 1996 et
761 1933 859 1995 ubi
904 1932 1051 1996 haec
1090 1954 1206 1996 non
1248 1941 1373 2006 est,
1422 1953 1529 1996 nec
1574 1941 1662 1996 est
1707 1930 1997 2004 Ecclesia;
2066 1932 2198 1997 talis
2237 1942 2325 1998 est

225 2038 451 2102 Caelus
495 2033 843 2121 populorum
872 2031 1080 2108 hodie,
1135 2033 1234 2119 qui
1261 2054 1323 2097 se
1352 2034 1569 2096 'vocant
1597 2031 1992 2108 Christianos,
2038 2041 2103 2097 et
2140 2034 2203 2100 se
2242 2033 2329 2098 di-

228 2149 375 2203 cunt
406 2138 463 2200 in
494 2137 625 2199 luce
657 2133 962 2218 Evangelii
992 2155 1150 2208 esse,
1202 2155 1334 2205 cum
1380 2144 1578 2199 tamen
1619 2132 1675 2196 in
1707 2134 1832 2219 ipsa
1871 2133 2118 2220 caligine
2157 2143 2324 2208 sunt;

226 2261 376 2306 vera
420 2239 576 2299 enim
618 2237 727 2299 sub
773 2234 930 2298 falsis
974 2234 1052 2296 ita
1098 2234 1440 2299 abscondita
1493 2235 1709 2310 latent,
1763 2243 2044 2321 tanquam
2091 2257 2324 2313 aurum,

230 2349 549 2422 argentum
567 2384 582 2412 ,
635 2344 693 2398 et
736 2335 958 2423 lapides
986 2335 1222 2423 pretiosi
1247 2336 1474 2422 sepulta
1500 2335 1655 2400 inter
1681 2356 1811 2401 ossa
1837 2334 1897 2399 in
1927 2334 2083 2420 valle
2109 2337 2324 2404 hiuno-

233 2439 351 2501 mi:
405 2438 564 2525 quod
590 2437 670 2500 ita
688 2438 803 2512 sit,
859 2439 1042 2524 patuit
1072 2436 1211 2500 mihi
1243 2439 1399 2501 clare
1427 2458 1461 2501 a
1490 2431 1771 2522 Sphaeris
1801 2438 1861 2500 in
1889 2438 2117 2504 Mundo
2155 2439 2323 2527 spir-i-

236 2539 383 2604 tuali
403 2591 416 2614 ‚
466 2560 714 2625 quaeex
741 2536 1029 2603 hodierno
1057 2537 1502 2604 Christianismo
1531 2541 1772 2603 effluunt
1797 2546 1856 2602 et
1882 2560 1944 2603 se
1972 2550 2321 2628 propagant.

235 2642 374 2706 Una
413 2640 674 2727 Sphaera
717 2648 805 2704 est
840 2638 912 2704 de
940 2639 1230 2713 Domino,
1282 2638 1429 2703 haec
1465 2660 1502 2704 e
1538 2641 1723 2727 Plaga
1769 2639 2170 2717 meridionali,
2223 2643 2324 2706 ubi

228 2752 368 2809 sunt
396 2741 554 2805 docti
578 2764 613 2803 e
642 2739 854 2815 Clem,
904 2750 963 2804 et
988 2741 1201 2805 eruditi
1229 2763 1262 2806 e
1288 2740 1511 2817 Laicis,
1565 2741 1820 2828 exspirat
1860 2751 1919 2805 et
1957 2763 2020 2806 se
2047 2740 2324 2816 effundit3

226 2843 382 2909 haec
408 2842 744 2928 ubicunque
770 2841 967 2917 vadit,
1020 2844 1315 2907 subintrat
1339 2842 1531 2917 ideas,
1585 2851 1644 2908 et
1683 2842 1856 2910 fidem
1897 2842 1970 2905 de
1999 2842 2326 2909 Divinitate

226 2941 493 3009 Humani
550 2943 791 3007 Domini
846 2944 1000 3032 apud
1055 2944 1250 3032 plures
1303 2943 1533 3019 aufert,
1584 2943 1740 3030 apud
1798 2942 1991 3030 plures
2045 2943 2322 3020 infirmat,

225 3056 289 3109 et
342 3045 498 3132 apud
548 3045 741 3131 plures
791 3044 1074 3119 infatuat,
1146 3065 1321 3108 causa
1367 3054 1485 3119 est,
1541 3044 1675 3130 quia
1717 3043 1889 3110 simul
1929 3041 2106 3109 infert
2150 3044 2321 3108 fidem

227 3147 408 3211 trium
440 3146 734 3219 Deorum,
792 3147 957 3216 etsie
987 3144 1384 3210 confunditur.
1465 3144 1667 3210 Altera
1696 3144 1993 3232 Sphaera,
2047 3167 2200 3232 quae
2239 3144 2327 3211 af-

226 3248 348 3314 fert
379 3245 587 3317 lidem.
637 3254 725 3310 est
752 3247 897 3309 sicut
926 3256 1054 3310 atra
1089 3248 1276 3310 nubes
1306 3257 1569 3334 tempore
1599 3245 1854 3335 hyemis,
1909 3267 2061 3332 quae
2104 3246 2328 3314 inducit

224 3349 542 3423 tenebras,
595 3346 771 3412 vertit
801 3348 1025 3433 pluvias
1052 3347 1109 3409 in
1138 3348 1333 3421 nives,
1389 3346 1644 3416 denudat
1687 3348 1961 3421 arbores,
2014 3354 2074 3409 et
2111 3365 2327 3433 conge-

225 3451 317 3517 lat
346 3470 566 3537 aquas,
619 3458 675 3511 et
700 3470 875 3511 omne
906 3437 1180 3538 pascuum
1212 3449 1424 3517 ovibus
1450 3448 1673 3521 aufem
1727 3447 1875 3514 baec
1899 3445 2151 3533 sphaera
2184 3469 2327 3513 cen-

223 3554 432 3640 juncta
465 3549 642 3636 priori
672 3548 926 3616 insinuat
953 3552 1101 3614 sicut
1138 3548 1591 3636 lethargiamde
1621 3550 1748 3613 Deo
1777 3571 1895 3613 uno
1914 3596 1929 3623 ,
1986 3547 2178 3635 deque
2208 3550 2328 3615 Re-

224 3652 651 3741 generatione‚
706 3662 763 3713 et
792 3652 864 3717 de
889 3647 1232 3716 salutiferis.
1313 3650 1519 3716 Tertia
1547 3649 1800 3736 sphaera
1834 3659 1922 3716 est
1962 3650 2327 3735 conjunctio-e

224 3753 325 3819 nis
361 3750 494 3816 fidei
532 3762 601 3817 et·
628 3748 961 3827 charitatis,
1010 3773 1165 3838 quae
1198 3760 1319 3815 tam
1358 3750 1554 3815 valida
1603 3760 1720 3826 est,
1773 3760 1836 3815 ut
1878 3752 1932 3813 ei
1976 3773 2096 3816 non
2136 3753 2325 3820 resisti

227 3855 416 3944 possit
434 3901 449 3928 ,
500 3854 602 3926 sed
632 3852 805 3918 bodie
830 3854 1083 3924 nefanda
1111 3864 1231 3930 est,
1274 3862 1331 3917 et
1355 3853 1505 3917 sicut
1526 3854 1710 3940 pestis
1729 3873 2150 3941 quemcunque
2176 3854 2332 3941 aspi·

226 3965 365 4032 rat,
416 3952 632 4030 inficit,
685 3964 744 4018 et
786 3955 1011 4019 divellit
1057 3976 1234 4019 omne
1277 3954 1573 4020 vinculum
1615 3955 1784 4019 inter.
1813 3952 1950 4020 bina
1995 3951 2096 4022 illa
2124 3954 2331 4022 salutis

226 4058 425 4126 media
455 4077 487 4121 a
518 4050 816 4122 creatione
842 4055 1052 4122 Mundi
1094 4054 1500 4130 constabilita,
1552 4065 1611 4120 et
1640 4077 1673 4119 a
1704 4054 1963 4121 Domino
2003 4055 2330 4146 integi-atu

228 4159 379 4224 baec
404 4158 653 4243 sphaera
683 4158 906 4223 invadit
933 4158 1109 4221 etiam
1151 4157 1418 4226 homines
1443 4155 1512 4219 in'
1529 4156 1759 4221 Mundo
1787 4154 2079 4232 naturali,
2133 4164 2192 4219 et
2230 4173 2331 4219 ex·

229 4260 474 4349 stinguit
502 4258 707 4325 taedas
734 4257 1091 4346 coniugiales
1116 4258 1272 4323 inter
1302 4277 1441 4321 vera
1473 4265 1532 4321 et
1573 4256 1765 4330 bona;
1819 4249 1976 4319 hanc
2014 4252 2327 4347 sphaeram
