2750 4775
50 3218 57 3241 2-
49 3030 60 3171 -wnssss-
49 2924 59 2968 -ς
50 2824 59 2865 ς..-
49 2706 59 2765 -ι-
50 2654 54 2673 Α

803 398 954 451 x111.
1035 398 1386 453 SANGTA
1431 397 1746 455 coENA.
1822 417 1827 424 ·
2217 393 2326 463 ias

237 553 467 619 elevare
486 553 947 639 cogitationem,
994 562 1273 622 maneant
1309 551 1368 614 iu
1405 551 1540 629 illo,
1589 553 1689 617 sed
1734 557 1852 617 no‘n
1895 553 2096 632 aliter,
2148 579 2328 644 quam

236 655 390 742 quod
420 655 881 730 sanctissimum,
933 653 1094 740 quod
1125 652 1567 739 conjunctivum
1614 665 1701 719 est
1741 676 1872 719 cum
1913 647 2206 734 Domino,
2257 659 2334 724 sit

236 757 389 843 quod
414 756 761 822 attribuitur
785 765 847 819 et
869 753 1535 846 appropriaturhomiui
1570 753 1722 819 sicut
1761 755 1917 843 ejus,
1968 759 2200 823 tametsi
2238 747 2328 846 jn·

235 859 381 945 giler
407 866 608 922 manet
634 857 892 922 Domini.
2185 889 2192 898 τ

233 1077 417 1167 Quod
466 1082 693 1151 Sancta
755 1085 960 1152 Caena
1015 1086 1095 1150 sit
1145 1083 1306 1161 illis,
1376 1088 1481 1176 qui
1535 1082 1717 1174 digne
1775 1085 2099 1165 accedunt,
2165 1091 2321 1153 sicut

549 1186 889 1277 obsignatio
929 1200 985 1251 et
1029 1184 1296 1279 sigillum
1339 1185 1509 1279 quod
1525 1184 1671 1277 filii
1711 1184 1831 1250 Dei
1870 1191 2005 1253 sint.

378 1367 529 1428 ⁵228.
607 1363 784 1445 Quod
826 1363 1044 1430 Sancta
1084 1362 1303 1428 Caena·
1331 1363 1410 1428 sit
1447 1362 1597 1440 illis,
1647 1364 1746 1450 qui
1790 1364 1966 1451 digne
2017 1366 2324 1444 accedunt,

206 1465 374 1531 ‘sicut
426 1465 759 1551 obsignatio
803 1474 861 1528 et
900 1465 1152 1550 sigillum
1196 1464 1356 1550 quod
1403 1463 1505 1528 filii
1548 1464 1661 1529 Dei
1703 1465 1852 1540 sint,
1903 1475 2026 1541 est,
2076 1467 2214 1554 quia
2261 1478 2326 1534 ut

226 1587 402 1655 supra
449 1566 668 1630 dietum
714 1577 834 1642 est,
885 1576 1027 1630 tunc
1065 1564 1356 1630 Dominus
1402 1587 1677 1653 praesens
1711 1576 1833 1641 est,
1884 1566 2221 1633 intromittit
2263 1569 2327 1633 in

228 1667 470 1732 Caelum
500 1668 660 1743 illos,
711 1667 813 1754 qui
843 1667 920 1731 ab
946 1667 1085 1754 Ipso
1110 1667 1232 1732 nati
1263 1676 1417 1746 sunt,
1464 1666 1579 1730 hoc
1602 1676 1709 1744 est,
1752 1669 2114 1754 regenerati:
2164 1670 2325 1757 quod

158 1847 162 1852 ἢ
225 1768 442 1833 Sancta
470 1768 671 1834 Caena
697 1768 810 1832 hoc
837 1767 1043 1844 faciat,
1094 1778 1183 1832 est
1221 1768 1359 1855 quia
1393 1767 1684 1833 Dominus
1719 1778 1863 1832 tunc
1903 1768 2079 1834 etiam
2124 1770 2325 1856 quoad

229 1870 568 1934 Humanum
620 1874 791 1935 suuni
847 1868 1043 1946 adest,
1120 1887 1256 1934 nam
1301 1890 1478 1955 supra
1523 1878 1819 1934 ostensum
1864 1878 1987 1948 est,
2056 1871 2215 1957 quod
2261 1872 2325 1937 in

225 1970 441 2038 Sancta
480 1971 674 2036 Caena
717 1981 873 2035 totus
915 1971 1202 2036 Dominus
1245 1990 1519 2058 praesens
1556 1974 1661 2046 sit,
1707 1980 1772 2035 et
1813 1979 1937 2035 tota
1978 1971 2167 2059 Ipsius
2204 1975 2326 2039 Re-

216 2072 515 2160 demptio,
580 2072 718 2137 dicit
762 2072 917 2135 enim
962 2072 1034 2136 de
1079 2071 1274 2146 Pane,
1337 2070 1434 2132 hic
1472 2080 1557 2135 θεῖ
1597 2071 1826 2158 Corpus
1864 2093 2094 2149 meum,
2146 2083 2205 2137 et
2249 2074 2322 2138 de

222 2167 415 2250 Vino,
466 2172 580 2237 hoc
622 2184 709 2238 θεῖ
750 2173 1004 2258 Sanguis
1050 2194 1243 2244 meus;
1312 2171 1559 2259 proinde
1606 2173 1864 2237 admittit
1905 2172 2035 2239 illos
2080 2183 2218 2239 tunc
2260 2177 2321 2239 in

221 2295 393 2337 suum
439 2274 697 2361 CorpuS,
766 2282 826 2338 et
870 2273 1132 2338 Ecclesia
1178 2281 1241 2338 et
1280 2270 1524 2336 Caelum
1572 2270 1797 2338 faciunt
1844 2274 2073 2363 Corpus
2116 2275 2319 2362 Ipsius

225 2369 483 2457 Quando
509 2375 689 2441 homo
732 2383 1150 2462 regeneratur,
1195 2372 1431 2460 quidem
1462 2373 1751 2441 Dominus
1789 2384 2064 2463 praesens
2102 2389 2221 2455 est,
2261 2389 2323 2444 θῖ

230 2498 337 2560 per
367 2476 639 2540 Divinam
664 2496 829 2542 suam
857 2477 1260 2564 operationem
1289 2486 1604 2562 praeparat
1627 2476 1922 2542 hominem
1955 2478 2030 2543 ad
2058 2458 2321 2557 Caelum,

235 2595 443 2638 verum
468 2585 532 2639 ut
571 2578 876 2653 actualiter
910 2578 1119 2654 intret,
1170 2575 1360 2639 homo
1389 2578 1698 2642 actualiter
1735 2576 1797 2641 εὲ
1838 2580 1998 2643 εἰεῖθῖ
2041 2581 2321 2660 Domino,

222 2686 294 2739 θῖ
333 2678 470 2763 quia
515 2677 798 2744 Dominus
838 2677 1149 2744 actualiter
1189 2694 1251 2742 se
1293 2677 1443 2742 sistit
1486 2676 1740 2754 homini,
1785 2678 1973 2745 homo
2005 2683 2320 2748 actualiter

224 2779 471 2869 recipiet
498 2778 722 2865 Ipsum,
775 2790 866 2845 ast
907 2798 1027 2843 non
1055 2779 1207 2845 sicut
1243 2779 1566 2894 pependit
1550 2802 1610 2844 ιιι
1651 2801 1858 2858 cruce,
1909 2781 2013 2847 sed
2048 2784 2197 2847 sicut
2233 2794 2322 2849 est

227 2881 287 2942 in
338 2902 446 2945 sno
496 2881 778 2947 Humano
820 2879 1178 2967 glorificato,
1240 2880 1304 2944 in
1347 2879 1485 2960 Quo
1532 2893 1619 2946 θεῖ
1667 2902 1971 2970 praesens,
2026 2893 2086 2947 et
2121 2883 2321 2969 Hujus

224 2981 454 3069 Corpus
493 2993 582 3048 est
606 2982 887 3048 Divinum
917 2979 1202 3058 Bonum,
1235 2990 1295 3046 et
1333 2981 1589 3068 Sanguis
1631 2991 1717 3048 est
1755 2982 2036 3047 Divinum
2077 2978 2320 3060 Verum,

228 3079 377 3146 haec
404 3082 621 3148 dantur
647 3081 903 3159 homini,
956 3092 1015 3169 et
1052 3102 1158 3168 per
1196 3083 1345 3147 baec
1384 3081 1563 3147 homo
1593 3092 2005 3170 regeneratur,
2058 3092 2232 3149 etest
2258 3083 2320 3147 in

223 3183 480 3254 Domino
510 3195 568 3248 et
594 3184 886 3249 Dominus
910 3183 970 3246 in
990 3180 1128 3257 illm
1169 3205 1337 3257 nam,
1370 3193 1637 3272 utsupra
1665 3192 1959 3250 ostensum
1988 3193 2106 3262 est,
2138 3188 2346 3269 ‘man-⁴·

222 3282 460 3350 ducatio
478 3333 496 3362 ‚
549 3307 701 3372 quae
732 3284 1042 3350 exhibetur
1069 3285 1130 3348 in
1157 3282 1373 3348 Sancta
1401 3283 1635 3360 Caena,
1688 3295 1773 3350 est
1803 3284 2175 3350 manducatio
2202 3286 2319 3373 spi-

219 3385 465 3451 ritualis.
566 3387 653 3451 Ex
693 3385 783 3451 his
822 3387 934 3451 rite
975 3386 1292 3472 perceptis,
1348 3394 1608 3461 constat,
1663 3386 1819 3472 quod
1862 3385 2080 3452 Sancta
2118 3386 2317 3452 Caena

218 3488 295 3552 sit
319 3488 474 3552 sicut
501 3488 830 3574 obsignatio
861 3497 920 3551 et
953 3486 1239 3573 sigillum,
1291 3486 1452 3574 quod
1492 3484 1604 3562 illi,
1656 3488 1756 3574 qui
1797 3488 1971 3583 digne
2010 3488 2320 3564 accedunt,

216 3589 333 3654 sint
372 3586 477 3651 filii
515 3587 645 3653 Dei.
1519 3618 1528 3623 ·

214 3685 224 3690 ”
376 3692 525 3754 729.
580 3689 672 3753 Illi
698 3698 902 3754 autem
930 3689 1031 3776 qui
1067 3688 1127 3752 in
1166 3687 1414 3753 infantia
1452 3697 1554 3752 aut
1595 3688 1843 3776 pueritia
1882 3688 2206 3779 decedunt,
2258 3703 2320 3761 et

216 3791 300 3856 sic
327 3813 451 3854 non
479 3791 777 3877 attingunt
813 3800 1097 3865 aetatem,
1150 3799 1214 3853 ut
1251 3789 1425 3876 digne
1465 3791 1687 3877 possint
1726 3789 1802 3853 ad
1839 3792 2120 3859 Sanctam
2166 3792 2318 3859 Cae-

219 3913 357 3956 nam
387 3892 702 3968 accedere,
752 3913 789 3956 a
817 3891 1076 3956 Domino
1112 3891 1568 3956 introducuntur
1591 3912 1700 3978 per
1725 3891 2113 3980 Baptismum,
2155 3916 2316 3973 nam,

219 3995 371 4057 ut-in
401 3990 605 4081 Capite
646 3992 717 4057 de
758 3992 1064 4081 Baptismo
1102 4002 1400 4057 ostensum
1440 4002 1558 4067 est,
1609 3982 1964 4085 Baptismus
2002 4009 2095 4061 est
2133 3998 2318 4061 intro-

218 4094 477 4160 ductio
452 4118 514 4158 m
540 4092 879 4161 Ecclesiam
908 4091 1343 4169 Christzanam,
1397 4105 1455 4157 et
1489 4090 1676 4157 simul
1717 4104 1856 4159 tunc
1893 4097 2139 4160 ensenio
2165 4099 2321 4161 inter

219 4196 599 4262 Christianos
638 4198 699 4258 in
745 4194 989 4261 Mun-do
1031 4190 1364 4287 spirituali3
1417 4213 1489 4255 ac
1536 4192 1799 4261 Ecclesia
1846 4205 1908 4260 et
1948 4195 2190 4285 Caelum
2232 4195 2314 4259 ibi

214 4318 400 4365 unum
435 4306 602 4374 sunt,
655 4317 838 4382 quare
876 4319 984 4384 pro
1030 4295 1142 4363 iilis
1187 4292 1268 4360 ibi
1307 4291 1725 4359 introductio
1708 4316 1767 4357 ιιι
1815 4284 2171 4369 Ecclesiam,
2225 4300 2314 4358 est

1770 4393 1892 4468 ρ,
