2750 4775
472 365 621 420 xw.
705 366 1385 422 CONSUMMRTIO
1427 367 1817 424 SAEGULI
1872 369 2036 424 ETG.
2197 383 2301 432 273

191 532 286 592 est
328 523 469 608 Ipse
503 522 698 598 inibi,
766 523 877 590 sub
931 543 1102 588 sensu
1159 522 1366 591 literae
1420 524 1611 608 jaceat
1664 524 2001 601 recondita,
2068 535 2125 590 et
2183 548 2307 604 non

193 625 509 711 aperiatur
547 624 657 690 nisi
701 613 843 699 illis,
895 624 1100 709 quiin
1138 623 1296 688 veris
1341 622 1677 698 doctrinae,
1731 636 1789 688 et
1822 626 1994 690 simul
2035 626 2094 689 in
2137 627 2308 695 bonis

196 727 364 794 vitae
412 734 579 800 sunt,
631 732 691 788 et
729 726 814 789 sic
857 724 915 787 in
954 724 1211 792 Domino
1258 732 1316 787 et
1358 723 1648 792 Dominus
1691 724 1751 788 in
1795 724 1937 789 illis:
2017 726 2307 795 Concioni

188 826 506 913 subjunxit
551 825 813 891 votivam
861 827 1223 901 orationem,
1275 835 1335 888 et
1376 825 1692 890 descendit.
1792 825 2156 892 Exeuutibus
2197 851 2309 894 au-

190 928 498 994 ditoribus
535 924 796 1012 Angelus
846 927 1082 1011 rogavit
1124 926 1544 1003 Sacerdotem,
1608 936 1674 989 ut
1719 926 1916 1013 aliqua
1971 927 2156 994 verba
2202 951 2307 1019 pa-

193 1031 280 1095 cis
325 1050 463 1092 cum
503 1029 708 1092 decem
745 1029 866 1092 suis
897 1028 1214 1092 comitibus
1248 1028 1641 1114 loqueretun.
1677 1039 1734 1090 et
1775 1028 2020 1094 accessit
2052 1029 2124 1092 ad
2157 1029 2307 1107 illos,

191 1140 253 1194 et
284 1129 791 1215 colloquebantur
817 1150 920 1218 per
945 1129 1240 1193 semissem
1270 1128 1476 1204 burae,
1518 1137 1577 1193 et
1605 1128 1960 1215 loquebatur
1986 1129 2059 1193 de
2086 1130 2306 1212 Divina
2416 1171 2431 1182 ·

189 1229 532 1304 Trinitate‚
588 1230 743 1315 quod
771 1229 872 1293 illa
899 1230 964 1296 in·
985 1231 1132 1295 Jesu
1162 1229 1395 1296 Christo
1423 1229 1526 1306 sit,
1570 1230 1630 1293 in
1660 1230 1797 1309 Quo
1823 1230 2135 1296 Plenitudo
2177 1256 2306 1298 om-

191 1335 285 1397 nis
315 1331 665 1398 Divinitatis
691 1332 1079 1418 corporaliter
1104 1330 1330 1395 habitat
1348 1332 1724 1405 „secundum
1753 1331 2009 1396 edictum
2038 1332 2306 1421 Apostoli

191 1431 409 1506 Pauli;
461 1442 522 1496 et
560 1441 759 1522 postea
801 1433 874 1493 de
914 1432 1149 1497 Unioue
1178 1430 1494 1498 Charitatis
1535 1441 1593 1494 et
1626 1432 1826 1509 Fidei,
1873 1431 1974 1496 sed
2006 1433 2176 1510 dixit,
2229 1437 2304 1500 de

192 1532 790 1600 Unione-Charitatis
815 1541 874 1596 et
903 1534 1214 1608 Veritatis,
1266 1533 1401 1619 quia
1430 1532 1606 1598 Fides
1636 1542 1725 1598 est
1749 1534 1998 1599 Veritas.

295 1619 304 1628 ’
362 1638 511 1701 752.
581 1635 724 1699 Post
775 1635 1099 1719 gratiarum
1154 1634 1506 1710 dictionem,
1560 1635 1876 1699 abiverant
1919 1633 2190 1713 domuum
2244 1648 2306 1706 et

190 1738 282 1802 ibi
306 1735 456 1800 dixit
481 1736 594 1800 illis
622 1734 911 1821 Angelus,
965 1745 1053 1800 est
1097 1735 1272 1802 bodie
1299 1734 1539 1800 Tertius
1579 1734 1702 1799 dies
1728 1736 1806 1806 ab
1832 1756 2076 1801 ascensu
2105 1748 2304 1805 vestro

195 1839 257 1901 in
301 1837 480 1922 hujus
518 1836 679 1902 Caeli
716 1837 1108 1913 Societatem,
1162 1846 1221 1901 et
1255 1837 1320 1902 in
1372 1847 1489 1902 tres
1538 1835 1661 1900 dies
1704 1837 2043 1925 praeparati
2084 1840 2226 1910 estis
2263 1863 2305 1907 a
2385 1835 2395 1854 “

192 1940 462 2004 Domino
506 1938 580 2001 ad
626 1937 978 2001 manendum
1021 1936 1147 2011 hic,
1202 1957 1386 2020 quare
1430 1946 1658 2023 ternpus
1696 1947 1782 2002 est
1826 1949 1889 2002 nt
1927 1924 2303 2025 separemur:

192 2040 398 2108 exuite
440 2040 640 2128 itaque
682 2049 873 2103 vestes
904 2037 1104 2103 missas
1129 2058 1162 2102 a
1191 2037 1502 2122 Principe,
1559 2057 1624 2102 ac
1666 2040 1890 2103 induite
1934 2051 2189 2116 vestras3
2242 2053 2303 2107 et

195 2141 426 2214 cu'min
455 2140 542 2204 bis
569 2148 771 2215 eraut,
822 2139 1263 2227 inspirabantur
1298 2137 1591 2202 desiderio
1624 2141 1965 2217 secedendi,
2018 2153 2075 2206 et
2113 2161 2311 2210 seces*

192 2252 444 2330 serunt,
495 2251 552 2304 et
580 2240 1036 2314 descenderunt,
1090 2238 1322 2325 Angelo
1352 2240 1669 2303 comitante
1709 2241 1838 2307 illus
1879 2264 2061 2330 usque
2100 2246 2176 2309 ad
2215 2246 2305 2310 lo·

195 2364 337 2411 cum
369 2352 724 2414 conventus;
777 2354 836 2407 et
865 2342 944 2405 ibi
973 2341 1229 2406 Domino
1254 2341 1476 2427 gratias
1503 2352 1778 2426 egerunt,
1832 2344 1988 2432 quod
2030 2344 2303 2435 dignatus

195 2446 282 2508 sit
315 2443 448 2507 illos
474 2445 653 2507 beare
689 2444 932 2508 scientia
978 2451 1034 2507 et
1063 2442 1199 2505 inde
1240 2442 1621 2528 intelligentia
1651 2444 1723 2508 de
1744 2444 1998 2512 Gaudiis
2025 2448 2303 2515 Caelesti-

201 2548 325 2607 bus
355 2553 416 2606 et
443 2543 515 2606 de
544 2543 845 2610 Felicitate
872 2553 1129 2610 aeterna.

317 2900 326 2907 ⁷
445 2888 452 2893 ’
559 2870 882 2939 CAPUT
936 2873 1386 2940 DEC1MUM
1441 2876 1934 2955 QUARTUM

1194 3032 1300 3089 DE

191 3163 1255 3252 GONSUMMATIONE
1316 3163 2058 3253 SAECUL11DE
2088 3169 2297 3253 AD-

190 3280 614 3370 VENTU
642 3282 1119 3369 DOMINI.
1171 3284 1328 3367 ET
1360 3285 1515 3366 DE
1542 3281 1880 3370 NOVO
1913 3283 2295 3373 CAELO

655 3401 810 3485 ΕΤ
871 3399 1210 3487 NOVA
1272 3399 1842 3488 ECCLESIA.

190 3599 390 3685 Quod
442 3598 893 3667 Con-ruminatio
948 3596 1181 3665 saeculi
1232 3605 1311 3664 sit
1367 3599 1640 3666 ultimum
1707 3616 1935 3694 tempus
1988 3625 2096 3666 seu
2128 3602 2297 3695 finis

391 3720 394 3725 ·
1079 3700 1409 3767 Ecclesiae

354 3862 502 3922 753.
560 3858 631 3925 In
672 3858 783 3923 hac
822 3859 1065 3925 Tellure
1101 3857 1342 3923 fuerunt
1385 3860 1577 3945 plures
1605 3859 1935 3925 Ecclesiae:
1989 3871 2051 3927 et
2092 3872 2297 3926 onmes

186 3980 468 4030 successu
498 3961 779 4047 temporis
807 3968 1247 4025 consummatae
1274 3970 1443 4037 sunt,
1485 3969 1548 4030 ‚et
1577 3970 1705 4048 post
1733 3960 2297 4027 consummationem

186 4082 401 4127 carum
430 4083 626 4126 novae
654 4064 1033 4136 exstiterunt,
1085 4069 1143 4124 et
1181 4063 1268 4126 sic
1309 4082 1492 4148 usque
1533 4062 1607 4125 ad
1646 4061 1996 4126 hodiernum
2024 4071 2294 4151 ,tempusq

184 4160 631 4227 consummatio
662 4160 957 4228 Ecclesiae
987 4160 1050 4225 fit
1077 4160 1312 4250 quando
1340 4181 1462 4224 non
1501 4161 1737 4248 aliquod
1763 4162 2046 4228 Divinum
2089 4182 2297 4226 verum

182 4273 491 4353 superest,
543 4264 653 4329 nisi
693 4258 1063 4331 falsificatum
1106 4271 1209 4329 aut
1249 4260 1563 4346 reiectum,
1618 4270 1678 4326 et
1717 4251 1853 4324 dum
1894 4283 2012 4326 nou
2057 4258 2295 4346 aliquod

1279 4390 1282 4395 2
1794 4359 1878 4419 ἱ3
