2750 4775
701 356 988 413 INDEX
1031 356 1782 414 MEMORAleuM.
2208 375 2317 425 369

303 511 455 598 quod
487 509 668 574 homo
697 530 768 575 ex
804 530 914 575 suo
943 507 1236 575 Mundulo
1263 508 1553 596 spirituaii
1581 532 1685 577 seu
1717 512 2096 580 microurano
2125 523 2322 583 rectu·

304 634 399 675 rus
422 611 497 676 sit
524 633 697 675 suum
729 609 1074 675 mundulum
1104 611 1435 676 naturalem
1478 633 1584 679 scu
1630 613 2116 694 microcosmum,
2168 618 2320 684 sicut

301 712 459 776 Deus
495 733 568 775 ex
607 734 716 776 suo
756 711 1157 776 Macrourano
1200 732 1305 775 seu
1345 711 1576 776 Mundo
1619 713 1909 802 spirituali
1946 720 2103 802 regit
2141 739 2317 784 suum

302 813 774 878 Macrocosmum
802 834 907 878 seu
935 811 1225 879 Mundum
1268 812 1615 877 naturalem.
1702 814 1757 878 6
1807 815 1980 895 Quod
2018 817 2160 882 inde
2187 817 2316 906 plu-

267 934 393 978 res
433 913 626 1000 Leges
668 899 891 978 ordinis
935 911 1263 999 profluant,
1317 932 1470 996 quae
1519 914 1718 1001 quoad
1762 924 1992 1001 partein
2048 915 2316 1000 adjectae

298 1023 465 1078 sunt·
520 1014 661 1101 quid
717 1022 919 1099 postea
973 1013 1277 1098 spiritibus
1328 1012 1441 1077 illis
1490 1016 1724 1090 evenit,
1793 1016 2150 1105 descriptum
2207 1028 2315 1094 est,

299 1135 366 1178 ιι·
412 1118 518 1178 71.

191 1213 303 1281 vl.
357 1214 452 1279 Do
493 1214 972 1281 Ratiocinatione
1012 1212 1387 1301 quorundam
1420 1235 1491 1277 ex
1517 1212 1770 1279 Batai-ia
1812 1224 1869 1280 et
1901 1216 2212 1284 Britannia
2254 1219 2313 1283 iu

299 1317 528 1382 Mundo
580 1315 868 1403 spirituali
922 1315 994 1379 de
1042 1313 1438 1402 lmputatione
1491 1323 1551 1379 et
1595 1314 2180 1383 Praedestinatione.
2233 1319 2315 1384 ab

297 1437 414 1481 una
447 1425 649 1504 parte,
701 1437 807 1479 cur
835 1416 1034 1491 Deus,
1084 1415 1222 1500 quia
1265 1424 1353 1478 est
1391 1413 1817 1503 Omnipotens,
1871 1438 1992 1481 non
2034 1419 2312 1485 omnibus

297 1517 549 1603 imputat
577 1517 884 1581 Justitiam
912 1516 1045 1579 Filii
1072 1515 1181 1590 sui,
1225 1525 1284 1581 et
1311 1516 1397 1580 sic
1427 1514 1563 1580 facit
1591 1515 1721 1581 illos
1750 1517 2133 1608 Redemptos,
2176 1540 2312 1585 curn

297 1627 498 1682 tamen
517 1669 530 1688 .
586 1617 724 1704 quia
754 1626 839 1682 est
870 1616 1292 1703 Omnipotens,
1347 1626 1539 1704 potest
1576 1639 1782 1682 omnes
1805 1617 2060 1683 Satanas
2087 1618 2315 1685 Inferni

294 1717 497 1782 facere
525 1717 787 1803 Angelos
813 1718 1014 1792 Caeli,
1067 1717 1188 1780 imo
1227 1718 1273 1780 si
1314 1718 1367 1781 ei
1410 1718 1788 1803 beneplacet,
1843 1727 2034 1805 potest
2070 1718 2315 1784 Lucife-

297 1840 464 1896 rum,
529 1820 904 1892 Draconem,
970 1826 1029 1883 et
1072 1826 1317 1881 cunctos
1359 1818 1578 1882 Hircos
1633 1816 1828 1882 facere
1880 1817 2311 1906 Archangelos,

297 1931 357 1983 et
400 1918 541 2006 quid
580 1940 731 2004 opus
775 1918 880 1983 nisi
923 1918 1172 1982 verbulo
1217 1917 1292 1981 ad
1337 1916 1483 1981 hoc:
1542 1920 1618 1981 ab
1662 1920 1849 1983 altera
1897 1929 2098 2007 parte,
2149 1920 2311 2007 quod

298 2020 464 2085 Deus
503 2019 578 2083 sit
615 2019 738 2106 ipse
775 2019 974 2094 Ordo,
1027 2026 1085 2083 et
1132 2017 1290 2103 quod
1336 2017 1480 2081 nibil
1520 2020 1701 2103 possit
1743 2028 1950 2084 contra
1990 2020 2180 2106 Leges
2220 2024 2311 2087 sui

295 2120 544 2184 Ordinis
570 2118 786 2195 facere,
836 2119 972 2207 quia
1000 2117 1115 2181 hoc
1140 2116 1295 2183 foret
1322 2117 1521 2183 facere
1548 2130 1755 2186 contra
1783 2120 2089 2206 Seipsum:
2141 2142 2313 2208 prae-

301 2229 391 2283 ter
421 2222 623 2308 plura,
680 2242 783 2306 per
812 2239 964 2305 quae
994 2218 1066 2282 de
1095 2217 1210 2282 hac
1235 2239 1298 2282 re
1330 2219 1485 2282 inter
1512 2241 1572 2282 se
1600 2220 1907 2296 ludebant,
1950 2240 2019 2284 n:
2069 2226 2171 2285 72.

201 2317 336 2383 vll.
390 2321 563 2403 Quod
596 2329 795 2407 postea
826 2342 959 2383 cum
990 2319 1135 2395 aliis,
1168 2321 1269 2407 qui
1296 2319 1355 2381 in
1388 2317 1499 2382 fide
1529 2318 2093 2389 praedestinationis
2120 2330 2310 2401 erant,

307 2422 584 2508 loquutus
609 2424 751 2496 sim,
801 2421 902 2509 qui
932 2421 1089 2484 illam
1131 2442 1201 2485 ex
1231 2421 1344 2485 Dei
1376 2419 1647 2486 absoluta
1678 2426 1941 2508 potentia
1968 2447 2072 2490 seu
2100 2423 2314 2489 Omni·

312 2523 562 2603 potentia
593 2522 996 2597 deduxerunt,
1047 2531 1107 2585 et
1149 2521 1307 2607 quod
1349 2523 1614 2607 alioquin
1645 2523 1775 2587 Deo
1818 2525 2010 2592 minor
2051 2519 2313 2614 potestas

311 2618 494 2697 soret,
542 2645 718 2711 quam
759 2623 911 2707 Regi
955 2622 1319 2687 Monarchae
1362 2623 1420 2685 in
1452 2623 1713 2699 Mundo,
1764 2627 1868 2711 qui
1911 2635 2117 2717 potest.
2145 2627 2311 2713 leges

306 2721 576 2787 Justitiae
607 2732 840 2789 vertere
868 2722 1016 2788 sicut
1041 2744 1180 2788 suas
1209 2723 1465 2809 palmas,
1519 2744 1590 2787 ac
1631 2744 1809 2809 agere
1852 2727 2120 2791 absolute
2161 2728 2315 2791 sicut

302 2823 919 2910 Octavius-Augustus
943 2834 1004 2888 et
1034 2844 1270 2911 quoque
1311 2824 1584 2888 absolute
1624 2824 1774 2888 sicut
1800 2823 2001 2895 Ναῖος
2051 2823 2124 2886 ad
2154 2846 2311 2911 qnae

295 2945 640 3010 responsum
671 2934 789 3001 est,
843 2923 1002 3011 quod
1030 2923 1191 2988 Deus
1220 2926 1511 2989 creaverit
1539 2923 1860 2998 Mundum,
1913 2944 1986 2987 ac
2017 2926 2218 2988 omnia
2249 2932 2314 2987 et

295 3026 528 3111 singula
559 3027 686 3112 ejus
715 3046 786 3089 ex
813 3025 892 3090 Se
924 3036 983 3089 ut
1013 3024 1261 3100 Ordine,
1313 3035 1374 3088 et
1414 3025 1496 3088 sic
1539 3023 1650 3088 illis
1696 3022 1970 3087 indiderit
1998 3021 2310 3099 Ordinem,

291 3137 354 3191 et
386 3127 546 3214 quod
584 3127 774 3212 Leges
813 3125 1035 3190 ordinis
1065 3124 1255 3213 Ipsius
1280 3126 1398 3189 sint
1426 3123 1693 3199 totidem,
1741 3132 1885 3210 quot
1911 3122 2208 3214 'veritates
2248 3124 2308 3190 in

296 3227 536 3290 Verboz
590 3236 651 3290 et
691 3237 834 3290 tuuc
876 3224 1199 3291 recensitae
1240 3234 1379 3288 sunt
1414 3224 1652 3310 aliquae
1680 3224 1869 3307 Leges
1914 3222 2187 3299 Ordinis,
2237 3244 2312 3288 ac

294 3349 454 3414 quae
484 3337 543 3391 et
567 3327 775 3414 quales
799 3336 937 3392 sunt
964 3348 999 3391 a
1027 3334 1195 3412 parte
1222 3324 1370 3400 Dei,
1422 3333 1486 3386 ut
1515 3333 1569 3385 et
1598 3345 1752 3409 quae
1784 3331 1841 3386 et
1880 3323 2084 3411 quales
2109 3334 2244 3389 sunt
2273 3346 2309 3390 a

296 3437 469 3512 parte
515 3428 802 3502 honiinis3
856 3437 912 3491 et
952 3425 1110 3513 quod
1154 3425 1289 3489 illae
1329 3425 1547 3488 mutari
1589 3433 1918 3510 nequeant,
1964 3426 2103 3511 quia
2145 3425 2311 3492 Deus

241 3567 256 3574 ,
290 3538 384 3593 est
417 3528 546 3615 lpse
574 3527 777 3603 Ordo,
828 3537 886 3592 et
914 3527 1073 3613 quod
1101 3525 1280 3591 homo
1308 3535 1543 3591 creatus
1583 3528 1656 3590 sit
1697 3526 1893 3612 imago
1938 3523 2125 3612 Ipsius
2152 3526 2317 3593 ordi-

227 3645 234 3654 ’
294 3630 423 3704 nis,
477 3650 545 3690 n:
592 3634 694 3691 73.

195 3721 352 3793 vul.
414 3727 596 3807 Quod
629 3729 907 3815 loquutus
933 3728 1043 3792 sim
1085 3750 1218 3793 cum
1249 3729 1628 3815 congregatis
1663 3749 1736 3792 ex
1762 3725 2006 3794 Clericis
2031 3738 2088 3793 et
2118 3728 2312 3794 Laicis

293 3830 366 3893 de
391 3829 629 3894 Divina
659 3829 1143 3913 Omnipotentia,
1197 3830 1298 3916 qui
1339 3830 1619 3894 dixerunt
1658 3830 1817 3915 quod
1860 3825 2312 3916 Omnipotentia

287 3930 361 3994 sit
393 3930 708 4005 illimitata,
749 3940 808 3994 et
838 3930 998 4016 quod
1025 3929 1477 4017 omnipotentia
1509 3929 1758 3994 limitata
1783 3930 1858 3994 sit
1885 3930 2311 3995 contradictim

288 4031 363 4118 ad
413 4052 568 4117 quae
614 4051 960 4118 responsum
1004 4041 1122 4107 est,
1177 4030 1336 4119 quod
1386 4051 1502 4093 non
1541 4030 1617 4093 sit
1664 4030 2056 4094 contradictio
2100 4028 2311 4093 Omni-

263 4141 571 4222 *potenter
595 4152 773 4218 agere
797 4127 1121 4197 secundum
1150 4132 1310 4217 leges
1335 4129 1374 4193 J
1384 4129 1614 4194 ustitiae
1643 4151 1775 4194 cum
1795 4129 1835 4192 J
1844 4130 2056 4205 udicio,
2096 4129 2312 4200 dicitur

289 4232 470 4298 etiam
501 4231 658 4318 apud
692 4231 1006 4308 Davidem,
1035 4232 1192 4319 quod
1219 4230 1462 4297 Iustitia
1493 4240 1553 4295 et
1578 4229 1879 4388 Jndiduxm
1907 4230 2022 4295 sint
2052 4226 2307 4293 fulcrum

1786 4355 1801 4387 Δ
1853 4351 1884 4389 «Ἰ
