2750 4775
915 342 1007 394 lx,
1098 339 1732 397 PAENITENTIA.
1879 395 1884 400 .
2298 355 2364 404 6¹

267 494 486 584 Ipsius,
539 494 613 558 sit
641 495 895 560 medium
938 516 1042 583 per
1084 494 1248 582 quod
1280 505 1649 570 removetur,
1708 506 1941 582 praeter
1968 496 2164 585 plura,
2217 519 2371 586 quae

267 596 568 662 Ecclesiae
612 615 788 685 super
826 594 939 660 hac
979 597 1305 661 assertione
1345 596 1765 663 fundaverunt.
1830 598 1942 662 Sed
1973 601 2131 686 quod
2171 620 2241 663 ex
2269 600 2368 665 illa

266 698 498 785 origine
542 718 658 761 non
701 699 775 762 sit
804 697 1044 783 aliquod
1068 698 1292 762 malum
1322 696 1815 772 haereditarium,
1870 712 2135 765 constare
2182 710 2369 786 potest

267 822 339 864 ex
383 800 523 873 illis,
577 819 729 885 quae
772 820 948 884 supra
992 820 1057 859 n:
1117 800 1395 885 466seq.
1442 806 1672 863 ostensa
1704 810 1869 874 sunt,
1922 802 2079 887 quod
2107 800 2367 869 Adamas

265 923 389 967 non
435 901 612 966 suerit
652 900 885 964 Primus
926 900 1268 974 hominum,
1331 899 1435 963 sed
1474 899 1634 990 quod
1677 920 1780 985 per
1817 897 2109 965 Adamum
2149 911 2206 969 et
2244 904 2370 988 ejus

263 1024 513 1068 uxorem
557 1000 1055 1087 repraesentative
1097 1000 1464 1065 describatur
1497 1000 1684 1089 prima
1715 1000 1974 1065 Ecclesia
2014 1001 2075 1064 in
2113 1001 2229 1065 boc
2254 1003 2372 1068 Or·

265 1103 380 1180 be,
433 1115 488 1167 et
521 1123 626 1191 per
653 1102 911 1167 Hortum
944 1102 1159 1165 Edenis
1199 1102 1324 1185 ejus
1352 1101 1671 1188 sapientia,
1723 1111 1782 1164 et
1823 1123 1928 1189 per
1954 1101 2245 1168 Arborem
2288 1104 2373 1168 vi·

262 1212 368 1270 iae
408 1206 536 1292 ejus
575 1212 843 1291 aspectus
876 1203 948 1265 ad
970 1203 1295 1267 Dominum
1327 1212 1675 1278 venturum,
1725 1211 1783 1266 et
1812 1224 1918 1289 per
1943 1202 2233 1269 Arborem
2263 1204 2374 1269 sci·

266 1308 466 1372 entiae
511 1305 648 1371 boni
691 1314 748 1369 et
796 1303 969 1380 mali,
1018 1303 1142 1389 ejus
1183 1312 1453 1392 aspectus
1491 1303 1565 1367 ad
1592 1324 1655 1367 se
1684 1315 1742 1366 et
1769 1311 1889 1368 uon
1915 1303 1990 1369 ad
2017 1304 2368 1380 Dominum3

268 1408 431 1497 quod
469 1406 617 1471 haec
643 1405 907 1470 Ecclesia
952 1425 1056 1490 per
1093 1404 1280 1490 prima
1311 1405 1520 1492 Capita
1546 1402 1847 1469 Geneseos
1873 1407 2371 1492 repraesentative

270 1510 561 1595 descripta
590 1509 694 1581 sit,
747 1506 804 1569 in
833 1506 1110 1571 Ancams
1139 1504 1557 1589 Caennsrtnus
1584 1505 1837 1569 Londini
1878 1506 2050 1571 editis
2077 1527 2147 1571 ex
2176 1507 2370 1574 multis

271 1608 566 1698 parallelis
604 1609 810 1672 locise
835 1606 1034 1672 Verbo
1081 1607 1336 1672 evictum
1385 1616 1486 1671 est.
1561 1606 1647 1670 Ex
1692 1604 1783 1671 his
1830 1607 2140 1672 intellectis
2181 1619 2239 1672 et
2278 1630 2372 1673 as-

266 1712 514 1798 sumptis
557 1710 710 1773 cadit
751 1709 953 1795 opinio
983 1708 1264 1773 hactenus
1291 1707 1447 1784 fota,
1499 1708 1660 1795 quod
1688 1709 1907 1772 malum
1935 1706 2158 1774 homini
2197 1732 2230 1773 a
2273 1729 2371 1796 pa·

266 1812 537 1879 rentibus
592 1811 856 1873 innatum
900 1809 1035 1872 inde
1077 1808 1181 1885 sit,
1248 1830 1378 1873 cum
1421 1818 1617 1874 tamen
1658 1829 1776 1873 non
1818 1808 1953 1874 inde
1993 1810 2093 1873 sed
2134 1809 2370 1875 aliunde

178 1969 182 1974 ,
265 1935 434 1986 suam
483 1912 769 1999 originem
811 1910 1007 1973 trahit.
1082 1911 1259 1990 Quod
1301 1907 1501 1973 Asbot-
1542 1912 1697 1974 vitae
1738 1920 1795 1973 et
1839 1910 2039 1975 Arbor
2089 1911 2373 1976 scientiae

267 2016 412 2080 boni
439 2022 498 2076 et
528 2013 683 2089 mali,
734 2011 848 2076 sint
878 2011 1031 2097 apud
1062 2011 1515 2096 unum‘quemvis
1541 2008 1856 2088 hominem,
1895 2021 1954 2074 et
1982 2013 2140 2099 quod
2170 2011 2373 2079 dican-

269 2126 370 2180 tur
415 2115 641 2200 positae
678 2113 738 2175 in
768 2111 964 2198 aliquo
994 2110 1201 2184 horto,
1252 2110 1711 2195 significaverint
1743 2112 2020 2176 Liberum
2061 2113 2370 2178 arbitrium

272 2235 336 2280 se
379 2213 647 2277 vertendi
690 2212 764 2278 ad
794 2212 1147 2286 Dominum,
1198 2220 1259 2274 et,
1297 2231 1358 2275 se
1398 2211 1703 2276 avertendi
1746 2213 1820 2276 ab
1859 2213 2025 2299 Ipso,
2077 2214 2138 2278 in
2165 2214 2371 2303 Capite

274 2315 351 2379 de
372 2314 617 2379 Lim-:no
648 2311 957 2378 Anntmto
985 2310 1150 2399 plene
1179 2312 1640 2389 demonstratum
1669 2321 1771 2376 est.

346 2456 349 2459 -
436 2418 580 2479 521.
628 2415 782 2488 Sed,
836 2413 914 2475 mi
952 2412 1173 2488 amice,
1227 2415 1444 2479 malum
1483 2413 1938 2481 haereditarium
1981 2438 2100 2481 non
2132 2417 2368 2484 aliunde

275 2529 365 2583 est
408 2538 585 2603 quam
622 2536 693 2579 ex
716 2514 1099 2588 P'aren‘tibus,
1152 2536 1267 2579 non
1294 2516 1531 2601 quidem
1560 2517 1745 2605 ipsum
1773 2516 2024 2594 malum,
2078 2520 2233 2606 quod
2261 2520 2368 2586 ho·

273 2632 375 2684 mo
412 2618 731 2682 actualiter
760 2615 1103 2691 committit,
1155 2616 1255 2681 sed
1293 2617 1596 2682 inclinatio
1636 2617 1711 2682 ad
1752 2617 1927 2692 illud;
1981 2620 2139 2708 quod
2170 2623 2253 2686 ita
2277 2622 2371 2698 sit,

273 2720 525 2808 quisque
565 2727 875 2805 agnoscet,
930 2717 1106 2781 modo
1146 2719 1430 2783 rationem
1473 2718 1756 2805 adjungat
1786 2720 2185 2804 experientiis3
2239 2723 2370 2808 quis

269 2843 395 2886 non
422 2822 562 2896 scit,
616 2819 772 2907 quod
804 2818 903 2882 filii
930 2831 1248 2883 nascantur
1276 2820 1333 2882 in
1364 2841 1736 2885 communem
1772 2820 2209 2889 similitudinem
2235 2845 2369 2888 sno·

269 2944 405 2988 rum
449 2932 758 3009 parentum
800 2921 995 3007 quoad
1034 2920 1249 2995 facies,
1300 2943 1380 2985 ac‘
1400 2943 1594 2988 mores
1636 2933 1693 2987 et
1721 2921 1980 2998 animos,
2032 2934 2091 2987 et
2132 2945 2368 3010 quoque

270 3033 517 3111 nepotes
558 3033 621 3103 et,
659 3031 1007 3108 pronepotes
1047 3021 1108 3084 in
1135 3042 1386 3087 avorum
1416 3033 1473 3085 et
1502 3032 1843 3096 atavorum,
1897 3035 1954 3087 et
1984 3021 2141 3112 quod
2169 3025 2305 3089 inde
2334 3046 2368 3088 a

271 3124 470 3189 multis
496 3124 971 3187 internoscantur
1000 3122 1287 3200 familiae,
1322 3133 1390 3189 fet
1423 3144 1656 3209 quoque
1686 3122 1988 3201 nationes,
2038 3125 2187 3190 sicut
2215 3122 2372 3190 Afri·

274 3246 459 3290 canae
486 3225 564 3289 ab
596 3225 948 3310 Europaeis,
999 3224 1430 3311 Neapolitanae
1460 3246 1493 3289 a
1522 3223 1847 3299 Germanis,
1903 3223 2076 3311 Angli
2105 3245 2139 3289 a
2165 3224 2370 3304 Gallis,

272 3336 333 3390 et
374 3326 459 3391 sic
501 3346 757 3415 porrro;·
796 3334 853 3387 ct
894 3325 1024 3411 quis
1060 3346 1180 3387 non
1221 3326 1519 3413 cognoscit
1547 3324 1842 3390 Judaeum
1872 3325 2113 3400 straete,
2167 3325 2371 3403 oculis,

271 3426 525 3515 loquelis
560 3436 619 3489 et
664 3426 955 3512 gestibns;
1021 3434 1079 3488 et
1120 3426 1166 3491 si
1209 3427 1540 3511 potuissetis
1587 3428 1802 3493 sentire
1841 3424 2169 3514 sphaeram
2213 3426 2370 3493 vitae

269 3528 681 3593 exundantem.
714 3548 781 3591 ex
827 3527 1081 3611 cujusvis
1120 3529 1318 3590 nativa
1349 3528 1575 3603 indole,
1629 3528 1914 3615 potuisses
1938 3524 2203 3594 similiter
2227 3550 2372 3595 con-

275 3630 430 3697 vinci
477 3631 549 3693 de
586 3628 961 3692 similitudine
1003 3626 1334 3692 animorum
1379 3637 1435 3694 et
1468 3629 1768 3692 mentium.
1835 3627 1921 3693 Ex
1960 3628 2050 3695 his
2086 3631 2372 3718 sequitur,

275 3730 433 3819 quod
471 3730 652 3794 bomo
693 3751 812 3793 non
844 3739 1121 3793 nascatur
1144 3729 1205 3789 in
1238 3730 1357 3815 ipsa
1389 3730 1574 3805 mala,
1624 3730 1725 3793 sed
1757 3728 1932 3794 modo,
1960 3730 2017 3794 in
2046 3732 2374 3797 inclinatio-

272 3852 409 3895 nem
440 3831 514 3895 ad
545 3831 732 3906 mala,
778 3831 881 3895 sed
914 3829 1328 3916 'procliviorem
1361 3831 1489 3917 plus
1516 3839 1616 3895 aut
1646 3830 1836 3895 minus
1863 3831 2372 3920 ad.particularia;

269 3953 459 4021 quare
487 3941 895 4019 postmortem
923 3931 1115 3997 nullus
1156 3930 1453 4016 judicatur
1494 3952 1568 3995 ex
1609 3929 2003 4019 aliquo'malo
2040 3932 2375 4000 haeredita-

225 4051 234 4067 ’
264 4035 397 4108 vio,
446 4033 549 4099 sed
577 4054 651 4097 ex
676 4033 1033 4107 actualibus,
1090 4053 1243 4119 quae
1267 4033 1390 4121 ipse
1419 4032 1735 4108 commisit;
1785 4031 1902 4099 hoc
1928 4033 2103 4098 etiam
2133 4033 2373 4098 evidens

271 4145 458 4200 estex
488 4135 601 4200 boc
626 4143 847 4199 statuto
875 4134 1149 4210 Domini,-
1200 4133 1350 4199 Non
1380 4136 1664 4199 morietur
1678 4147 1863 4227 paler
1873 4131 2371 4229 propterfilium‚

269 4234 527 4330 etfllius
548 4260 675 4302 non
703 4234 989 4301 morietur
1009 4248 1260 4329 propter
1274 4249 1508 4327 patrem
1523 4281 1540 4311 ,
1586 4239 1834 4326 quisque
1864 4257 1947 4299 ex
1973 4245 2225 4324 peccato
2253 4249 2368 4293 suo
