2750 4775
506 358 662 413 xlv.
745 353 1420 416 CONSUMMATJO
1463 354 1846 410 SAEGULI
1913 353 2081 413 E'rc.
2238 365 2344 418 283

227 561 432 647 Quod
464 574 612 655 post
655 559 813 625 hanc
848 561 1106 627 Noctem
1149 575 1440 654 sequatur
1473 562 1698 638 Mane,
1748 577 1804 628 et
1842 562 2008 654 quod
2031 561 2351 628 Adventus

992 661 1243 730 Domini
1276 664 1357 727 sit
1403 660 1576 728 illud,

391 817 542 877 764.
599 813 893 895 Quoniam
932 813 1132 879 Status
1159 814 1470 879 successivi
1513 813 1813 880 Ecclesiae
1847 814 1907 878 in
1946 815 2242 880 communi
2284 824 2344 878 et

221 918 292 981 in
355 914 731 1006 particulari,
785 936 894 1002 per
943 923 1200 1001 quatuor
1252 924 1521 1003 tempora
1573 911 1761 990 Anni,
1826 937 1983 1003 quae
2031 924 2167 980 suut
2220 937 2343 991 ver,

217 1029 465 1091 aestas,
519 1028 833 1080 autumnus
886 1023 946 1078 et
997 1014 1234 1105 hyems,
1306 1026 1363 1081 et
1422 1037 1526 1103 per
1576 1026 1833 1102 quatuor
1875 1027 2143 1102 tempora
2186 1016 2344 1093 Diei,

220 1140 392 1207 quae
421 1126 788 1190 summane,
831 1116 1144 1191 meridies,
1196 1138 1441 1204 vespera
1480 1126 1540 1184 et
1578 1135 1728 1194 nox,
1781 1118 1840 1184 in
1880 1118 2080 1183 Verbo
2125 1118 2342 1182 descri-

222 1222 496 1291 buntur,
548 1228 607 1282 et
651 1218 787 1305 quia
832 1218 1117 1282 hodierna
1159 1218 1420 1284 Ecclesia
1466 1218 1524 1281 in
1572 1218 2016 1283 christianismo
2059 1229 2141 1284 est
2186 1220 2341 1295 Nox,

215 1321 535 1408 sequitur,
585 1320 743 1406 quod
771 1340 930 1384 nunc
955 1321 1128 1384 instet
1157 1320 1368 1394 Mane,
1422 1317 1535 1384 hoc
1564 1329 1682 1396 est,
1737 1321 1999 1386 Primum
2036 1321 2338 1385 Ecclesiae

215 1442 447 1486 novae.
532 1421 705 1502 Quod
741 1421 1058 1486 successivi
1095 1429 1283 1486 status
1322 1419 1651 1497 Ecclesiae,
1718 1443 1822 1509 per
1862 1431 2118 1507 quatuor
2155 1430 2343 1487 status

219 1521 383 1588 lucis
412 1523 525 1585 diei
554 1524 611 1584 in
642 1522 844 1586 Verbo
873 1521 1301 1596 describantur,
1344 1531 1575 1586 constat
1602 1544 1673 1585 ex
1701 1521 1790 1586 his
1818 1522 1960 1587 locis
1986 1523 2087 1597 ibi,
2135 1524 2342 1614 Usque

221 1624 321 1691 ad
345 1625 689 1690 VESPERAM
720 1644 795 1688 ΕΤ
825 1623 1045 1697 MANE,
1088 1624 1181 1690 bis
1206 1621 1369 1688 mille
1399 1636 1689 1700 trecenta,
1743 1638 1885 1688 tunc
1897 1624 2344 1714 justificabitur

219 1724 557 1799 Sanctum,·
606 1728 772 1789 visio
809 1724 1132 1790 VESPERAE
1171 1743 1246 1787 ΕΤ
1281 1725 1504 1800 MANE,
1545 1729 1779 1790 veritas
1802 1739 1919 1801 est,
1977 1725 2128 1789 Dan.
2161 1725 2340 1790 VIII:

238 1831 340 1891 14.
380 1830 481 1890 262
536 1823 655 1891 Ad
679 1825 789 1891 Me
813 1821 1088 1889 clamans
1114 1848 1146 1888 e
1169 1821 1305 1891 Scir
1329 1840 1549 1902 custoS,
1595 1840 1799 1892 custos
1825 1824 1976 1919 quid
2000 1826 2076 1891 de
2097 1825 2336 1903 NOCTE,
2454 1919 2465 1930 α

219 1928 397 1995 dixit
436 1942 674 2000 custos,
727 1929 895 1990 venit
951 1920 1171 2002 MANE,
1224 1931 1518 2019 etiamque
1563 1927 1748 2003 Nox,
1802 1928 1958 2014 Esaj.
2002 1927 2177 1992 XXI:
2236 1931 2332 1991 1¹.

230 2034 337 2093 12.
426 2029 615 2095 Venit
646 2027 845 2119 finis,
900 2031 1071 2091 venit
1113 2027 1310 2093 MANE
1349 2052 1538 2120 super
1577 2043 1661 2102 te,
1730 2027 2036 2096 habitator
2078 2030 2139 2094 T
2130 2052 2333 2103 errae:

220 2154 365 2196 ecce
393 2129 541 2196 Dlns
566 2133 767 2204 venit,
819 2130 1255 2204 exivitMANE‚
1309 2128 1521 2194 Ezech.
1569 2129 1713 2195 Vll:
1759 2136 1815 2194 6.
1864 2135 1918 2194 7.
1968 2133 2066 2196 10.
2146 2128 2336 2196 Jelzo·

222 2224 367 2297 ‘hah
394 2235 455 2294 in
484 2231 703 2306 MANE,
757 2233 819 2294 in
861 2228 1053 2296 MANE
1081 2228 1380 2316 judicium
1422 2256 1598 2295 suum
1639 2229 1815 2297 dabit
1848 2233 1914 2295 in
1954 2228 2172 2308 lucem,
2225 2253 2335 2296 nec

226 2332 454 2407 deerit,
508 2331 685 2419 Zeph.
733 2331 856 2396 111:
903 2337 962 2407 5,
1039 2329 1209 2397 Deus
1263 2334 1327 2396 in
1383 2331 1581 2398 medio
1621 2335 1788 2420 ejus,
1843 2332 2156 2420 adjuvabit
2200 2356 2333 2399 eam

227 2434 408 2499 Deus
445 2456 574 2497 cum
614 2445 840 2526 spectat
877 2434 1088 2508 MANE,
1143 2432 1356 2497 Psalm.
1403 2433 1632 2499 XLVI:
1683 2439 1737 2496 6.
1816 2435 2191 2528 Erspectavi
2228 2436 2336 2502 Je-
2450 2513 2454 2517 ⁴

234 2531 496 2608 hovam,
571 2547 876 2626 exspectat
937 2537 1141 2598 anima
1193 2557 1325 2601 mea
1390 2534 1714 2601 Dominum
1767 2560 1808 2600 a
1857 2536 2333 2604 custodientibus

225 2634 447 2709 MANE,
478 2640 865 2701 custodientes
893 2636 1116 2711 MANE,
1163 2640 1306 2727 quia
1326 2634 1596 2730 plurima
1622 2660 1757 2702 cum
1783 2638 1934 2730 Ipso
1959 2638 2332 2731 RedemptiO,

158 2766 167 2775 ·
217 2749 304 2800 et
333 2733 457 2801 Ille
483 2734 724 2802 redimet
746 2734 1070 2812 Israelem,
1117 2737 1331 2803 Psalm.
1361 2737 1615 2803 CXXX:
1660 2745 1697 2801 5
1729 2739 1802 2802 ad
1835 2744 1891 2803 8.
1973 2739 2040 2803 In
2070 2742 2160 2803 his
2189 2740 2330 2805 locis

219 2859 335 2926 per
362 2838 767 2924 Vesperam'et
794 2839 1047 2903 Noctem
1086 2838 1431 2924 intelligitur
1459 2840 1728 2903 ultimum
1758 2849 1985 2927 tempus
2012 2828 2330 2912 Ecclesiae,

219 2949 285 3002 et
315 2960 420 3023 per
447 2940 630 3002 Mane
655 2939 906 3027 primum
938 2940 1092 3024 ejus:
1147 2938 1279 3027 lpse
1308 2938 1600 3005 Dominus
1640 2941 1815 3003 etiam
1863 2948 2111 3002 vocatur
2149 2937 2328 3001 Mane

216 3040 283 3105 in
313 3040 403 3104 his
432 3040 575 3105 locis
616 3040 833 3116 „Dixit
862 3039 1029 3105 Deus
1057 3039 1343 3115 Israelis,
1399 3039 1546 3105 mihi
1582 3039 1833 3133 loquuta
1874 3053 1963 3104 est
2002 3040 2188 3104 Petra
2231 3039 2330 3102 Is-

220 3133 446 3217 rae'lis,
499 3141 622 3207 Ille
657 3147 810 3206 sicut
848 3142 996 3216 Lux
1025 3142 1254 3216 MANE,
1309 3143 1502 3207 MANE
1550 3145 1680 3206 sine
1723 3140 1998 3214 nubibuS,
2052 3139 2110 3203 Il
2159 3140 2320 3204 Sam.

215 3242 462 3308 XXIII:
511 3248 567 3307 3.
599 3248 660 3307 4.
715 3243 853 3334 Ego
877 3267 1011 3308 sum
1037 3242 1225 3308 radix
1247 3255 1308 3306 et
1326 3264 1521 3331 genus
1546 3240 1821 3316 Davidis‚
1865 3241 2101 3310 STELLA
2128 3242 2324 3327 splen-

217 3344 367 3409 dida,
418 3355 477 3408 et
531 3346 905 3419 Mun-rm,
973 3342 1409 3429 Apoc.xxl1;
1462 3349 1566 3407 16.
1645 3343 1755 3408 Ex
1811 3355 1977 3408 utero
2018 3339 2328 3406 Annorum

217 3444 340 3510 tibi
389 3469 494 3510 ros
525 3449 861 3533 juventutis
912 3455 1109 3520 tuae,“
1161 3445 1376 3510 Psalm.
1436 3440 1570 3509 CX:
1624 3448 1683 3518 3,
1736 3441 1885 3507 haec
1924 3446 1996 3507 de
2049 3443 2323 3509 Domino

215 3546 523 3625 Quoniam
553 3547 846 3611 Dominus
871 3557 956 3611 est
985 3548 1196 3620 Mane,
1250 3546 1382 3608 ideo
1423 3546 1603 3623 etiam
1649 3569 1680 3609 e
1719 3544 2030 3630 sepulchro
2075 3547 2328 3611 surrexit

215 3647 413 3734 primo
457 3649 683 3724 Mane,
752 3647 1136 3713 inchoaturus
1185 3645 1423 3715 Novam
1477 3647 1832 3722 Ecclesiam,
1910 3649 2094 3712 Marc,
2150 3648 2324 3713 XVI:

220 3752 279 3811 2.
335 3751 387 3811 9.
472 3749 648 3830 Quod
676 3746 1249 3813 Adventus-Domini
1278 3748 1702 3836 exspectandus
1729 3748 1835 3822 sit,
1879 3760 2116 3814 constat·
2138 3750 2324 3814 mani-

215 3848 366 3914 feste
397 3871 468 3915 ex
487 3850 893 3937 praedictione
924 3850 997 3913 de
1023 3848 1123 3913 ino
1154 3871 1187 3913 a
1216 3849 1509 3924 Domino,
1554 3851 1708 3943 apud
1738 3850 2128 3925 Matthaeum,
2174 3852 2326 3916 Con-

213 3949 450 4019 sidente
487 3951 646 4016 Jesu
682 3975 867 4045 super
902 3952 1122 4017 Monte
1165 3949 1493 4026 olivarum,
1570 3965 1951 4021 accesserunt
1987 3950 2075 4016 ad
2111 3950 2323 4044 Ipsum

213 4051 529 4145 Discipuli
538 4070 572 4128 -,“
608 4050 902 4129 dicenteS,
961 4052 1069 4119 dic·
1119 4052 1319 4130 nobis,
1388 4050 1697 4146 quodnam
1736 4050 2003 4116 StoNum-
2033 4052 2158 4116 Tm
2197 4049 2321 4119 Ao-

212 4174 463 4219 vl-:Nrus
512 4168 570 4220 et
628 4153 1175 4220 Consummationis
1223 4151 1481 4228 saeculi,
1548 4152 1697 4241 Cap„
1735 4151 1970 4217 XXIV:
2030 4156 2085 4215 3.
2166 4152 2321 4217 Post

187 4258 604 4350 ‘afflictionem
658 4253 885 4322 dierum
938 4258 1185 4321 istorum
1226 4251 1339 4319 Sol
1379 4252 1821 4345 obscurabitur,
1873 4262 1928 4312 et
1971 4251 2150 4317 Luna
2197 4271 2318 4312 non
