2750 4775
434 368 541 416 ¹92
672 351 1136 407 UMVERSA
1182 349 1720 405 THEOLOGIA
1765 350 1831 402 N.
1876 348 1941 402 C.
1987 348 2094 401 ET
2136 350 2204 405 N.
2245 350 2313 405 E.

431 519 495 572 ut
527 526 632 594 per
656 505 834 582 haec,
886 504 1027 591 qnid
1067 504 1386 592 Imperium
1415 513 1518 569 ant
1546 504 1825 592 Regnum
1866 502 2093 590 absque
2121 503 2383 580 Ordine,
2439 502 2548 568 nisi

432 609 690 675 Caterva
739 606 1141 695 praedonum,
1194 627 1450 693 quorum
1506 605 1701 694 plures
1753 605 2100 691 congregati
2144 602 2551 670 interficerent

434 709 631 782 millia,
676 717 735 770 et
760 707 998 771 tandem
1027 708 1196 793 pauci
1225 707 1333 773 hos
1362 707 1585 794 plures:
1640 706 1780 793 quid
1809 704 2035 774 civius
2066 706 2293 792 absque
2318 707 2549 783 ordine,

434 813 553 875 imo
581 808 720 897 quid
750 807 979 873 Domus
1009 808 1231 895 absque
1264 807 1506 879 ordine;
1557 815 1617 869 et
1647 806 1785 895 quid
1817 826 2101 892 regnum,
2154 807 2394 884 civitas,
2447 807 2551 872 do-

434 933 596 986 mus,
648 909 756 973 nisi
783 909 845 972 in
875 909 1207 995 unoquovis
1232 908 1444 995 aliquis
1468 928 1809 996 supremum
1845 916 2003 993 agat.

594 1014 741 1075 680.
789 1009 1129 1083 Praeterea,
1161 1007 1301 1095 quid
1331 1008 1503 1072 Ordo
1531 1008 1757 1096 absque
1785 1008 2180 1082 distinctione,
2205 1015 2265 1071 et
2295 1007 2440 1096 quid
2467 1008 2554 1072 di-

434 1112 669 1179 stinctio
699 1110 923 1196 absque
953 1108 1214 1185 indiciis,
1237 1118 1309 1171 ’et
1337 1110 1479 1196 quid
1506 1109 1720 1172 indicia
1749 1109 1976 1195 absque
2000 1108 2215 1195 signis,
2267 1129 2373 1194 per
2399 1130 2553 1197 quae

436 1218 873 1300 cognoscantur
889 1209 1220 1297 qualitates,
1239 1230 1374 1274 nam
1396 1210 1622 1295 absque
1652 1209 1858 1274 notitia
1871 1208 2230 1296 qualitatum
2259 1208 2416 1274 ordo
2436 1231 2552 1273 non

437 1313 813 1400 cognoscitur
841 1320 905 1375 ut
932 1311 1112 1376 ordo:
1164 1310 1329 1395 signa
1358 1332 1463 1374 seu
1492 1310 1832 1396 signaturae
1859 1310 1917 1371 in
1946 1309 2218 1396 Imperiis
2242 1318 2306 1373 et
2343 1310 2408 1373 in
2437 1310 2553 1375 Re·

439 1413 598 1501 gnis,
649 1421 797 1477 sunt·
820 1412 1004 1476 Tituli
1035 1411 1421 1497 dignitatum,
1474 1419 1532 1474 et
1559 1412 1598 1476 J
1608 1431 1712 1475 ura
1742 1409 2270 1475 administrationis
2300 1408 2420 1475 illis
2455 1411 2554 1475 ad-

434 1515 660 1589 dicata,
713 1512 851 1576 inde
900 1512 1450 1587 subordinationes‚
1526 1533 1631 1598 per
1682 1531 1831 1599 quas
1874 1510 2304 1575 coordinantur
2349 1533 2553 1577 omnes

433 1617 582 1680 sicut
609 1615 667 1677 in
696 1635 914 1688 unum,
967 1612 1081 1676 hoc
1109 1612 1285 1678 modo
1316 1615 1447 1678 Rex
1485 1612 1711 1697 regiam
1750 1631 1917 1676 suam
1960 1619 2316 1698 potestatem
2344 1633 2554 1677 secun-

437 1716 574 1779 dum
604 1714 870 1779 ordinem
900 1715 1055 1780 inter
1082 1713 1277 1801 plures
1304 1714 1676 1778 distributam
1706 1722 1971 1786 exercet,
2020 1733 2093 1775 ex
2119 1733 2240 1798 quo
2271 1712 2551 1798 Regnum

437 1816 504 1881 fit
546 1816 841 1902 Regnum.
922 1813 1126 1877 Simile
1153 1815 1213 1876 in
1246 1814 1615 1902 perplurimis
1643 1813 1819 1877 rebus
1846 1812 2001 1886 aliis,
2055 1822 2120 1876 ut
2161 1812 2223 1875 in
2264 1812 2553 1882 Exerciti-

440 1917 582 1992 bus,
636 1915 778 2003 quid
809 1914 1028 1977 valoris
1056 1912 1209 1977 soret
1239 1914 1384 1991 illis,
1435 1915 1543 1978 nisi
1572 1914 1653 1978 illi
1683 1913 1955 1977 ordinate
1985 1912 2239 1978 distincti
2268 1924 2470 1978 essent
2498 1914 2554 1977 iu

438 2016 792 2105 phalanges,
853 2011 967 2077 hae
1020 2014 1076 2075 in
1128 2013 1433 2090 cohortes,
1503 2024 1562 2079 et
1604 2013 1717 2078 hae
1771 2015 1832 2076 in
1878 2024 2133 2087 turmas,
2192 2024 2250 2077 et
2311 2014 2552 2101 singulis

436 2116 717 2204 praelecti
758 2117 873 2181 sint
915 2114 1172 2179 minores
1199 2114 1405 2191 duces,
1457 2126 1517 2179 et
1556 2115 1830 2180 omnibus
1873 2135 2023 2178 unus
2062 2113 2163 2200 qui
2204 2136 2552 2202 supremus,

433 2228 493 2282 et
525 2218 662 2305 quid
692 2215 1113 2279 Ordinationes
1138 2215 1274 2279 illae
1303 2216 1527 2302 absque
1553 2216 1752 2302 signis,
1796 2236 1952 2302 quae
1979 2222 2276 2278 vocantur
2303 2215 2555 2291 Vexilla‚

437 2338 588 2406 quae
618 2316 877 2379 indicent
902 2314 963 2376 in
994 2335 1109 2402 qua
1137 2317 1392 2380 statione
1420 2317 1668 2406 quisque
1708 2317 1851 2389 erit;
1907 2337 2010 2404 per
2052 2314 2191 2378 talia
2240 2336 2462 2380 omnes
2499 2317 2552 2379 in

439 2418 674 2504 praeliis
698 2418 847 2480 sicut
876 2437 1056 2478 unum
1086 2427 1291 2503 agunt,
1326 2428 1385 2483 et
1412 2420 1637 2505 absque
1664 2418 1775 2482 illis
1803 2426 2042 2481 ruerent
2072 2426 2283 2482 contra
2318 2415 2552 2482 bostem

437 2536 555 2582 non
600 2517 774 2580 aliter
821 2537 998 2601 quam
1051 2516 1200 2583 sicut
1245 2529 1524 2582 catervae
1571 2539 1783 2583 canum
1825 2540 1957 2583 cum
2011 2518 2257 2582 rictibus
2315 2519 2554 2606 apertis,

437 2615 664 2680 ululatu
707 2625 765 2680 et
802 2616 1002 2680 surore
1033 2620 1226 2695 inani,
1279 2630 1337 2683 et
1382 2628 1525 2683 tunc
1566 2639 1773 2684 omnes
1811 2620 2031 2705 absque
2078 2617 2437 2682 fortitudine
2480 2619 2549 2683 ab

435 2716 605 2782 hoste
633 2718 694 2780 in
719 2718 903 2803 justas
931 2720 1084 2783 acies
1113 2718 1471 2807 composito,
1518 2721 1986 2794 trucidarentur,
2042 2739 2176 2797 nam
2206 2720 2354 2807 qnid
2383 2718 2553 2784 divisi

438 2827 647 2886 contra
678 2821 886 2884 unitos.
968 2819 1085 2884 Per
1126 2819 1272 2884 baec
1304 2820 1634 2885 illustratur
1680 2822 1902 2907 primus
1939 2819 2036 2883 hic
2075 2841 2214 2885 usus
2255 2819 2552 2907 baptismi,

436 2921 537 3006 qui
565 2930 650 2985 est
679 2921 908 3005 signnm
940 2919 997 2984 in
1028 2920 1254 2986 Mundo
1281 2922 1604 3009 spirituali,
1646 2921 1806 3006 quod
1834 2921 1906 2985 sit
1935 2940 2006 2983 ex
2033 2919 2408 2996 Christianis,
2454 2919 2550 2985 ubi

436 3021 684 3109 quisque
710 3023 990 3087 inseritur
1014 3021 1400 3086 societatibus
1428 3030 1487 3084 et
1525 3021 2084 3107 congregationibus
2113 3020 2196 3084 ibi
2223 3023 2553 3087 secundum

434 3124 777 3206 qualitatem
806 3121 1235 3189 Christianismi
1261 3123 1322 3185 in
1349 3122 1456 3187 illo
1484 3131 1586 3186 aut
1616 3131 1782 3187 extra
1811 3123 1994 3186 illum.

438 3346 626 3432 Quod
649 3348 955 3415 secundus
987 3350 1156 3415 Usus
1183 3348 1488 3442 Baptismi
1522 3352 1634 3425 sit,
1688 3362 1751 3413 ut
1799 3346 2184 3415 Christianus
2220 3362 2546 3440 cognoscat

506 3464 564 3516 et
601 3465 897 3541 agnoscat
930 3450 1253 3515 Dominum
1293 3450 1507 3515 Jesum
1551 3447 1853 3514 Christum
1889 3448 2352 3542 Redemptorem
2392 3462 2468 3516 εἴ

919 3549 1322 3627 Salvatorem,
1373 3565 1432 3624 et
1476 3563 1766 3643 sequatur
1810 3550 2043 3643 Ipsum.

586 3729 730 3787 681.
788 3722 954 3787 Alter
980 3721 1076 3785 bic
1104 3746 1239 3788 usus
1267 3726 1589 3813 Baptismi,
1643 3726 1741 3814 qui
1770 3735 1858 3790 est
1885 3736 1949 3790 ut
1981 3734 2302 3812 cognoscat
2337 3725 2547 3790 Domi-

429 3845 572 3896 num
614 3823 1076 3909 Redemptorem
1118 3835 1178 3888 et
1210 3825 1586 3893 salvatorem
1613 3828 1820 3892 Jesum
1851 3824 2187 3902 Christum,
2239 3827 2544 3912 insepara-

429 3924 629 3989 biliter
655 3922 922 4010 sequitur
947 3923 1244 4003 Primum,
1298 3928 1400 4015 qui
1431 3926 1703 4014 estquod
1732 3927 1807 3991 sit
1845 3926 2222 3991 introductio·
2249 3927 2310 3989 in
2342 3927 2546 3995 Eccle-

427 4024 574 4089 siam
603 4023 1032 4102 Christianam,
1084 4048 1155 4091 ac
1183 4028 1425 4092 insertio
1453 4028 1609 4092 inter
1637 4027 2005 4093 Christianos
2031 4029 2090 4090 in
2117 4026 2351 4092 Mundo
2376 4027 2547 4116 spiri-

431 4124 603 4201 tuali,
675 4134 735 4190 et
787 4126 924 4214 quid
981 4129 1203 4215 primus
1244 4129 1341 4192 ille
1388 4150 1528 4193 usus
1571 4129 1795 4215 absque
1848 4128 2119 4216 sequenti
2173 4126 2289 4191 hoc
2336 4128 2545 4203 altero,

429 4245 607 4309 quam
634 4227 824 4293 solum
854 4248 1101 4303 nomen,
1156 4237 1214 4290 et
1259 4236 1455 4290 tamen
1496 4249 1616 4290 non
1655 4237 1741 4292 est
1772 4229 1877 4293 nisi
1906 4231 2056 4294 sicut
2082 4227 2414 4305 subditus„
2444 4228 2542 4315 qui
