2750 4775
498 394 653 448 xlv.
736 391 1416 448 CONSUMMA'HO
1456 394 1842 449 SAECULI
1902 395 2068 451 ETC.
2229 407 2335 458 277

227 558 430 637 patet,
482 547 624 633 quid
665 570 771 635 per
824 548 1406 613 Cousunimationem
1463 548 1712 623 saeculi,
1768 548 1840 613 de
1886 569 2005 636 qua
2050 550 2338 618 Dominus

225 650 389 737 apud
438 649 881 735 Evangelistas,
937 648 1146 713 Matth.
1191 648 1428 716 XXIV:
1484 650 1675 714 Marc.
1705 649 1885 715 XIII:
1939 650 2081 716 Luc.
2123 651 2338 730 XX12,

226 752 517 837 loquutus
542 760 662 825 est,
713 750 1089 836 intelligitur:
1131 769 1266 815 uam
1295 749 1543 836 legitur,
1602 750 1961 816 Considerate
1985 749 2136 816 Jesu
2160 777 2343 845 super

227 853 457 918 Monte
485 849 778 918 olivarum
818 865 1194 917 accesserunt
1234 850 1323 916 ad
1344 852 1557 943 Ipsum
1586 850 1894 944 Discipuli
1915 855 2163 918 seorsim
2178 901 2195 929 ,
2247 852 2339 919 di—

226 967 466 1028 centes,
516 951 822 1043 quodnam
881 956 1118 1043 signum
1165 956 1255 1017 tui
1311 950 1634 1018 Adventus
1688 967 1744 1017 et
1798 953 2341 1020 consummationis

223 1056 485 1130 saeculi,
515 1053 724 1118 Matth.
745 1053 977 1120 XXIV:
1009 1058 1082 1127 3;
1125 1063 1183 1116 et
1213 1063 1354 1117 tunc
1381 1073 1621 1118 exorsus
1648 1054 1939 1119 Dominus
1966 1053 2252 1144 praedixit
2281 1066 2340 1122 et

223 1154 539 1241 descripsit
565 1153 1175 1230 Consummatiouem,
1228 1154 1418 1240 qualis
1445 1155 1769 1219 successive
1800 1155 1997 1220 futura
2035 1165 2124 1222 est
2152 1178 2337 1244 usque

225 1256 300 1319 ad
342 1279 518 1320 suum
548 1253 916 1330 Adventum,
970 1265 1029 1318 et
1069 1257 1227 1341 quod
1267 1264 1408 1319 tunc
1453 1264 1736 1319 venturus
1774 1256 1832 1318 in
1881 1256 2135 1323 nubibus
2173 1258 2335 1324 Caeli

226 1379 366 1421 cum
418 1358 632 1420 virtute
662 1366 718 1420 et
746 1358 965 1442 gloria,
1014 1368 1072 1421 et
1115 1367 1587 1442 congregaturus
1630 1358 1849 1421 electos
1885 1379 2050 1434 suos,
2104 1369 2338 1445 praeter

223 1460 437 1546 plura,
491 1458 654 1523 Vers.
702 1462 803 1522 30.
856 1462 980 1533 31,
1032 1478 1183 1544 quae
1229 1459 1563 1522 nullatenus
1601 1461 1975 1543 contigerunt
2012 1459 2071 1522 in
2111 1458 2339 1528 destru-

223 1561 429 1623 ctione
464 1559 941 1649 Hierosolymae.
1023 1560 1190 1628 Haec
1230 1560 1309 1622 ibi
1353 1560 1640 1624 Dominus
1679 1581 1951 1623 sermone
1994 1559 2335 1648 prophetico

223 1661 564 1747 descripsit,
616 1661 674 1723 in
717 1683 836 1746 quo
876 1661 1105 1747 singula
1155 1662 1336 1724 verba
1383 1671 1519 1725 sunt
1560 1661 1800 1724 totidem
1844 1663 2138 1749 pondera:
2192 1662 2333 1749 quid

221 1761 461 1848 singula
490 1762 571 1824 ibi
601 1763 946 1836 involvunt,
1001 1763 1353 1850 explicatum
1394 1771 1479 1826 est
1509 1762 1566 1825 in
1596 1760 1870 1827 Amms
1899 1763 2335 1840 Canentem,

224 1885 296 1925 n:
353 1866 524 1927 3353
556 1862 631 1927 ad
661 1866 854 1927 3356.
888 1868 1076 1928 3486.
1108 1862 1180 1926 ad
1216 1865 1408 1930 3489.
1465 1867 1637 1928 3650
1683 1863 1757 1928 ad
1804 1866 1996 1928 3655.
2040 1868 2206 1928 3751
2254 1865 2330 1930 ad

229 1968 429 2028 3757.
475 1967 647 2027 3897
681 1966 753 2028 ad
787 1969 979 2029 3901.
1029 1968 1203 2029 4056
1236 1964 1308 2030 ad
1341 1966 1533 2028 4060.
1583 1968 1753 2030 4229
1800 1963 1872 2027 ad
1911 1967 2102 2030 4231.
2154 1969 2324 2031 4332

223 2064 302 2129 ad
334 2068 528 2129 4335.
562 2067 735 2129 4422
766 2066 840 2129 ad
870 2068 1064 2129 4424.
1213 2089 1220 2100 ·

386 2171 531 2230 ἵ58.
588 2165 766 2245 Quod
794 2168 992 2232 omnia
1019 2165 1151 2241 illa,
1205 2187 1357 2252 quae
1389 2165 1677 2230 Dominus
1721 2187 1852 2228 cum
1899 2166 2207 2255 Discipulis
2245 2166 2331 2232 lo-

225 2277 447 2353 quutus
473 2277 590 2342 est,
643 2268 715 2331 de
744 2268 952 2332 ultimo
981 2278 1245 2355 tempore
1273 2266 1570 2331 Ecclesiae
1599 2265 1963 2333 Christianae
2002 2267 2155 2332 dicta
2196 2268 2330 2343 siut,

229 2367 538 2433 manifeste
568 2379 726 2454 patet
765 2390 834 2434 ex
862 2366 1249 2460 Apocalypsi,
1302 2369 1411 2434 u'bi·
1442 2367 1653 2433 similia
1696 2369 1768 2433 de
1809 2367 2326 2436 consummatione

229 2469 452 2535 saeculi
494 2479 548 2532 et
590 2471 662 2533 de
699 2470 976 2536 Adventu
1022 2471 1240 2559 Ipsius,
1313 2468 1762 2560 praedicuntur,
1829 2492 1983 2557 quae
2028 2473 2226 2539 omnia
2268 2472 2328 2537 in

235 2568 627 2634 Amanum
673 2572 1014 2637 Ravenna
1062 2571 1236 2637 Anno
1287 2577 1458 2637 1766
1506 2571 1694 2647 edita,
1755 2573 2093 2659 singulatim
2149 2574 2331 2661 expli—

127 2706 140 2723 ·
234 2679 367 2733 cata
397 2681 561 2734 sunt:
618 2692 769 2737 nunc
808 2675 944 2761 quia
984 2673 1118 2748 illa,
1170 2695 1322 2759 quae
1366 2673 1656 2739 Dominus
1696 2672 1766 2736 de
1809 2674 2327 2743 consummatione

207 2772 448 2839 -saeculi
490 2782 548 2835 et
591 2773 661 2837 de
699 2772 977 2839 Adventu
1018 2797 1124 2839 suo
1165 2796 1365 2840 coram
1406 2774 1716 2863 Discipulis
1763 2775 1936 2851 dixit,
1989 2775 2327 2841 coincidunt

225 2895 362 2938 cum
395 2872 532 2948 illis,
584 2897 737 2960 quae
779 2886 978 2962 postea
1007 2876 1067 2938 in
1096 2875 1453 2966 Apocalypsi
1492 2898 1595 2962 per
1635 2876 1970 2940 Johannem
2010 2876 2083 2938 de
2122 2873 2325 2937 iisdem

221 2975 550 3051 revelavit,
630 2987 790 3062 patet
841 2977 1033 3050 clare,
1103 2979 1261 3062 quod
1315 2999 1434 3043 non
1488 2976 1660 3041 aliam
1721 2973 2320 3049 Consummationem,

222 3097 402 3162 quam
435 3076 733 3141 Ecclesiae
758 3078 1081 3142 hodiernae
1106 3077 1504 3151 Christianae,
1556 3075 1924 3139 intellexerit.
2002 3073 2326 3140 Praeterea

223 3178 299 3240 de
329 3175 503 3263 hujus
532 3178 829 3243 Ecclesiae
869 3179 984 3242 fine
1012 3180 1190 3243 etiam
1231 3179 1387 3266 apud
1418 3179 1725 3243 Danielem
1771 3175 2183 3262 prophetatum
2220 3184 2326 3251 est,

221 3299 411 3365 quare
441 3279 580 3342 dicit
604 3279 924 3356 Dominus,
981 3279 1125 3344 Cum
1152 3278 1435 3344 videritis
1462 3278 1965 3345 abominationem
1999 3273 2325 3342 desolatio·

222 3384 355 3453 niS,
403 3379 775 3471 praedictam
803 3406 845 3447 a
874 3379 1132 3446 Daniele
1157 3378 1468 3472 Propheta
1486 3430 1499 3453 ,
1553 3392 1809 3444 stantem
1842 3381 1905 3442 in
1934 3376 2067 3442 loco
2094 3392 2324 3453 sancto,

219 3482 337 3571 qui
371 3479 518 3569 legit
545 3482 733 3575 probe
767 3495 955 3555 notet,
1002 3482 1211 3545 Mauh.
1246 3481 1480 3546 XXIV:
1525 3485 1619 3544 15.
1679 3481 1830 3544 Dan.
1861 3479 1979 3544 IX:
2026 3483 2125 3543 27.
2166 3479 2328 3543 simi·

214 3583 355 3645 liter
394 3583 572 3646 etiam
618 3584 773 3668 apud
815 3583 1075 3670 reliquos
1118 3582 1463 3671 Prophetas.
1547 3580 1723 3661 Quod
1772 3581 1902 3645 talis
1949 3577 2326 3647 Abominatio

216 3682 603 3748 desolationis
639 3683 813 3748 hodie
850 3684 925 3749 sit
963 3684 1028 3744 in·
1053 3682 1316 3749 Ecclesia
1343 3683 1711 3758 Christiana,
1766 3681 1958 3747 adhuc
1999 3683 2228 3771 patebit,
2254 3704 2324 3746 ex

216 3782 595 3871 Appendice,
648 3785 706 3848 in
735 3807 851 3872 qua
882 3784 1209 3859 videbitur,
1262 3786 1423 3871 quod
1453 3807 1569 3847 non
1600 3785 1834 3847 unicum
1865 3786 2183 3871 genuinum
2225 3805 2325 3848 ve-

217 3907 353 3949 rum
387 3885 445 3947 in
476 3884 739 3950 Ecclesia
770 3885 1062 3950 residuum
1092 3886 1198 3960 sit,
1244 3895 1301 3947 et
1330 3907 1567 3972 quoque
1594 3885 1752 3972 quod
1786 3885 1889 3951 nisi
1919 3885 2094 3951 Nova
2125 3885 2328 3950 Eccle-

212 3987 303 4051 sia
347 3987 484 4049 loco
531 3985 857 4059 hodiernae
905 3986 1325 4062 exsuscitetur,
1393 3984 1597 4053 Nulla
1642 4010 1787 4052 caro
1830 3983 2065 4052 salvari
2107 3989 2325 4080 possit,

210 4082 542 4157 secundum
588 4087 787 4154 Verba
832 4087 1074 4153 Domini
1119 4086 1271 4175 apud
1311 4087 1684 4152 Matthaeum
1741 4087 1882 4173 Cap.
1928 4086 2156 4152 XXIV:
2219 4089 2321 4149 22.

211 4188 397 4271 Quod
446 4187 709 4254 Ecclesia
757 4187 1123 4264 Christiana,
1175 4186 1364 4275 qualis
1406 4196 1496 4255 est
1543 4186 1753 4263 hodie,
1810 4186 1866 4247 in
1913 4195 2140 4250 tantum
2188 4206 2325 4249 con-

211 4300 511 4357 summata
534 4300 599 4353 et
630 4299 859 4357 vastata
888 4290 993 4367 sit,
1049 4308 1166 4354 non
1197 4288 1385 4357 videri
1414 4294 1603 4378 potest
1648 4285 1945 4353 abillisin
1976 4294 2170 4359 terra,
2223 4283 2326 4370 qui
