2750 4775
506 390 613 436 tto
732 374 1190 429 UMVERSA
1234 372 1768 427 THEOLOGIA
1822 373 1892 428 N.
1931 371 1999 426 C.
2041 372 2147 424 ΕΤ
2186 372 2257 428 Ν.
2299 372 2365 425 Ε.

493 530 639 605 illis,
693 537 928 615 praeter
964 528 1123 614 quod
1161 526 1342 593 homo
1381 528 1439 591 id
1475 529 1657 600 sciat}
1712 525 1848 590 inde
1884 535 2004 603 est,
2065 524 2227 613 quod
2265 521 2565 611 ⁴Angelier

499 638 619 695 una
657 630 888 694 actione
924 628 1177 694 hominis
1217 629 1543 719 percipiant
1578 629 1768 716 qualis
1802 627 1930 714 ejus
1956 628 2236 692 voluntas
2261 635 2383 701 est,
2432 635 2485 689 et
2507 645 2572 688 er

500 753 617 796 una
658 729 890 817 loquela
931 732 1058 817 ejus
1084 729 1273 816 qualis
1312 731 1440 815 ejus
1470 731 1783 814 cogitatio,
1832 730 1957 793 sive
1983 727 2286 795 infernalis
2311 727 2570 791 sivecae-

499 835 658 899 lestis
681 834 785 907 sit,
826 831 962 896 inde
989 841 1243 896 noscunt
1265 842 1455 896 totum
1484 831 1814 905 hominem,
1868 851 1938 895 ex
1963 851 2122 895 sono-
2142 828 2466 918 percipiunt
2500 824 2573 889 af·

495 933 812 999 sectionem
856 933 987 1019 ejus
1037 934 1442 1019 cogitationis,
1517 943 1577 996 et
1620 952 1692 995 ex
1745 940 1912 1019 gestu
1955 953 2062 996 seu
2108 929 2303 996 forma
2351 926 2574 992 actionis

497 1056 763 1101 amorem
822 1036 948 1117 ejus
997 1034 1346 1108 voluntatis;
1427 1034 1526 1098 illa
1584 1032 1949 1121 pei-,cipiunt
2019 1041 2322 1119 utcunque
2364 1029 2575 1094 simulat

496 1136 896 1204 Christianum
924 1145 984 1199 et
1011 1135 1199 1199 civem
1229 1136 1531 1200 moralem.

652 1241 800 1300 594.
876 1237 1275 1324 Regeneratio
1318 1236 1572 1300 hominis
1622 1233 1971 1301 describitur
2015 1234 2194 1322 apud
2227 1231 2572 1297 Ezechielem

500 1360 606 1425 per
628 1338 781 1403 Ossa
821 1339 1019 1414 arida,
1068 1358 1244 1426 super
1284 1357 1441 1424 quae
1478 1336 1910 1401 inducebantur
1950 1336 2147 1410 nervi,
2200 1344 2405 1422 postea
2436 1352 2573 1406 caro,

497 1449 556 1503 et
599 1450 790 1515 cutes,
857 1449 918 1502 et
971 1440 1206 1503 demum
1248 1439 1564 1525 inspiratus
1601 1448 1688 1502 est
1721 1437 1990 1524 spiritus,
2043 1457 2149 1522 per
2189 1457 2347 1522 quae
2375 1434 2575 1499 revixe-

498 1550 674 1617 runt,
726 1540 869 1629 Cap.
897 1540 1222 1607 XXXVII:
1269 1543 1296 1603 1
1334 1539 1409 1605 ad
1442 1540 1545 1614 14,
1601 1538 1758 1625 quod
1789 1560 1893 1625 per
1918 1536 2016 1601 illa
2055 1543 2493 1623 repraesentata
2514 1531 2575 1596 sit

500 1642 935 1728 Regeneratio,
988 1650 1149 1729 patet
1188 1641 1347 1704 clare
1375 1639 1453 1703 ab
1481 1638 1568 1703 his
1595 1641 1697 1716 ibi,
1752 1640 1914 1705 Ossa
1951 1637 2108 1703 haec
2137 1653 2283 1703 sunt
2321 1651 2452 1702 tota
2486 1632 2574 1700 do-

501 1768 632 1809 mus
658 1741 936 1819 IsraeliS,
970 1741 1151 1806 vers.
1190 1745 1287 1805 11.
1343 1739 1740 1826 Comparatur
1776 1741 1953 1804 eitam
1983 1740 2066 1805 ibi
2094 1757 2225 1803 cum
2255 1735 2574 1827 sepulchris,

500 1866 637 1909 nam
678 1842 923 1930 legitur,
975 1840 1143 1933 quod
1166 1857 1485 1936 aperturus·
1524 1842 1602 1906 sit
1640 1840 1994 1935 sepulchra,
2044 1854 2103 1905 et
2131 1838 2455 1905 ascendere
2473 1831 2573 1924 sa-

499 1959 704 2010 clarus
745 1967 890 2009 ossa
918 1942 1089 2018 inde,
1142 1957 1198 2006 et
1223 1943 1480 2011 daturus
1501 1947 1776 2037 spiritum
1806 1946 1866 2007 in
1895 1942 2053 2019 illis,
2106 1957 2165 2007 et
2189 1940 2574 2011 collocaturus

499 2045 646 2111 illos
669 2066 852 2137 super·
872 2059 1031 2109 term
1058 2044 1333 2122 Israelis,
1386 2033 1551 2111 Vers
1587 2040 2572 2132 12.13.14;perie1ram1srat÷·

426 2190 440 2199 κ
501 2134 569 2211 lis
609 2146 959 2232 intelligitur
994 2146 1073 2208 ibi
1112 2155 1171 2208 et
1200 2148 1339 2212 alibi
1367 2146 1650 2211 Ecclesia.
1705 2145 1882 2226 Quod
1911 2145 2389 2232 repraesentatio
2429 2159 2571 2225 rege·

500 2248 822 2313 nei-ationis
858 2247 1014 2311 facta
1054 2246 1126 2310 sit
1166 2269 1301 2334 per
1314 2269 1446 2313 ossa
1487 2257 1545 2312 et
1572 2245 1921 2333 sepulchra,
1974 2255 2061 2311 est
2086 2247 2223 2332 quia
2255 2246 2433 2310 homo
2473 2259 2574 2303 non

500 2358 886 2434 regeneratus
926 2357 1173 2414 vocatur
1211 2360 1512 2426 mortuus,
1569 2357 1632 2413 et
1682 2356 2069 2436 regeneratus
2110 2347 2315 2424 vivus,
2383 2345 2440 2408 in
2479 2341 2572 2405 hoc

498 2452 655 2531 enim
694 2460 783 2513 est
810 2450 929 2514 vita
957 2447 1303 2536 spiritualis,
1354 2452 1417 2514 in
1445 2451 1545 2515 illo
1575 2460 1784 2514 autem
1802 2471 1960 2516 mors
1981 2441 2321 2535 spiritualis.

570 2597 573 2602 -
658 2554 804 2614 595.
862 2551 932 2613 In
961 2552 1119 2614 omni
1147 2562 1348 2615 creato
1373 2553 1433 2615 iu
1461 2551 1688 2634 Mundo
1722 2559 1843 2615 tam
1872 2551 2215 2637 vivoquam
2247 2558 2477 2614 mortuo
2502 2550 2572 2607 est

501 2652 807 2716 Internum
836 2662 893 2715 et
922 2652 1277 2729 Externum,
1331 2674 1450 2715 non
1481 2653 1655 2717 datur
1684 2674 1865 2716 unum
1892 2652 1993 2716 ubi
2019 2673 2139 2715 non
2163 2651 2438 2725 alterum,
2483 2645 2573 2710 sic·

501 2762 567 2816 ut
606 2775 727 2817 non
767 2752 1006 2828 eflectus
1033 2754 1256 2839 absque
1284 2775 1491 2832 causa,
1542 2762 1600 2817 et
1629 2775 1804 2817 omne
1833 2761 2095 2817 creatum
2115 2754 2468 2816 aestimatur
2499 2766 2573 2809 se·

499 2845 1126 2926 cundumfbonitatem
1182 2857 1513 2932 internam,
1567 2864 1627 2917 et
1688 2854 2063 2943 vilipenditur
2112 2875 2183 2916 ex
2231 2849 2573 2937 malignitate

422 2989 423 2996 ι
497 2949 750 3030 interna,
801 2956 1069 3020 similiter
1092 2956 1323 3021 bonitas
1349 2966 1590 3026 externa
1618 2955 1678 3018 in
1712 2973 1827 3046 qua
1853 2966 1941 3020 est
1972 2954 2302 3041 malignitas
2332 2957 2572 3018 interum

500 3056 691 3121 omnis
716 3057 948 3142 sapiens
975 3057 1310 3134 in‘Mundo,
1361 3066 1424 3120 et
1448 3059 1639 3122 omnis
1665 3056 1927 3144 Angelus
1958 3057 2016 3121 in
2045 3053 2223 3120 Caelo
2252 3059 2332 3119 ita
2362 3055 2573 3143 judicat,

498 3156 603 3222 sed
641 3158 829 3245 qualis
869 3157 1048 3221 homo
1089 3179 1208 3223 non
1254 3168 1647 3245 ‘regeneratus
1688 3168 1805 3233 est,
1865 3168 1932 3221 et
1968 3157 2158 3243 qualis
2197 3160 2571 3243 regeneratus,

499 3260 782 3324 illustrari
839 3269 1028 3347 potest
1080 3280 1189 3347 per
1230 3245 1731 3349 comparationem
1799 3259 1980 3326 homo
2029 3279 2145 3323 non
2193 3264 2569 3345 regeneratus,

501 3362 601 3448 qui
641 3360 877 3432 simulat
915 3361 1103 3426 civem
1143 3362 1426 3440 moralem
1466 3372 1526 3425 et
1552 3359 1849 3424 hominem
1879 3359 2306 3438 Christianum,
2365 3372 2571 3443 compa·

498 3462 621 3526 rari
662 3469 854 3549 potest
893 3462 1198 3539 cadaveri,
1249 3462 1410 3549 quod
1448 3460 1787 3526 aromaticis
1816 3461 2170 3536 involvitur,
2224 3462 2383 3547 quod
2411 3471 2569 3541 usque

496 3563 720 3649 spargit
748 3573 1040 3648 putorem,
1096 3586 1212 3650 quo
1243 3562 1565 3628 aromatica
1595 3561 1813 3637 inficit,
1855 3571 1913 3625 et
1942 3563 2000 3625 in
2029 3579 2204 3626 nares
2219 3583 2293 3632 se
2319 3561 2569 3625 insinuat,

498 3672 558 3726 et
605 3662 781 3726 laedit
819 3664 1159 3727 cerebrum:
1213 3674 1274 3728 et
1313 3684 1550 3750 quoque
1594 3663 1922 3750 comparari
1963 3672 2152 3749 potest
2179 3671 2324 3728 ,cum
2369 3652 2570 3728 Mumia

499 3763 801 3839 inaurata,
853 3765 1041 3828 autin
1075 3767 1246 3853 cippo
1278 3766 1579 3851 Argenteo
1607 3764 1854 3839 locata,·
1886 3766 1983 3850 qui
2011 3786 2147 3828 cum
2176 3760 2572 3850 introspicitun

497 3862 561 3927 in
589 3875 890 3952 aspectum
919 3867 1082 3932 venit
1109 3888 1321 3953 corpus
1348 3864 1695 3931 deformiter
1720 3866 1973 3953 nigrum.
2027 3865 2375 3954 Comparari,
2404 3861 2569 3953 potest

499 3984 634 4028 cum
654 3963 900 4044 *ossibus
936 3988 1041 4031 seu
1068 3966 1309 4033 sceletis
1340 3966 1401 4029 in
1428 3964 1742 4058 sepulchro
1771 3988 1843 4031 ex
1866 3966 2058 4056 lapide
2086 3965 2258 4032 lazuli
2285 3978 2347 4031 et
2375 3958 2568 4053 pretio·

494 4064 768 4130 sitatibus
800 4067 926 4131 aliis
953 4079 1271 4133 exornato.
1327 4069 1660 4154 comparari
1692 4070 1868 4133 etiam
1897 4078 2089 4158 potest
2115 4067 2314 4144 diviti,
2363 4063 2485 4153 qui
2494 4060 2565 4121 in·

497 4167 791 4234 duebatur
819 4187 1078 4256 purpura
1107 4179 1167 4233 et
1198 4170 1410 4261 bysso,
1441 4171 1606 4257 cujus
1633 4165 1832 4235 tamen
1868 4170 2166 4235 internum
2193 4166 2305 4234 fuit
2330 4167 2564 4231 inferna

492 4267 585 4345 le,
608 4268 747 4335 Luc.
776 4267 935 4338 *XVI
969 4265 1075 4364 [19
1085 4264 1123 4363 .]
1150 4271 1500 4362 Comparari
1530 4271 1774 4336 ulterius
1794 4278 1978 4360 potest
2009 4289 2252 4336 veneno
2263 4254 2562 4335 saccharini
