2750 4775
782 362 935 419 xm.
1017 362 1363 418 SANCTA
1408 364 1730 422 COENA.
2049 387 2056 396 ·
2189 378 2290 428 2⁵1

190 516 271 581 ad
319 515 592 581 ultimum
621 514 1044 603 Apostolorum
1086 516 1403 594 intrantes3
1455 526 1514 582 et
1554 539 1690 583 mox
1733 517 1977 607 quisque
2015 519 2089 584 ad
2131 539 2299 586 suam

186 639 468 683 mensam
495 617 871 696 aecedensse
898 618 1160 707 reposuit
1184 641 1362 707 super
1387 629 1520 684 toro
1550 619 1625 684 ad
1651 629 1827 707 caput
1858 620 2013 706 ejus;
2065 629 2123 684 et
2161 621 2299 686 inde

187 718 479 784 dixerunt
508 718 587 783 ad
611 718 1084 793 circumstantes,
1137 720 1484 785 discumbite
1512 720 1700 784 etiam·
1720 742 1826 785 vos
1850 721 2189 794 nobiscum;
2240 731 2300 787 et

186 820 635 885 discubuerunt·
651 819 759 885 viri
788 842 922 883 cum
950 819 1230 885 Patribus
1254 822 1387 899 illis,
1430 832 1490 885 et
1517 820 1809 886 faeminae
1838 843 1966 886 cum
2004 822 2301 888 Uxoribus

183 920 473 997 illorum,
523 929 581 985 et
608 920 993 986 comederunt
1023 931 1082 986 et
1121 922 1399 990 biberunt
1442 924 1501 985 in
1531 921 1795 998 laetitia,
1844 932 1903 987 et
1944 944 2077 986 cum
2123 943 2301 989 vene-

182 1023 448 1088 ratione.
521 1022 664 1087 Post
692 1021 1001 1110 prandium
1027 1024 1337 1088 exiverunt
1376 1024 1458 1088 illi
1484 1024 1723 1096 Patres;
1776 1028 1835 1087 et
1872 1033 2012 1088 tunc
2051 1015 2300 1102 instituti

183 1133 341 1188 sunt
365 1124 521 1199 ludi,
573 1122 825 1190 choreae
852 1124 1147 1211 virginum
1186 1134 1246 1189 et
1282 1126 1603 1212 juvenum,
1654 1133 1713 1188 et
1755 1134 1883 1211 post
1927 1124 2032 1190 bas
2070 1135 2302 1212 specta-

188 1224 367 1289 cula:
416 1225 633 1312 quibus
673 1222 849 1290 finitis
886 1224 1293 1291 invitabantur
1336 1226 1549 1291 iterum
1592 1226 1665 1291 ad
1712 1225 1963 1313 Epulas,
2013 1227 2115 1292 sed
2161 1249 2296 1292 cum

184 1334 458 1403 statuto,
513 1325 668 1412 quod
699 1327 886 1412 primo
914 1326 1011 1392 die
1033 1327 1412 1392 comederent
1440 1348 1573 1392 cum
1600 1324 1899 1404 Abramo‚
1946 1328 2131 1392 altero
2160 1351 2294 1392 eum

186 1426 421 1503 Isaeo,
458 1426 632 1491 tertio
679 1449 812 1492 cum
854 1427 1127 1504 Jacobo‚
1180 1438 1396 1515 quarto
1443 1451 1576 1492 cum
1619 1429 1838 1503 Petro,
1903 1428 2114 1514 quinto
2162 1417 2293 1493 cum

184 1528 469 1604 Jacobo,
523 1536 690 1592 sexto
730 1549 864 1593 cum
891 1527 1202 1605 Jobanne,
1242 1531 1493 1617 septimo
1520 1551 1654 1594 cum
1680 1528 1903 1604 Paulo,
1955 1539 2014 1593 et
2042 1551 2174 1593 cum
2203 1519 2313 1594 re-‘

186 1628 697 1716 liqmsinordine
723 1649 909 1716 usque
936 1631 1010 1693 ad
1041 1631 1475 1718 quindecimum
1510 1631 1694 1707 diem,
1748 1651 1782 1694 a
1823 1653 1941 1717 quo
1980 1631 2192 1694 iterum
2237 1632 2295 1696 in

40 1781 41 1810 ÷
146 1730 370 1807 ⁴simili
408 1730 628 1794 ordine
681 1729 1136 1798 comessationes
1181 1740 1546 1798 renovarent
1604 1731 1892 1797 variando
1937 1732 2145 1808 sedes,
2232 1742 2293 1802 et

185 1831 283 1897 sic
310 1832 370 1894 in
399 1840 725 1896 aeternum.
807 1832 951 1900 Post
977 1831 1124 1897 baec
1151 1829 1414 1919 Angelus
1451 1833 1804 1899 convocavit
1832 1831 1993 1898 viros
2019 1831 2299 1911 cohortis,

187 1942 255 1997 et
281 1932 428 1996 dixit
451 1932 592 2008 illis,
648 1931 706 1995 bi
736 1953 972 2008 omnes,
1013 1956 1161 2022 quos
1189 1933 1413 1999 vidistis
1437 1934 1513 1997 ad
1541 1955 1801 2010 mensas,
1847 1935 1905 1996 in
1933 1934 2105 1998 simili
2135 1934 2295 2019 cogi-

186 2029 421 2099 tatibne
456 2034 804 2119 imaginaria
844 2033 921 2098 de
944 2033 1188 2099 Gaudiis
1214 2034 1405 2110 Caeli,
1458 2044 1519 2100 et
1555 2035 1691 2099 inde
1719 2034 2026 2100 Felicitate
2049 2044 2293 2102 aeterna

189 2157 330 2200 eum
361 2135 531 2200 vobis
554 2134 823 2208 fuerant;
875 2144 934 2198 et
961 2145 1200 2223 propter
1225 2134 1434 2209 finem,
1488 2144 1552 2199 ut
1591 2137 1698 2224 ipsi
1738 2136 1975 2201 videant
2003 2136 2295 2202 vanitates

188 2237 463 2300 idearum
491 2258 762 2311 suarum,
816 2245 875 2301 et
903 2235 979 2299 ab
1007 2237 1119 2302 illis
1151 2237 1553 2313 abducantur,
1604 2236 1905 2302 institutae
1942 2246 2108 2312 sunt,
2160 2246 2219 2301 et
2257 2259 2294 2302 a
2333 2309 2339 2316 ,

189 2333 459 2403 Domino
482 2338 803 2426 permissae
829 2337 975 2403 tales
1010 2337 1554 2426 epularesScenae.
1634 2337 1933 2407 Primores
1976 2339 2092 2416 illi,
2145 2361 2293 2427 quos

191 2436 426 2503 vidistis
452 2439 526 2501 ad
565 2440 756 2527 capita
786 2460 1151 2515 mensarum,
1204 2448 1375 2504 erant
1419 2442 1715 2526 personati
1754 2440 1974 2515 Senes,
2028 2440 2289 2530 plerique

197 2558 275 2601 ex
317 2540 534 2605 rustica
576 2550 781 2625 gente,
832 2543 932 2628 qui
974 2541 1240 2618 barbati,
1290 2550 1351 2605 et
1395 2563 1464 2604 ex
1491 2544 1760 2628 ‘quadam
1805 2544 2104 2628 opulentia
2148 2564 2290 2632 prae

193 2640 451 2721 caeteris
490 2639 756 2718 fastuosi,
823 2642 1036 2729 quibus
1072 2642 1308 2707 inducta
1349 2652 1436 2707 est
1473 2641 1844 2730 phantasia,-
1876 2644 2034 2732 quod
2074 2645 2288 2708 vetusti

188 2741 276 2807 illi
302 2742 515 2809 Patres
543 2753 750 2808 essent.
825 2742 955 2813 sed.
980 2744 1288 2830 sequimini
1328 2764 1421 2807 me
1460 2744 1521 2807 in
1548 2746 1674 2810 vias
1699 2745 1887 2809 exitus
1925 2767 1958 2808 e
1997 2747 2286 2831 palaestra

187 2842 337 2919 bac,
389 2853 451 2907 et
474 2845 707 2933 sequuti
733 2854 897 2920 sunt,
950 2854 1009 2909 et
1037 2844 1318 2912 videbant
1345 2845 1771 2933 quinquaginta
1795 2844 1891 2909 hic
1916 2855 1977 2910 et
2001 2847 2290 2931 quinqua-

185 2944 354 3030 ginta
382 2945 502 3017 ibi;
554 2946 657 3032 qui
685 2944 1045 3010 farciverant
1072 2957 1310 3017 ventres
1335 2947 1570 3012 cibariis
1598 2967 1783 3035 usque
1808 2946 1882 3009 ad
1910 2966 2179 3020 nauseas,
2229 2953 2292 3007 et

186 3046 662 3131 concupiverunt
699 3045 894 3111 redire
941 3048 1015 3111 ad
1052 3046 1363 3112 familiaria
1387 3046 1690 3112 'domuum
1732 3067 1970 3111 suarum
1992 3092 2009 3120 ,
2049 3045 2289 3131 quidam

184 3147 265 3211 ad
309 3168 415 3212 sua
465 3147 696 3223 munia,
751 3148 986 3234 quidam
1036 3148 1114 3212 ad
1160 3169 1264 3215 sua
1305 3150 1578 3235 negotia,
1630 3156 1690 3211 et
1733 3146 1968 3234 quidam
2025 3146 2097 3210 ad
2150 3167 2288 3213 suas

183 3269 403 3334 operas
418 3274 447 3309 z·
488 3258 549 3314 at
582 3247 751 3314 multi
780 3269 811 3312 a
841 3249 1181 3316 custodibus
1205 3250 1464 3315 nemoris
1502 3249 1714 3313 retenti
1753 3255 1812 3312 et
1837 3246 2285 3335 interrogatide

184 3348 397 3414 diebus
421 3349 772 3437 epulationis
798 3350 1029 3415 illorum
1046 3398 1064 3426 ‚
1110 3359 1169 3415 et
1197 3371 1336 3414 num
1364 3349 1559 3414 adhuc
1585 3349 1657 3417 -ad
1687 3368 1914 3414 mensas
1943 3369 2074 3413 cum
2102 3348 2283 3413 Petro

184 3459 407 3514 etcum
434 3451 622 3516 Paulo
654 3451 1044 3527 comederint,
1098 3459 1157 3515 et
1195 3452 1243 3515 si
1285 3451 1446 3537 prius
1472 3450 1729 3528 exirent,
1779 3450 1924 3526 hoc,
1971 3451 2150 3537 quia,
2195 3449 2286 3513 in-

185 3550 405 3616 decens
442 3561 562 3627 est,
613 3551 893 3617 futurum.
917 3553 1029 3617 illis
1069 3551 1309 3640 pudori:
1378 3552 1480 3616 sed
1525 3551 1789 3642 plerique
1830 3552 2281 3639 respondebant,

183 3653 552 3738 explevimus
596 3653 811 3739 gaudia
855 3664 1091 3729 nostra,
1146 3652 1451 3717 cibi.facti
1499 3664 1644 3719 sunt„
1679 3656 1853 3720 nobis
1899 3654 2164 3744 insipidi,
2213 3676 2288 3719 ac

156 3762 391 3842 gustus
416 3755 708 3831 torridus,
760 3754 981 3820 fastidit
1004 3754 1139 3819 illos
1158 3752 1527 3831 stomachus,
1573 3776 1692 3822 non
1719 3754 2070 3822 sustinemus
2095 3757 2282 3825 libare

179 3856 335 3930 illos,
383 3854 777 3943 protraximus
804 3856 1030 3944 aliquot
1056 3855 1180 3921 dies
1207 3865 1266 3920 et
1292 3857 1582 3922 noctesin
1611 3855 1839 3922 luxurie
1865 3859 1983 3933 illa,
2022 3857 2283 3944 impense

176 3977 462 4045 rogamus
504 3966 571 4021 ut
612 3958 981 4031 emittamur;
1044 3977 1116 4021 ac
1158 3956 1678 4034 dimissi,=anbelo
1712 3959 1919 4049 spiritu
1964 3967 2021 4021 et
2064 3958 2279 4024 festino

180 4079 359 4124 cursu
386 4056 744 4146 aufugerunt
771 4059 1027 4125 domum.
1082 4059 1226 4124 Post
1249 4059 1399 4123 baec
1422 4055 1683 4145 Angelus
1709 4059 1958 4125 ‚vocavit
1998 4059 2157 4124 viros
2183 4080 2283 4125 co·.

177 4157 403 4235 hortis,
453 4169 514 4222 et
550 4161 610 4224 in
654 4161 753 4243 via·
791 4160 991 4227 docuit
1024 4158 1159 4225 illos
1201 4158 1350 4224 haec
1383 4158 1457 4222 de
1498 4159 1707 4224 Caelo:
1761 4158 1820 4222 in
1868 4156 2047 4223 Caelo
2092 4178 2280 4245 aeque

175 4260 326 4335 sicut
370 4261 433 4327 in
479 4261 706 4328 Mundo
751 4272 889 4327 sunt
935 4258 1064 4328 Cibi
1112 4268 1171 4324 et
1227 4259 1446 4335 Putas,
1512 4268 1650 4324 sunt
1698 4255 2155 4325 Comissationes
2220 4264 2281 4318 et
