<?xml version="1.0" encoding="UTF-8"?>
<!DOCTYPE html PUBLIC "-//W3C//DTD XHTML 1.0 Transitional//EN"
    "http://www.w3.org/TR/xhtml1/DTD/xhtml1-transitional.dtd">
<html xmlns="http://www.w3.org/1999/xhtml" xml:lang="en" lang="en">
 <head>
  <title>
</title>
<meta http-equiv="Content-Type" content="text/html;charset=utf-8" />
  <meta name='ocr-system' content='tesseract 3.04.00' />
  <meta name='ocr-capabilities' content='ocr_page ocr_carea ocr_par ocr_line ocrx_word'/>
</head>
<body>
  <div class='ocr_page' id='page_1' title='image "./verachristianar00unkngoog_0168.png"; bbox 0 0 2750 4775; ppageno 0'>
   <div class='ocr_carea' id='block_1_1' title="bbox 477 302 2321 367">
    <p class='ocr_par' dir='ltr' id='par_1_1' title="bbox 477 302 2321 367">
     <span class='ocr_line' id='line_1_1' title="bbox 477 302 2321 367; baseline -0.008 0"><span class='ocrx_word' id='word_1_1' title='bbox 477 318 583 367; x_wconf 59' lang='lat' dir='ltr'><strong>thu</strong></span> <span class='ocrx_word' id='word_1_2' title='bbox 702 303 1159 359; x_wconf 76' lang='lat' dir='ltr'>UNIVEBSA</span> <span class='ocrx_word' id='word_1_3' title='bbox 1203 302 1732 359; x_wconf 64' lang='lat' dir='ltr'><strong>THEOLOGM</strong></span> <span class='ocrx_word' id='word_1_4' title='bbox 1787 304 1855 357; x_wconf 70' lang='lat' dir='ltr'><strong>N.</strong></span> <span class='ocrx_word' id='word_1_5' title='bbox 1899 303 1962 355; x_wconf 88' lang='lat' dir='ltr'><strong>C.</strong></span> <span class='ocrx_word' id='word_1_6' title='bbox 2005 303 2111 356; x_wconf 84' lang='lat' dir='ltr'><strong>ET</strong></span> <span class='ocrx_word' id='word_1_7' title='bbox 2151 302 2216 359; x_wconf 77' lang='lat' dir='ltr'><strong>N.</strong></span> <span class='ocrx_word' id='word_1_8' title='bbox 2253 302 2321 354; x_wconf 75' lang='lat' dir='ltr'><strong>E.</strong></span> 
     </span>
    </p>
   </div>
   <div class='ocr_carea' id='block_1_2' title="bbox 463 455 2559 2060">
    <p class='ocr_par' dir='ltr' id='par_1_2' title="bbox 463 455 2559 2060">
     <span class='ocr_line' id='line_1_2' title="bbox 470 455 2549 545; baseline -0.003 -21"><span class='ocrx_word' id='word_1_9' title='bbox 470 461 655 525; x_wconf 86' lang='lat' dir='ltr'><strong>libera</strong></span> <span class='ocrx_word' id='word_1_10' title='bbox 698 466 1021 545; x_wconf 72' lang='lat' dir='ltr'><strong>potestate,</strong></span> <span class='ocrx_word' id='word_1_11' title='bbox 1067 465 1128 521; x_wconf 89' lang='lat' dir='ltr'><strong>et</strong></span> <span class='ocrx_word' id='word_1_12' title='bbox 1170 455 1272 522; x_wconf 79' lang='lat' dir='ltr'><strong>fiat</strong></span> <span class='ocrx_word' id='word_1_13' title='bbox 1311 457 1459 533; x_wconf 82' lang='lat' dir='ltr'><strong>illis,</strong></span> <span class='ocrx_word' id='word_1_14' title='bbox 1513 478 1766 544; x_wconf 87' lang='lat' dir='ltr'><strong>quorum</strong></span> <span class='ocrx_word' id='word_1_15' title='bbox 1809 455 2000 522; x_wconf 74' lang='lat' dir='ltr'><strong>forma</strong></span> <span class='ocrx_word' id='word_1_16' title='bbox 2045 467 2283 523; x_wconf 84' lang='lat' dir='ltr'><strong>externa</strong></span> <span class='ocrx_word' id='word_1_17' title='bbox 2331 466 2431 522; x_wconf 90' lang='lat' dir='ltr'><strong>aut</strong></span> <span class='ocrx_word' id='word_1_18' title='bbox 2469 457 2549 520; x_wconf 56' lang='lat' dir='ltr'><strong>iffi</strong></span> 
     </span>
     <span class='ocr_line' id='line_1_3' title="bbox 471 557 2551 648; baseline -0.002 -24"><span class='ocrx_word' id='word_1_19' title='bbox 471 573 638 625; x_wconf 86' lang='lat' dir='ltr'><strong>terna</strong></span> <span class='ocrx_word' id='word_1_20' title='bbox 671 559 1042 646; x_wconf 79' lang='lat' dir='ltr'><strong>beneplacet;</strong></span> <span class='ocrx_word' id='word_1_21' title='bbox 1094 569 1197 623; x_wconf 83' lang='lat' dir='ltr'><strong>aut</strong></span> <span class='ocrx_word' id='word_1_22' title='bbox 1224 559 1382 648; x_wconf 86' lang='lat' dir='ltr'><strong>quod</strong></span> <span class='ocrx_word' id='word_1_23' title='bbox 1413 559 1734 647; x_wconf 87' lang='lat' dir='ltr'><strong>Imputatio</strong></span> <span class='ocrx_word' id='word_1_24' title='bbox 1761 557 1864 622; x_wconf 81' lang='lat' dir='ltr'><strong>fiat</strong></span> <span class='ocrx_word' id='word_1_25' title='bbox 1891 579 1963 621; x_wconf 83' lang='lat' dir='ltr'><strong>ex</strong></span> <span class='ocrx_word' id='word_1_26' title='bbox 2005 560 2389 643; x_wconf 77' lang='lat' dir='ltr'><strong>praescientia</strong></span> <span class='ocrx_word' id='word_1_27' title='bbox 2435 558 2551 634; x_wconf 88' lang='lat' dir='ltr'><strong>illis,</strong></span> 
     </span>
     <span class='ocr_line' id='line_1_4' title="bbox 470 658 2554 750; baseline -0.001 -25"><span class='ocrx_word' id='word_1_28' title='bbox 470 662 684 750; x_wconf 83' lang='lat' dir='ltr'><strong>quibus</strong></span> <span class='ocrx_word' id='word_1_29' title='bbox 708 659 896 746; x_wconf 81' lang='lat' dir='ltr'><strong>gratia</strong></span> <span class='ocrx_word' id='word_1_30' title='bbox 924 658 1116 727; x_wconf 76' lang='lat' dir='ltr'><strong>infusa</strong></span> <span class='ocrx_word' id='word_1_31' title='bbox 1146 669 1264 736; x_wconf 89' lang='lat' dir='ltr'><strong>est,</strong></span> <span class='ocrx_word' id='word_1_32' title='bbox 1316 669 1374 724; x_wconf 88' lang='lat' dir='ltr'><strong>et</strong></span> <span class='ocrx_word' id='word_1_33' title='bbox 1421 659 1568 724; x_wconf 81' lang='lat' dir='ltr'><strong>fides</strong></span> <span class='ocrx_word' id='word_1_34' title='bbox 1606 659 1705 724; x_wconf 83' lang='lat' dir='ltr'><strong>illa</strong></span> <span class='ocrx_word' id='word_1_35' title='bbox 1736 660 2018 747; x_wconf 88' lang='lat' dir='ltr'><strong>applicari</strong></span> <span class='ocrx_word' id='word_1_36' title='bbox 2051 670 2266 745; x_wconf 65' lang='lat' dir='ltr'><strong>potest:</strong></span> <span class='ocrx_word' id='word_1_37' title='bbox 2321 661 2423 726; x_wconf 86' lang='lat' dir='ltr'><strong>sed</strong></span> <span class='ocrx_word' id='word_1_38' title='bbox 2466 681 2554 723; x_wconf 89' lang='lat' dir='ltr'><strong>us-</strong></span> 
     </span>
     <span class='ocr_line' id='line_1_5' title="bbox 471 761 2555 851; baseline 0.001 -25"><span class='ocrx_word' id='word_1_39' title='bbox 471 783 586 851; x_wconf 84' lang='lat' dir='ltr'><strong>que</strong></span> <span class='ocrx_word' id='word_1_40' title='bbox 624 763 774 826; x_wconf 89' lang='lat' dir='ltr'><strong>duae</strong></span> <span class='ocrx_word' id='word_1_41' title='bbox 812 761 949 826; x_wconf 90' lang='lat' dir='ltr'><strong>illae</strong></span> <span class='ocrx_word' id='word_1_42' title='bbox 987 761 1291 849; x_wconf 74' lang='lat' dir='ltr'>opiniones</span> <span class='ocrx_word' id='word_1_43' title='bbox 1336 761 1637 826; x_wconf 75' lang='lat' dir='ltr'><strong>collimant</strong></span> <span class='ocrx_word' id='word_1_44' title='bbox 1683 761 1757 826; x_wconf 87' lang='lat' dir='ltr'><strong>ad</strong></span> <span class='ocrx_word' id='word_1_45' title='bbox 1799 783 1977 824; x_wconf 89' lang='lat' dir='ltr'><strong>unam</strong></span> <span class='ocrx_word' id='word_1_46' title='bbox 2024 771 2273 838; x_wconf 84' lang='lat' dir='ltr'><strong>metam,</strong></span> <span class='ocrx_word' id='word_1_47' title='bbox 2328 774 2388 826; x_wconf 88' lang='lat' dir='ltr'><strong>et</strong></span> <span class='ocrx_word' id='word_1_48' title='bbox 2430 769 2555 828; x_wconf 81' lang='lat' dir='ltr'><strong>sunt</strong></span> 
     </span>
     <span class='ocr_line' id='line_1_6' title="bbox 467 861 2555 951; baseline -0.002 -22"><span class='ocrx_word' id='word_1_49' title='bbox 467 865 616 929; x_wconf 82' lang='lat' dir='ltr'><strong>sicut</strong></span> <span class='ocrx_word' id='word_1_50' title='bbox 656 863 775 926; x_wconf 85' lang='lat' dir='ltr'><strong>bini</strong></span> <span class='ocrx_word' id='word_1_51' title='bbox 823 861 1010 939; x_wconf 92' lang='lat' dir='ltr'><strong>oculi,</strong></span> <span class='ocrx_word' id='word_1_52' title='bbox 1060 863 1161 947; x_wconf 91' lang='lat' dir='ltr'><strong>qui</strong></span> <span class='ocrx_word' id='word_1_53' title='bbox 1205 885 1314 951; x_wconf 92' lang='lat' dir='ltr'><strong>pro</strong></span> <span class='ocrx_word' id='word_1_54' title='bbox 1356 863 1592 949; x_wconf 86' lang='lat' dir='ltr'><strong>objecto</strong></span> <span class='ocrx_word' id='word_1_55' title='bbox 1632 861 1852 926; x_wconf 86' lang='lat' dir='ltr'><strong>habent</strong></span> <span class='ocrx_word' id='word_1_56' title='bbox 1895 884 2074 927; x_wconf 87' lang='lat' dir='ltr'><strong>unum</strong></span> <span class='ocrx_word' id='word_1_57' title='bbox 2121 862 2409 950; x_wconf 82' lang='lat' dir='ltr'><strong>lapidem.</strong></span> <span class='ocrx_word' id='word_1_58' title='bbox 2464 870 2555 930; x_wconf 83' lang='lat' dir='ltr'><strong>aut</strong></span> 
     </span>
     <span class='ocr_line' id='line_1_7' title="bbox 464 960 2555 1050; baseline -0.002 -19"><span class='ocrx_word' id='word_1_59' title='bbox 464 966 615 1032; x_wconf 84' lang='lat' dir='ltr'><strong>sicut</strong></span> <span class='ocrx_word' id='word_1_60' title='bbox 646 965 819 1028; x_wconf 80' lang='lat' dir='ltr'><strong>binae</strong></span> <span class='ocrx_word' id='word_1_61' title='bbox 846 986 1050 1038; x_wconf 85' lang='lat' dir='ltr'><strong>aures,</strong></span> <span class='ocrx_word' id='word_1_62' title='bbox 1102 985 1254 1049; x_wconf 87' lang='lat' dir='ltr'><strong>quae</strong></span> <span class='ocrx_word' id='word_1_63' title='bbox 1282 986 1391 1050; x_wconf 89' lang='lat' dir='ltr'><strong>pro</strong></span> <span class='ocrx_word' id='word_1_64' title='bbox 1419 963 1656 1047; x_wconf 77' lang='lat' dir='ltr'><strong>objecto</strong></span> <span class='ocrx_word' id='word_1_65' title='bbox 1690 963 1910 1027; x_wconf 88' lang='lat' dir='ltr'><strong>habent</strong></span> <span class='ocrx_word' id='word_1_66' title='bbox 1939 985 2118 1026; x_wconf 88' lang='lat' dir='ltr'><strong>unum</strong></span> <span class='ocrx_word' id='word_1_67' title='bbox 2159 974 2438 1029; x_wconf 85' lang='lat' dir='ltr'><strong>cantum:</strong></span> <span class='ocrx_word' id='word_1_68' title='bbox 2489 960 2555 1030; x_wconf 83' lang='lat' dir='ltr'><strong>ad</strong></span> 
     </span>
     <span class='ocr_line' id='line_1_8' title="bbox 469 1065 2555 1155; baseline -0.001 -24"><span class='ocrx_word' id='word_1_69' title='bbox 469 1067 724 1153; x_wconf 84' lang='lat' dir='ltr'><strong>primum</strong></span> <span class='ocrx_word' id='word_1_70' title='bbox 753 1065 942 1129; x_wconf 65' lang='lat' dir='ltr'><strong>visum</strong></span> <span class='ocrx_word' id='word_1_71' title='bbox 970 1076 1213 1155; x_wconf 89' lang='lat' dir='ltr'><strong>apparet</strong></span> <span class='ocrx_word' id='word_1_72' title='bbox 1254 1065 1405 1129; x_wconf 92' lang='lat' dir='ltr'><strong>sicut</strong></span> <span class='ocrx_word' id='word_1_73' title='bbox 1431 1085 1465 1128; x_wconf 94' lang='lat' dir='ltr'><strong>a</strong></span> <span class='ocrx_word' id='word_1_74' title='bbox 1491 1086 1554 1128; x_wconf 90' lang='lat' dir='ltr'><strong>se</strong></span> <span class='ocrx_word' id='word_1_75' title='bbox 1587 1074 1792 1128; x_wconf 89' lang='lat' dir='ltr'><strong>mutuo</strong></span> <span class='ocrx_word' id='word_1_76' title='bbox 1832 1065 2080 1139; x_wconf 85' lang='lat' dir='ltr'><strong>abeant,</strong></span> <span class='ocrx_word' id='word_1_77' title='bbox 2129 1066 2236 1129; x_wconf 89' lang='lat' dir='ltr'><strong>sed</strong></span> <span class='ocrx_word' id='word_1_78' title='bbox 2280 1087 2466 1154; x_wconf 84' lang='lat' dir='ltr'><strong>usque</strong></span> <span class='ocrx_word' id='word_1_79' title='bbox 2503 1068 2555 1129; x_wconf 85' lang='lat' dir='ltr'><strong>in</strong></span> 
     </span>
     <span class='ocr_line' id='line_1_9' title="bbox 468 1162 2554 1254; baseline 0.001 -24"><span class='ocrx_word' id='word_1_80' title='bbox 468 1166 584 1230; x_wconf 80' lang='lat' dir='ltr'><strong>fine</strong></span> <span class='ocrx_word' id='word_1_81' title='bbox 612 1188 675 1230; x_wconf 87' lang='lat' dir='ltr'><strong>se</strong></span> <span class='ocrx_word' id='word_1_82' title='bbox 703 1165 1100 1251; x_wconf 77' lang='lat' dir='ltr'><strong>conjungunt,</strong></span> <span class='ocrx_word' id='word_1_83' title='bbox 1152 1175 1212 1230; x_wconf 87' lang='lat' dir='ltr'><strong>et</strong></span> <span class='ocrx_word' id='word_1_84' title='bbox 1239 1166 1575 1237; x_wconf 85' lang='lat' dir='ltr'><strong>colluduut;</strong></span> <span class='ocrx_word' id='word_1_85' title='bbox 1628 1186 1765 1233; x_wconf 79' lang='lat' dir='ltr'><strong>nam</strong></span> <span class='ocrx_word' id='word_1_86' title='bbox 1800 1187 1932 1229; x_wconf 85' lang='lat' dir='ltr'><strong>curn</strong></span> <span class='ocrx_word' id='word_1_87' title='bbox 1975 1162 2251 1253; x_wconf 85' lang='lat' dir='ltr'><strong>utrinque</strong></span> <span class='ocrx_word' id='word_1_88' title='bbox 2298 1168 2554 1254; x_wconf 87' lang='lat' dir='ltr'><strong>plenaria</strong></span> 
     </span>
     <span class='ocr_line' id='line_1_10' title="bbox 466 1265 2559 1355; baseline 0.002 -24"><span class='ocrx_word' id='word_1_89' title='bbox 466 1268 810 1355; x_wconf 84' lang='lat' dir='ltr'><strong>impotentia</strong></span> <span class='ocrx_word' id='word_1_90' title='bbox 838 1268 897 1330; x_wconf 91' lang='lat' dir='ltr'><strong>in</strong></span> <span class='ocrx_word' id='word_1_91' title='bbox 924 1267 1322 1352; x_wconf 82' lang='lat' dir='ltr'><strong>spiritualibus</strong></span> <span class='ocrx_word' id='word_1_92' title='bbox 1349 1267 1632 1340; x_wconf 85' lang='lat' dir='ltr'><strong>traditur,</strong></span> <span class='ocrx_word' id='word_1_93' title='bbox 1675 1275 1734 1329; x_wconf 93' lang='lat' dir='ltr'><strong>et</strong></span> <span class='ocrx_word' id='word_1_94' title='bbox 1760 1288 1934 1331; x_wconf 88' lang='lat' dir='ltr'><strong>omne</strong></span> <span class='ocrx_word' id='word_1_95' title='bbox 1959 1265 2209 1331; x_wconf 83' lang='lat' dir='ltr'><strong>hominis</strong></span> <span class='ocrx_word' id='word_1_96' title='bbox 2237 1269 2559 1337; x_wconf 78' lang='lat' dir='ltr'><strong>excluditur</strong></span> 
     </span>
     <span class='ocr_line' id='line_1_11' title="bbox 466 1366 2557 1455; baseline 0 -22"><span class='ocrx_word' id='word_1_97' title='bbox 466 1390 500 1433; x_wconf 93' lang='lat' dir='ltr'><strong>a</strong></span> <span class='ocrx_word' id='word_1_98' title='bbox 530 1367 677 1444; x_wconf 81' lang='lat' dir='ltr'><strong>fide,</strong></span> <span class='ocrx_word' id='word_1_99' title='bbox 725 1370 993 1454; x_wconf 79' lang='lat' dir='ltr'><strong>sequitur</strong></span> <span class='ocrx_word' id='word_1_100' title='bbox 1019 1369 1178 1454; x_wconf 90' lang='lat' dir='ltr'><strong>quod</strong></span> <span class='ocrx_word' id='word_1_101' title='bbox 1205 1368 1396 1454; x_wconf 82' lang='lat' dir='ltr'><strong>gratia</strong></span> <span class='ocrx_word' id='word_1_102' title='bbox 1426 1366 1523 1431; x_wconf 83' lang='lat' dir='ltr'><strong>illa</strong></span> <span class='ocrx_word' id='word_1_103' title='bbox 1553 1368 1843 1455; x_wconf 76' lang='lat' dir='ltr'><strong>receptrix</strong></span> <span class='ocrx_word' id='word_1_104' title='bbox 1869 1366 2036 1444; x_wconf 81' lang='lat' dir='ltr'><strong>fidei,</strong></span> <span class='ocrx_word' id='word_1_105' title='bbox 2087 1388 2160 1431; x_wconf 81' lang='lat' dir='ltr'><strong>ex</strong></span> <span class='ocrx_word' id='word_1_106' title='bbox 2184 1370 2442 1435; x_wconf 86' lang='lat' dir='ltr'><strong>arbitrio</strong></span> <span class='ocrx_word' id='word_1_107' title='bbox 2466 1379 2557 1435; x_wconf 90' lang='lat' dir='ltr'><strong>aut</strong></span> 
     </span>
     <span class='ocr_line' id='line_1_12' title="bbox 467 1467 2555 1555; baseline 0 -20"><span class='ocrx_word' id='word_1_108' title='bbox 467 1491 539 1537; x_wconf 83' lang='lat' dir='ltr'><strong>ex</strong></span> <span class='ocrx_word' id='word_1_109' title='bbox 566 1470 986 1555; x_wconf 80' lang='lat' dir='ltr'><strong>praescientia,</strong></span> <span class='ocrx_word' id='word_1_110' title='bbox 1039 1469 1262 1542; x_wconf 84' lang='lat' dir='ltr'><strong>infusa,</strong></span> <span class='ocrx_word' id='word_1_111' title='bbox 1312 1469 1387 1534; x_wconf 90' lang='lat' dir='ltr'><strong>sit</strong></span> <span class='ocrx_word' id='word_1_112' title='bbox 1411 1467 1614 1534; x_wconf 84' lang='lat' dir='ltr'><strong>similis</strong></span> <span class='ocrx_word' id='word_1_113' title='bbox 1652 1467 1896 1541; x_wconf 81' lang='lat' dir='ltr'><strong>electio,</strong></span> <span class='ocrx_word' id='word_1_114' title='bbox 1937 1488 2085 1531; x_wconf 75' lang='lat' dir='ltr'><strong>narn</strong></span> <span class='ocrx_word' id='word_1_115' title='bbox 2123 1470 2172 1534; x_wconf 91' lang='lat' dir='ltr'><strong>si</strong></span> <span class='ocrx_word' id='word_1_116' title='bbox 2211 1473 2410 1554; x_wconf 81' lang='lat' dir='ltr'><strong>gratia</strong></span> <span class='ocrx_word' id='word_1_117' title='bbox 2450 1471 2555 1548; x_wconf 86' lang='lat' dir='ltr'><strong>illa,</strong></span> 
     </span>
     <span class='ocr_line' id='line_1_13' title="bbox 466 1567 2556 1659; baseline 0 -25"><span class='ocrx_word' id='word_1_118' title='bbox 466 1592 619 1659; x_wconf 82' lang='lat' dir='ltr'><strong>quae</strong></span> <span class='ocrx_word' id='word_1_119' title='bbox 650 1582 900 1637; x_wconf 84' lang='lat' dir='ltr'><strong>vocatur</strong></span> <span class='ocrx_word' id='word_1_120' title='bbox 942 1571 1357 1657; x_wconf 83' lang='lat' dir='ltr'><strong>praeveniens,</strong></span> <span class='ocrx_word' id='word_1_121' title='bbox 1411 1567 1565 1635; x_wconf 84' lang='lat' dir='ltr'><strong>foret</strong></span> <span class='ocrx_word' id='word_1_122' title='bbox 1604 1569 1986 1644; x_wconf 83' lang='lat' dir='ltr'><strong>universalis,</strong></span> <span class='ocrx_word' id='word_1_123' title='bbox 2036 1570 2354 1635; x_wconf 82' lang='lat' dir='ltr'><strong>accederet</strong></span> <span class='ocrx_word' id='word_1_124' title='bbox 2389 1572 2556 1659; x_wconf 82' lang='lat' dir='ltr'><strong>appli-</strong></span> 
     </span>
     <span class='ocr_line' id='line_1_14' title="bbox 467 1670 2556 1761; baseline -0 -25"><span class='ocrx_word' id='word_1_125' title='bbox 467 1672 625 1736; x_wconf 90' lang='lat' dir='ltr'><strong>catio</strong></span> <span class='ocrx_word' id='word_1_126' title='bbox 652 1670 906 1736; x_wconf 87' lang='lat' dir='ltr'><strong>hominis</strong></span> <span class='ocrx_word' id='word_1_127' title='bbox 932 1693 1003 1735; x_wconf 85' lang='lat' dir='ltr'><strong>ex</strong></span> <span class='ocrx_word' id='word_1_128' title='bbox 1029 1672 1224 1758; x_wconf 90' lang='lat' dir='ltr'><strong>aliqua</strong></span> <span class='ocrx_word' id='word_1_129' title='bbox 1252 1693 1356 1735; x_wconf 89' lang='lat' dir='ltr'><strong>sua</strong></span> <span class='ocrx_word' id='word_1_130' title='bbox 1386 1671 1681 1758; x_wconf 83' lang='lat' dir='ltr'><strong>potentia,</strong></span> <span class='ocrx_word' id='word_1_131' title='bbox 1735 1691 1889 1756; x_wconf 85' lang='lat' dir='ltr'><strong>quae</strong></span> <span class='ocrx_word' id='word_1_132' title='bbox 1921 1679 2120 1735; x_wconf 79' lang='lat' dir='ltr'><strong>tamen</strong></span> <span class='ocrx_word' id='word_1_133' title='bbox 2141 1681 2212 1736; x_wconf 80' lang='lat' dir='ltr'><strong>ut</strong></span> <span class='ocrx_word' id='word_1_134' title='bbox 2240 1672 2412 1761; x_wconf 88' lang='lat' dir='ltr'><strong>lepra</strong></span> <span class='ocrx_word' id='word_1_135' title='bbox 2438 1674 2556 1757; x_wconf 76' lang='lat' dir='ltr'><strong>reji-</strong></span> 
     </span>
     <span class='ocr_line' id='line_1_15' title="bbox 468 1769 2554 1862; baseline 0 -25"><span class='ocrx_word' id='word_1_136' title='bbox 468 1773 636 1837; x_wconf 84' lang='lat' dir='ltr'><strong>citur.</strong></span> <span class='ocrx_word' id='word_1_137' title='bbox 717 1773 862 1836; x_wconf 90' lang='lat' dir='ltr'><strong>Inde</strong></span> <span class='ocrx_word' id='word_1_138' title='bbox 892 1782 1011 1847; x_wconf 84' lang='lat' dir='ltr'><strong>est,</strong></span> <span class='ocrx_word' id='word_1_139' title='bbox 1062 1773 1221 1858; x_wconf 91' lang='lat' dir='ltr'><strong>quod</strong></span> <span class='ocrx_word' id='word_1_140' title='bbox 1252 1793 1426 1835; x_wconf 84' lang='lat' dir='ltr'><strong>nemo</strong></span> <span class='ocrx_word' id='word_1_141' title='bbox 1447 1773 1633 1846; x_wconf 81' lang='lat' dir='ltr'><strong>sciat,</strong></span> <span class='ocrx_word' id='word_1_142' title='bbox 1682 1792 1825 1835; x_wconf 85' lang='lat' dir='ltr'><strong>num</strong></span> <span class='ocrx_word' id='word_1_143' title='bbox 1856 1769 2001 1836; x_wconf 81' lang='lat' dir='ltr'><strong>fides</strong></span> <span class='ocrx_word' id='word_1_144' title='bbox 2028 1771 2125 1835; x_wconf 85' lang='lat' dir='ltr'><strong>iila</strong></span> <span class='ocrx_word' id='word_1_145' title='bbox 2167 1773 2242 1836; x_wconf 92' lang='lat' dir='ltr'><strong>sit</strong></span> <span class='ocrx_word' id='word_1_146' title='bbox 2273 1796 2351 1838; x_wconf 85' lang='lat' dir='ltr'><strong>ex</strong></span> <span class='ocrx_word' id='word_1_147' title='bbox 2380 1776 2554 1862; x_wconf 81' lang='lat' dir='ltr'><strong>gratia</strong></span> 
     </span>
     <span class='ocr_line' id='line_1_16' title="bbox 465 1871 2553 1960; baseline 0.001 -24"><span class='ocrx_word' id='word_1_148' title='bbox 465 1875 518 1937; x_wconf 93' lang='lat' dir='ltr'><strong>ei</strong></span> <span class='ocrx_word' id='word_1_149' title='bbox 545 1874 793 1947; x_wconf 88' lang='lat' dir='ltr'><strong>donata,</strong></span> <span class='ocrx_word' id='word_1_150' title='bbox 849 1873 975 1960; x_wconf 85' lang='lat' dir='ltr'><strong>plus</strong></span> <span class='ocrx_word' id='word_1_151' title='bbox 1000 1893 1178 1957; x_wconf 88' lang='lat' dir='ltr'><strong>quam</strong></span> <span class='ocrx_word' id='word_1_152' title='bbox 1206 1882 1452 1938; x_wconf 79' lang='lat' dir='ltr'><strong>truncus</strong></span> <span class='ocrx_word' id='word_1_153' title='bbox 1481 1883 1581 1936; x_wconf 86' lang='lat' dir='ltr'><strong>aut</strong></span> <span class='ocrx_word' id='word_1_154' title='bbox 1612 1871 1788 1960; x_wconf 85' lang='lat' dir='ltr'><strong>lapis,</strong></span> <span class='ocrx_word' id='word_1_155' title='bbox 1840 1872 2030 1958; x_wconf 79' lang='lat' dir='ltr'><strong>qualis</strong></span> <span class='ocrx_word' id='word_1_156' title='bbox 2056 1871 2174 1936; x_wconf 83' lang='lat' dir='ltr'><strong>fuit.</strong></span> <span class='ocrx_word' id='word_1_157' title='bbox 2206 1894 2345 1941; x_wconf 85' lang='lat' dir='ltr'><strong>cum</strong></span> <span class='ocrx_word' id='word_1_158' title='bbox 2377 1875 2553 1951; x_wconf 79' lang='lat' dir='ltr'><strong>infusa</strong></span> 
     </span>
     <span class='ocr_line' id='line_1_17' title="bbox 463 1972 2552 2060; baseline 0.001 -21"><span class='ocrx_word' id='word_1_159' title='bbox 463 1986 582 2052; x_wconf 86' lang='lat' dir='ltr'><strong>est,</strong></span> <span class='ocrx_word' id='word_1_160' title='bbox 634 1996 757 2039; x_wconf 88' lang='lat' dir='ltr'><strong>non</strong></span> <span class='ocrx_word' id='word_1_161' title='bbox 780 1975 934 2038; x_wconf 88' lang='lat' dir='ltr'><strong>enim</strong></span> <span class='ocrx_word' id='word_1_162' title='bbox 970 1974 1144 2036; x_wconf 85' lang='lat' dir='ltr'><strong>datur</strong></span> <span class='ocrx_word' id='word_1_163' title='bbox 1168 1973 1398 2060; x_wconf 82' lang='lat' dir='ltr'><strong>signum</strong></span> <span class='ocrx_word' id='word_1_164' title='bbox 1426 1972 1745 2038; x_wconf 82' lang='lat' dir='ltr'><strong>testificans</strong></span> <span class='ocrx_word' id='word_1_165' title='bbox 1769 1973 1929 2039; x_wconf 87' lang='lat' dir='ltr'><strong>illam</strong></span> <span class='ocrx_word' id='word_1_166' title='bbox 1949 2021 1966 2047; x_wconf 83' lang='lat'>‚</span> <span class='ocrx_word' id='word_1_167' title='bbox 2020 1974 2262 2060; x_wconf 86' lang='lat' dir='ltr'><strong>quando</strong></span> <span class='ocrx_word' id='word_1_168' title='bbox 2288 1974 2552 2049; x_wconf 73' lang='lat' dir='ltr'><strong>charitas,</strong></span> 
     </span>
    </p>
   </div>
   <div class='ocr_carea' id='block_1_3' title="bbox 466 2073 2654 2164">
    <p class='ocr_par' dir='ltr' id='par_1_3' title="bbox 466 2073 2654 2164">
     <span class='ocr_line' id='line_1_18' title="bbox 466 2073 2654 2164; baseline 0.002 -26"><span class='ocrx_word' id='word_1_169' title='bbox 466 2076 683 2164; x_wconf 85' lang='lat' dir='ltr'><strong>pietas,</strong></span> <span class='ocrx_word' id='word_1_170' title='bbox 730 2075 987 2139; x_wconf 63' lang='lat' dir='ltr'><strong>,studium</strong></span> <span class='ocrx_word' id='word_1_171' title='bbox 1017 2096 1208 2140; x_wconf 78' lang='lat' dir='ltr'><strong>novae</strong></span> <span class='ocrx_word' id='word_1_172' title='bbox 1238 2075 1428 2149; x_wconf 84' lang='lat' dir='ltr'><strong>vitae,</strong></span> <span class='ocrx_word' id='word_1_173' title='bbox 1482 2084 1539 2138; x_wconf 88' lang='lat' dir='ltr'><strong>et</strong></span> <span class='ocrx_word' id='word_1_174' title='bbox 1566 2073 1749 2141; x_wconf 84' lang='lat' dir='ltr'><strong>libera</strong></span> <span class='ocrx_word' id='word_1_175' title='bbox 1780 2073 2030 2139; x_wconf 81' lang='lat' dir='ltr'><strong>facultas</strong></span> <span class='ocrx_word' id='word_1_176' title='bbox 2054 2074 2308 2143; x_wconf 82' lang='lat' dir='ltr'><strong>faciendi</strong></span> <span class='ocrx_word' id='word_1_177' title='bbox 2344 2080 2550 2142; x_wconf 86' lang='lat' dir='ltr'><strong>bonum</strong></span> <span class='ocrx_word' id='word_1_178' title='bbox 2653 2116 2654 2143; x_wconf 74' lang='grc'>;</span> 
     </span>
    </p>
   </div>
   <div class='ocr_carea' id='block_1_4' title="bbox 463 2173 2553 2848">
    <p class='ocr_par' dir='ltr' id='par_1_4' title="bbox 463 2173 2553 2848">
     <span class='ocr_line' id='line_1_19' title="bbox 463 2173 2552 2263; baseline 0 -21"><span class='ocrx_word' id='word_1_179' title='bbox 463 2178 613 2242; x_wconf 86' lang='lat' dir='ltr'><strong>sicut</strong></span> <span class='ocrx_word' id='word_1_180' title='bbox 641 2177 857 2241; x_wconf 87' lang='lat' dir='ltr'><strong>malum</strong></span> <span class='ocrx_word' id='word_1_181' title='bbox 876 2221 893 2250; x_wconf 91' lang='lat'><strong>,</strong></span> <span class='ocrx_word' id='word_1_182' title='bbox 942 2175 1162 2240; x_wconf 86' lang='lat' dir='ltr'><strong>homini</strong></span> <span class='ocrx_word' id='word_1_183' title='bbox 1191 2175 1549 2262; x_wconf 76' lang='lat' dir='ltr'><strong>denegatur:</strong></span> <span class='ocrx_word' id='word_1_184' title='bbox 1600 2176 1765 2263; x_wconf 78' lang='lat' dir='ltr'><strong>signa</strong></span> <span class='ocrx_word' id='word_1_185' title='bbox 1795 2173 2164 2241; x_wconf 81' lang='lat' dir='ltr'><strong>testificantia</strong></span> <span class='ocrx_word' id='word_1_186' title='bbox 2190 2177 2376 2243; x_wconf 86' lang='lat' dir='ltr'><strong>fidem</strong></span> <span class='ocrx_word' id='word_1_187' title='bbox 2409 2180 2552 2243; x_wconf 82' lang='lat' dir='ltr'><strong>illam</strong></span> 
     </span>
     <span class='ocr_line' id='line_1_20' title="bbox 465 2276 2553 2363; baseline 0 -22"><span class='ocrx_word' id='word_1_188' title='bbox 465 2278 524 2341; x_wconf 92' lang='lat' dir='ltr'><strong>in</strong></span> <span class='ocrx_word' id='word_1_189' title='bbox 554 2277 825 2350; x_wconf 87' lang='lat' dir='ltr'><strong>homine,</strong></span> <span class='ocrx_word' id='word_1_190' title='bbox 877 2298 1027 2363; x_wconf 91' lang='lat' dir='ltr'><strong>quae</strong></span> <span class='ocrx_word' id='word_1_191' title='bbox 1057 2277 1406 2352; x_wconf 84' lang='lat' dir='ltr'><strong>traduntur,</strong></span> <span class='ocrx_word' id='word_1_192' title='bbox 1456 2286 1590 2342; x_wconf 89' lang='lat' dir='ltr'><strong>sunt</strong></span> <span class='ocrx_word' id='word_1_193' title='bbox 1629 2278 1825 2351; x_wconf 84' lang='lat' dir='ltr'><strong>omnia</strong></span> <span class='ocrx_word' id='word_1_194' title='bbox 1871 2276 2128 2352; x_wconf 84' lang='lat' dir='ltr'><strong>ludicra,</strong></span> <span class='ocrx_word' id='word_1_195' title='bbox 2180 2288 2241 2343; x_wconf 89' lang='lat' dir='ltr'><strong>et</strong></span> <span class='ocrx_word' id='word_1_196' title='bbox 2284 2301 2410 2345; x_wconf 89' lang='lat' dir='ltr'><strong>non</strong></span> <span class='ocrx_word' id='word_1_197' title='bbox 2437 2279 2553 2343; x_wconf 88' lang='lat' dir='ltr'><strong>-alia</strong></span> 
     </span>
     <span class='ocr_line' id='line_1_21' title="bbox 465 2378 2553 2464; baseline 0 -20"><span class='ocrx_word' id='word_1_198' title='bbox 465 2400 641 2460; x_wconf 87' lang='lat' dir='ltr'><strong>quam</strong></span> <span class='ocrx_word' id='word_1_199' title='bbox 671 2378 918 2464; x_wconf 80' lang='lat' dir='ltr'><strong>auguria</strong></span> <span class='ocrx_word' id='word_1_200' title='bbox 951 2387 1215 2442; x_wconf 81' lang='lat' dir='ltr'><strong>veterum</strong></span> <span class='ocrx_word' id='word_1_201' title='bbox 1243 2400 1315 2442; x_wconf 83' lang='lat' dir='ltr'><strong>ex</strong></span> <span class='ocrx_word' id='word_1_202' title='bbox 1343 2379 1548 2442; x_wconf 79' lang='lat' dir='ltr'><strong>volatu</strong></span> <span class='ocrx_word' id='word_1_203' title='bbox 1575 2378 1772 2443; x_wconf 88' lang='lat' dir='ltr'><strong>avium</strong></span> <span class='ocrx_word' id='word_1_204' title='bbox 1792 2427 1809 2456; x_wconf 91' lang='lat'><strong>,</strong></span> <span class='ocrx_word' id='word_1_205' title='bbox 1853 2387 1955 2442; x_wconf 88' lang='lat' dir='ltr'><strong>aut</strong></span> <span class='ocrx_word' id='word_1_206' title='bbox 1981 2378 2350 2463; x_wconf 82' lang='lat' dir='ltr'><strong>diagnostica</strong></span> <span class='ocrx_word' id='word_1_207' title='bbox 2382 2393 2553 2447; x_wconf 86' lang='lat' dir='ltr'><strong>astro-</strong></span> 
     </span>
     <span class='ocr_line' id='line_1_22' title="bbox 467 2477 2551 2567; baseline 0.001 -25"><span class='ocrx_word' id='word_1_208' title='bbox 467 2480 735 2563; x_wconf 78' lang='lat' dir='ltr'><strong>logorum</strong></span> <span class='ocrx_word' id='word_1_209' title='bbox 765 2501 833 2544; x_wconf 83' lang='lat' dir='ltr'><strong>ex</strong></span> <span class='ocrx_word' id='word_1_210' title='bbox 860 2480 1062 2555; x_wconf 80' lang='lat' dir='ltr'><strong>astris,</strong></span> <span class='ocrx_word' id='word_1_211' title='bbox 1115 2489 1217 2542; x_wconf 90' lang='lat' dir='ltr'><strong>aut</strong></span> <span class='ocrx_word' id='word_1_212' title='bbox 1260 2478 1691 2546; x_wconf 70' lang='lat' dir='ltr'><strong>ludificator-um</strong></span> <span class='ocrx_word' id='word_1_213' title='bbox 1732 2502 1803 2544; x_wconf 84' lang='lat' dir='ltr'><strong>ex</strong></span> <span class='ocrx_word' id='word_1_214' title='bbox 1831 2477 2008 2559; x_wconf 59' lang='lat' dir='ltr'><strong>ralis„</strong></span> <span class='ocrx_word' id='word_1_215' title='bbox 2055 2480 2449 2567; x_wconf 69' lang='lat' dir='ltr'><strong>Huiusmodi,</strong></span> <span class='ocrx_word' id='word_1_216' title='bbox 2501 2490 2551 2545; x_wconf 88' lang='lat' dir='ltr'><strong>et</strong></span> 
     </span>
     <span class='ocr_line' id='line_1_23' title="bbox 463 2579 2551 2671; baseline 0.002 -27"><span class='ocrx_word' id='word_1_217' title='bbox 463 2579 783 2644; x_wconf 87' lang='lat' dir='ltr'><strong>ludicriora</strong></span> <span class='ocrx_word' id='word_1_218' title='bbox 816 2580 1008 2646; x_wconf 82' lang='lat' dir='ltr'><strong>adbuc</strong></span> <span class='ocrx_word' id='word_1_219' title='bbox 1034 2589 1363 2666; x_wconf 76' lang='lat' dir='ltr'><strong>seq’uuntur</strong></span> <span class='ocrx_word' id='word_1_220' title='bbox 1389 2604 1459 2644; x_wconf 84' lang='lat' dir='ltr'><strong>ex</strong></span> <span class='ocrx_word' id='word_1_221' title='bbox 1501 2583 1787 2667; x_wconf 89' lang='lat' dir='ltr'><strong>imputata</strong></span> <span class='ocrx_word' id='word_1_222' title='bbox 1827 2581 2047 2666; x_wconf 74' lang='lat' dir='ltr'><strong>justitia</strong></span> <span class='ocrx_word' id='word_1_223' title='bbox 2067 2581 2354 2660; x_wconf 85' lang='lat' dir='ltr'><strong>Domini,</strong></span> <span class='ocrx_word' id='word_1_224' title='bbox 2409 2603 2551 2671; x_wconf 80' lang='lat' dir='ltr'><strong>quae</strong></span> 
     </span>
     <span class='ocr_line' id='line_1_24' title="bbox 465 2679 2552 2769; baseline 0.002 -26"><span class='ocrx_word' id='word_1_225' title='bbox 465 2700 581 2743; x_wconf 87' lang='lat' dir='ltr'><strong>una</strong></span> <span class='ocrx_word' id='word_1_226' title='bbox 627 2701 759 2743; x_wconf 91' lang='lat' dir='ltr'><strong>cum</strong></span> <span class='ocrx_word' id='word_1_227' title='bbox 807 2679 948 2756; x_wconf 83' lang='lat' dir='ltr'><strong>fide,</strong></span> <span class='ocrx_word' id='word_1_228' title='bbox 1004 2702 1157 2769; x_wconf 83' lang='lat' dir='ltr'><strong>quae</strong></span> <span class='ocrx_word' id='word_1_229' title='bbox 1209 2691 1456 2748; x_wconf 81' lang='lat' dir='ltr'><strong>vocatur</strong></span> <span class='ocrx_word' id='word_1_230' title='bbox 1505 2682 1603 2746; x_wconf 85' lang='lat' dir='ltr'><strong>illa</strong></span> <span class='ocrx_word' id='word_1_231' title='bbox 1653 2684 1903 2766; x_wconf 83' lang='lat' dir='ltr'><strong>justitia,</strong></span> <span class='ocrx_word' id='word_1_232' title='bbox 1956 2683 2145 2750; x_wconf 87' lang='lat' dir='ltr'><strong>electo</strong></span> <span class='ocrx_word' id='word_1_233' title='bbox 2200 2682 2434 2752; x_wconf 80' lang='lat' dir='ltr'><strong>homini</strong></span> <span class='ocrx_word' id='word_1_234' title='bbox 2478 2685 2552 2748; x_wconf 88' lang='lat' dir='ltr'><strong>in·</strong></span> 
     </span>
     <span class='ocr_line' id='line_1_25' title="bbox 463 2780 668 2848; baseline -0.015 -1"><span class='ocrx_word' id='word_1_235' title='bbox 463 2780 668 2848; x_wconf 79' lang='lat' dir='ltr'><strong>fertur.</strong></span> 
     </span>
    </p>
   </div>
   <div class='ocr_carea' id='block_1_5' title="bbox 460 3007 2552 3411">
    <p class='ocr_par' dir='ltr' id='par_1_5' title="bbox 460 3007 2552 3411">
     <span class='ocr_line' id='line_1_26' title="bbox 469 3007 2552 3105; baseline 0 -32"><span class='ocrx_word' id='word_1_236' title='bbox 469 3007 654 3092; x_wconf 80' lang='lat' dir='ltr'><strong>Quod</strong></span> <span class='ocrx_word' id='word_1_237' title='bbox 689 3010 877 3076; x_wconf 85' lang='lat' dir='ltr'><strong>Fides</strong></span> <span class='ocrx_word' id='word_1_238' title='bbox 896 3060 913 3088; x_wconf 92' lang='lat'><strong>,</strong></span> <span class='ocrx_word' id='word_1_239' title='bbox 971 3035 1126 3104; x_wconf 82' lang='lat' dir='ltr'><strong>quae</strong></span> <span class='ocrx_word' id='word_1_240' title='bbox 1164 3025 1255 3078; x_wconf 83' lang='lat' dir='ltr'><strong>est</strong></span> <span class='ocrx_word' id='word_1_241' title='bbox 1294 3015 1648 3105; x_wconf 64' lang='lat' dir='ltr'><strong>imputatis-a</strong></span> <span class='ocrx_word' id='word_1_242' title='bbox 1690 3016 1884 3080; x_wconf 76' lang='lat' dir='ltr'><strong>meriti</strong></span> <span class='ocrx_word' id='word_1_243' title='bbox 1918 3025 1973 3077; x_wconf 81' lang='lat' dir='ltr'><strong>et</strong></span> <span class='ocrx_word' id='word_1_244' title='bbox 2007 3016 2287 3100; x_wconf 78' lang='lat' dir='ltr'><strong>justitiae</strong></span> <span class='ocrx_word' id='word_1_245' title='bbox 2340 3012 2552 3079; x_wconf 71' lang='lat' dir='ltr'><strong>Christi</strong></span> 
     </span>
     <span class='ocr_line' id='line_1_27' title="bbox 460 3109 2547 3204; baseline 0.002 -29"><span class='ocrx_word' id='word_1_246' title='bbox 460 3109 893 3204; x_wconf 42' lang='lat' dir='ltr'><strong>Redemptor&amp;</strong></span> <span class='ocrx_word' id='word_1_247' title='bbox 942 3117 1197 3200; x_wconf 78' lang='lat' dir='ltr'><strong>primum</strong></span> <span class='ocrx_word' id='word_1_248' title='bbox 1240 3128 1455 3180; x_wconf 70' lang='lat' dir='ltr'><strong>exorta</strong></span> <span class='ocrx_word' id='word_1_249' title='bbox 1483 3118 1567 3180; x_wconf 78' lang='lat' dir='ltr'><strong>sit</strong></span> <span class='ocrx_word' id='word_1_250' title='bbox 1598 3139 1639 3179; x_wconf 87' lang='lat' dir='ltr'><strong>a</strong></span> <span class='ocrx_word' id='word_1_251' title='bbox 1680 3113 1934 3182; x_wconf 79' lang='lat' dir='ltr'><strong>decretis</strong></span> <span class='ocrx_word' id='word_1_252' title='bbox 1959 3111 2203 3203; x_wconf 78' lang='lat' dir='ltr'><strong>Synodi</strong></span> <span class='ocrx_word' id='word_1_253' title='bbox 2238 3115 2318 3181; x_wconf 90' lang='lat' dir='ltr'><em>N</em></span> <span class='ocrx_word' id='word_1_254' title='bbox 2312 3118 2547 3180; x_wconf 75' lang='lat' dir='ltr'><strong>icaenae</strong></span> 
     </span>
     <span class='ocr_line' id='line_1_28' title="bbox 461 3211 2549 3306; baseline 0 -28"><span class='ocrx_word' id='word_1_255' title='bbox 461 3211 538 3278; x_wconf 86' lang='lat' dir='ltr'><strong>de</strong></span> <span class='ocrx_word' id='word_1_256' title='bbox 587 3213 805 3284; x_wconf 81' lang='lat' dir='ltr'><strong>Tribus</strong></span> <span class='ocrx_word' id='word_1_257' title='bbox 848 3213 1141 3279; x_wconf 82' lang='lat' dir='ltr'><strong>Personis</strong></span> <span class='ocrx_word' id='word_1_258' title='bbox 1185 3214 1424 3280; x_wconf 77' lang='lat' dir='ltr'><strong>Divinis</strong></span> <span class='ocrx_word' id='word_1_259' title='bbox 1466 3216 1546 3281; x_wconf 83' lang='lat' dir='ltr'><strong>ab</strong></span> <span class='ocrx_word' id='word_1_260' title='bbox 1586 3229 1857 3291; x_wconf 78' lang='lat' dir='ltr'><strong>aeterno,</strong></span> <span class='ocrx_word' id='word_1_261' title='bbox 1910 3240 2066 3306; x_wconf 81' lang='lat' dir='ltr'><strong>quae</strong></span> <span class='ocrx_word' id='word_1_262' title='bbox 2103 3214 2292 3283; x_wconf 77' lang='lat' dir='ltr'><strong>Fides</strong></span> <span class='ocrx_word' id='word_1_263' title='bbox 2339 3243 2380 3282; x_wconf 84' lang='grc' dir='ltr'><em>α</em></span> <span class='ocrx_word' id='word_1_264' title='bbox 2419 3231 2549 3280; x_wconf 77' lang='lat' dir='ltr'><strong>tem·</strong></span> 
     </span>
     <span class='ocr_line' id='line_1_29' title="bbox 503 3313 2550 3411; baseline -0.001 -30"><span class='ocrx_word' id='word_1_265' title='bbox 503 3339 654 3404; x_wconf 86' lang='lat' dir='ltr'><strong>pore</strong></span> <span class='ocrx_word' id='word_1_266' title='bbox 692 3314 802 3381; x_wconf 81' lang='lat' dir='ltr'><strong>illo</strong></span> <span class='ocrx_word' id='word_1_267' title='bbox 843 3313 933 3381; x_wconf 85' lang='lat' dir='ltr'><strong>ad</strong></span> <span class='ocrx_word' id='word_1_268' title='bbox 962 3339 1254 3406; x_wconf 82' lang='lat' dir='ltr'><strong>praesens</strong></span> <span class='ocrx_word' id='word_1_269' title='bbox 1283 3339 1325 3381; x_wconf 80' lang='lat' dir='ltr'><em>a</em></span> <span class='ocrx_word' id='word_1_270' title='bbox 1369 3330 1493 3381; x_wconf 78' lang='lat' dir='ltr'><strong>toto</strong></span> <span class='ocrx_word' id='word_1_271' title='bbox 1530 3315 1875 3382; x_wconf 76' lang='lat' dir='ltr'><strong>Christiano</strong></span> <span class='ocrx_word' id='word_1_272' title='bbox 1913 3316 2076 3382; x_wconf 83' lang='lat' dir='ltr'><strong>Orbe</strong></span> <span class='ocrx_word' id='word_1_273' title='bbox 2120 3331 2355 3411; x_wconf 80' lang='lat' dir='ltr'><strong>recepta</strong></span> <span class='ocrx_word' id='word_1_274' title='bbox 2398 3329 2499 3383; x_wconf 83' lang='lat' dir='ltr'><strong>est.</strong></span> <span class='ocrx_word' id='word_1_275' title='bbox 2547 3345 2550 3354; x_wconf 96' lang='lat'><em>·</em></span> 
     </span>
    </p>
   </div>
   <div class='ocr_carea' id='block_1_6' title="bbox 454 3490 2546 3680">
    <p class='ocr_par' dir='ltr' id='par_1_6' title="bbox 454 3490 2546 3680">
     <span class='ocr_line' id='line_1_30' title="bbox 554 3490 2546 3583; baseline 0.004 -31"><span class='ocrx_word' id='word_1_276' title='bbox 554 3547 563 3552; x_wconf 90' lang='lat'><em>.</em></span> <span class='ocrx_word' id='word_1_277' title='bbox 615 3495 760 3555; x_wconf 78' lang='lat'><strong>632.</strong></span> <span class='ocrx_word' id='word_1_278' title='bbox 804 3490 992 3570; x_wconf 79' lang='lat' dir='ltr'><strong>Quod</strong></span> <span class='ocrx_word' id='word_1_279' title='bbox 1036 3492 1230 3580; x_wconf 88' lang='lat' dir='ltr'><strong>Ipsam</strong></span> <span class='ocrx_word' id='word_1_280' title='bbox 1268 3493 1577 3583; x_wconf 78' lang='lat' dir='ltr'><strong>Synodum</strong></span> <span class='ocrx_word' id='word_1_281' title='bbox 1605 3493 1932 3560; x_wconf 86' lang='lat' dir='ltr'><strong>Nicaenam</strong></span> <span class='ocrx_word' id='word_1_282' title='bbox 1963 3493 2192 3569; x_wconf 85' lang='lat' dir='ltr'><strong>attinet,</strong></span> <span class='ocrx_word' id='word_1_283' title='bbox 2246 3494 2404 3558; x_wconf 85' lang='lat' dir='ltr'><strong>illam</strong></span> <span class='ocrx_word' id='word_1_284' title='bbox 2443 3492 2546 3560; x_wconf 61' lang='lat' dir='ltr'><strong>Im*</strong></span> 
     </span>
     <span class='ocr_line' id='line_1_31' title="bbox 454 3590 2543 3680; baseline 0.002 -26"><span class='ocrx_word' id='word_1_285' title='bbox 454 3599 696 3678; x_wconf 85' lang='lat' dir='ltr'><strong>perator</strong></span> <span class='ocrx_word' id='word_1_286' title='bbox 735 3590 1152 3658; x_wconf 86' lang='lat' dir='ltr'><strong>Constantinus</strong></span> <span class='ocrx_word' id='word_1_287' title='bbox 1181 3613 1428 3680; x_wconf 83' lang='lat' dir='ltr'><strong>magnus</strong></span> <span class='ocrx_word' id='word_1_288' title='bbox 1451 3614 1627 3659; x_wconf 82' lang='lat' dir='ltr'><strong>suasu</strong></span> <span class='ocrx_word' id='word_1_289' title='bbox 1653 3593 1969 3660; x_wconf 81' lang='lat' dir='ltr'><strong>Alexandri</strong></span> <span class='ocrx_word' id='word_1_290' title='bbox 1999 3591 2270 3680; x_wconf 89' lang='lat' dir='ltr'><strong>Episcopi</strong></span> <span class='ocrx_word' id='word_1_291' title='bbox 2301 3591 2543 3659; x_wconf 78' lang='lat' dir='ltr'><strong>Alexan·</strong></span> 
     </span>
    </p>
   </div>
   <div class='ocr_carea' id='block_1_7' title="bbox 459 3690 2646 3782">
    <p class='ocr_par' dir='ltr' id='par_1_7' title="bbox 459 3690 2646 3782">
     <span class='ocr_line' id='line_1_32' title="bbox 459 3690 2646 3782; baseline 0 -26"><span class='ocrx_word' id='word_1_292' title='bbox 459 3690 611 3756; x_wconf 88' lang='lat' dir='ltr'><strong>drini</strong></span> <span class='ocrx_word' id='word_1_293' title='bbox 653 3713 723 3754; x_wconf 86' lang='lat' dir='ltr'><strong>ex</strong></span> <span class='ocrx_word' id='word_1_294' title='bbox 752 3692 1022 3758; x_wconf 83' lang='lat' dir='ltr'><strong>omnibus</strong></span> <span class='ocrx_word' id='word_1_295' title='bbox 1059 3694 1360 3781; x_wconf 89' lang='lat' dir='ltr'><strong>Episcopis</strong></span> <span class='ocrx_word' id='word_1_296' title='bbox 1400 3695 1458 3757; x_wconf 85' lang='lat' dir='ltr'><strong>in</strong></span> <span class='ocrx_word' id='word_1_297' title='bbox 1489 3694 1661 3770; x_wconf 79' lang='lat' dir='ltr'><strong>Asia,</strong></span> <span class='ocrx_word' id='word_1_298' title='bbox 1712 3694 1911 3764; x_wconf 81' lang='lat' dir='ltr'><strong>Africa</strong></span> <span class='ocrx_word' id='word_1_299' title='bbox 1955 3705 2013 3758; x_wconf 90' lang='lat' dir='ltr'><strong>et</strong></span> <span class='ocrx_word' id='word_1_300' title='bbox 2056 3695 2293 3782; x_wconf 86' lang='lat' dir='ltr'><strong>Europa</strong></span> <span class='ocrx_word' id='word_1_301' title='bbox 2338 3716 2544 3760; x_wconf 86' lang='lat' dir='ltr'><strong>convo·</strong></span> <span class='ocrx_word' id='word_1_302' title='bbox 2645 3715 2646 3718; x_wconf 69' lang='grc'>’</span> 
     </span>
    </p>
   </div>
   <div class='ocr_carea' id='block_1_8' title="bbox 450 3791 2541 4286">
    <p class='ocr_par' dir='ltr' id='par_1_8' title="bbox 450 3791 2541 4286">
     <span class='ocr_line' id='line_1_33' title="bbox 458 3791 2541 3887; baseline -0.001 -29"><span class='ocrx_word' id='word_1_303' title='bbox 458 3793 624 3867; x_wconf 87' lang='lat' dir='ltr'><strong>catis,</strong></span> <span class='ocrx_word' id='word_1_304' title='bbox 661 3791 721 3855; x_wconf 92' lang='lat' dir='ltr'><strong>in</strong></span> <span class='ocrx_word' id='word_1_305' title='bbox 750 3793 938 3880; x_wconf 83' lang='lat' dir='ltr'><strong>Regia</strong></span> <span class='ocrx_word' id='word_1_306' title='bbox 965 3815 1072 3860; x_wconf 90' lang='lat' dir='ltr'><strong>sua</strong></span> <span class='ocrx_word' id='word_1_307' title='bbox 1098 3796 1360 3864; x_wconf 89' lang='lat' dir='ltr'><strong>Nicaeae</strong></span> <span class='ocrx_word' id='word_1_308' title='bbox 1388 3797 1550 3861; x_wconf 88' lang='lat' dir='ltr'><strong>urbis</strong></span> <span class='ocrx_word' id='word_1_309' title='bbox 1577 3795 1896 3887; x_wconf 82' lang='lat' dir='ltr'><strong>Bithyniae</strong></span> <span class='ocrx_word' id='word_1_310' title='bbox 1922 3793 2148 3870; x_wconf 83' lang='lat' dir='ltr'><strong>habuit,</strong></span> <span class='ocrx_word' id='word_1_311' title='bbox 2188 3806 2254 3859; x_wconf 84' lang='lat' dir='ltr'><strong>ut</strong></span> <span class='ocrx_word' id='word_1_312' title='bbox 2283 3794 2541 3867; x_wconf 83' lang='lat' dir='ltr'><strong>haeresin</strong></span> 
     </span>
     <span class='ocr_line' id='line_1_34' title="bbox 453 3890 2540 3984; baseline 0 -26"><span class='ocrx_word' id='word_1_313' title='bbox 453 3890 580 3958; x_wconf 85' lang='lat' dir='ltr'><strong>Arii</strong></span> <span class='ocrx_word' id='word_1_314' title='bbox 613 3895 941 3984; x_wconf 85' lang='lat' dir='ltr'><strong>presbyteri</strong></span> <span class='ocrx_word' id='word_1_315' title='bbox 967 3894 1366 3972; x_wconf 84' lang='lat' dir='ltr'><strong>Alexandrini,</strong></span> <span class='ocrx_word' id='word_1_316' title='bbox 1411 3899 1512 3982; x_wconf 81' lang='lat' dir='ltr'><strong>qui</strong></span> <span class='ocrx_word' id='word_1_317' title='bbox 1543 3896 1929 3963; x_wconf 81' lang='lat' dir='ltr'><strong>Divinitatem</strong></span> <span class='ocrx_word' id='word_1_318' title='bbox 1953 3897 2104 3962; x_wconf 88' lang='lat' dir='ltr'><strong>Jesu</strong></span> <span class='ocrx_word' id='word_1_319' title='bbox 2132 3895 2348 3962; x_wconf 79' lang='lat' dir='ltr'><strong>Christi</strong></span> <span class='ocrx_word' id='word_1_320' title='bbox 2376 3915 2540 3981; x_wconf 80' lang='lat' dir='ltr'><strong>nega·</strong></span> 
     </span>
     <span class='ocr_line' id='line_1_35' title="bbox 453 3994 2539 4071; baseline 0 -14"><span class='ocrx_word' id='word_1_321' title='bbox 453 3994 595 4069; x_wconf 84' lang='lat' dir='ltr'><strong>bat,</strong></span> <span class='ocrx_word' id='word_1_322' title='bbox 630 4015 703 4058; x_wconf 84' lang='lat' dir='ltr'><strong>ex</strong></span> <span class='ocrx_word' id='word_1_323' title='bbox 729 3996 912 4060; x_wconf 87' lang='lat' dir='ltr'><strong>sacris</strong></span> <span class='ocrx_word' id='word_1_324' title='bbox 949 3995 1132 4063; x_wconf 83' lang='lat' dir='ltr'><strong>literis</strong></span> <span class='ocrx_word' id='word_1_325' title='bbox 1173 3998 1596 4063; x_wconf 77' lang='lat' dir='ltr'><strong>convincerent</strong></span> <span class='ocrx_word' id='word_1_326' title='bbox 1635 4008 1694 4062; x_wconf 88' lang='lat' dir='ltr'><strong>et</strong></span> <span class='ocrx_word' id='word_1_327' title='bbox 1739 3998 2119 4071; x_wconf 61' lang='lat' dir='ltr'><strong>damnatum</strong></span> <span class='ocrx_word' id='word_1_328' title='bbox 2174 3996 2287 4062; x_wconf 88' lang='lat' dir='ltr'><strong>hoc</strong></span> <span class='ocrx_word' id='word_1_329' title='bbox 2331 3997 2539 4062; x_wconf 77' lang='lat' dir='ltr'><strong>factum</strong></span> 
     </span>
     <span class='ocr_line' id='line_1_36' title="bbox 450 4092 2534 4185; baseline 0 -28"><span class='ocrx_word' id='word_1_330' title='bbox 450 4101 541 4157; x_wconf 87' lang='lat' dir='ltr'><strong>est</strong></span> <span class='ocrx_word' id='word_1_331' title='bbox 563 4092 739 4166; x_wconf 84' lang='lat' dir='ltr'><strong>Anno</strong></span> <span class='ocrx_word' id='word_1_332' title='bbox 767 4094 981 4160; x_wconf 86' lang='lat' dir='ltr'><strong>Christi</strong></span> <span class='ocrx_word' id='word_1_333' title='bbox 1028 4101 1178 4161; x_wconf 75' lang='lat'>325.</span> <span class='ocrx_word' id='word_1_334' title='bbox 1231 4097 1407 4178; x_wconf 89' lang='lat' dir='ltr'><strong>Quod</strong></span> <span class='ocrx_word' id='word_1_335' title='bbox 1449 4100 1760 4164; x_wconf 82' lang='lat' dir='ltr'><strong>convocati</strong></span> <span class='ocrx_word' id='word_1_336' title='bbox 1789 4098 1870 4161; x_wconf 88' lang='lat' dir='ltr'><strong>illi</strong></span> <span class='ocrx_word' id='word_1_337' title='bbox 1911 4098 2342 4174; x_wconf 86' lang='lat' dir='ltr'><strong>concluserint,</strong></span> <span class='ocrx_word' id='word_1_338' title='bbox 2385 4093 2534 4185; x_wconf 88' lang='lat' dir='ltr'><strong>quod</strong></span> 
     </span>
     <span class='ocr_line' id='line_1_37' title="bbox 452 4194 2532 4286; baseline 0.002 -31"><span class='ocrx_word' id='word_1_339' title='bbox 452 4202 571 4262; x_wconf 87' lang='lat' dir='ltr'><strong>tres</strong></span> <span class='ocrx_word' id='word_1_340' title='bbox 595 4194 894 4260; x_wconf 86' lang='lat' dir='ltr'><strong>Personae</strong></span> <span class='ocrx_word' id='word_1_341' title='bbox 924 4197 1207 4271; x_wconf 81' lang='lat' dir='ltr'><strong>Divinae,</strong></span> <span class='ocrx_word' id='word_1_342' title='bbox 1260 4197 1470 4268; x_wconf 86' lang='lat' dir='ltr'><strong>Pater,</strong></span> <span class='ocrx_word' id='word_1_343' title='bbox 1524 4197 1706 4263; x_wconf 87' lang='lat' dir='ltr'><strong>Filius</strong></span> <span class='ocrx_word' id='word_1_344' title='bbox 1750 4207 1808 4261; x_wconf 86' lang='lat' dir='ltr'><strong>et</strong></span> <span class='ocrx_word' id='word_1_345' title='bbox 1847 4199 2099 4286; x_wconf 75' lang='lat' dir='ltr'><strong>Spiritus</strong></span> <span class='ocrx_word' id='word_1_346' title='bbox 2124 4198 2413 4275; x_wconf 83' lang='lat' dir='ltr'><strong>Sanctus,</strong></span> <span class='ocrx_word' id='word_1_347' title='bbox 2464 4196 2532 4261; x_wconf 83' lang='lat' dir='ltr'><strong>ab</strong></span> 
     </span>
    </p>
   </div>
  </div>
 </body>
</html>
