2750 4775
443 336 551 389 596
671 324 1129 382 UMVERSA
1173 326 1705 381 TuEOLOGM
1750 326 1816 379 N.
1858 325 1924 378 C.
1964 324 2071 377 ET
2114 322 2181 380 N.
2225 325 2294 380 E.
2396 381 2401 385 .

541 477 742 546 retulit
759 525 779 555 ,
822 476 982 566 quod
1007 478 1148 545 dum
1175 479 1236 545 in
1265 480 1524 545 externis
1548 488 1638 545 est
1655 525 1675 554 ,
1722 480 1798 546 sit
1824 479 2062 544 moralis
2087 478 2245 544 inter
2274 479 2561 558 morata,

541 580 847 646 rationalis
875 581 1031 646 inter
1074 579 1422 656 rationales,
1474 581 1595 649 imo
1636 578 1953 670 spiritualis
1989 581 2150 645 iuter
2192 580 2562 667 spirituales,

543 694 602 750 et
629 682 790 772 quod
819 703 950 747 cum
991 680 1101 747 fuit
1142 682 1198 746 in
1243 682 1505 758 Mundo,
1556 682 1940 747 concionatus
1964 682 2076 758 sit,
2128 690 2187 746 et
2215 683 2378 769 quod
2411 692 2560 748 tunc

544 783 898 875 pejeraverit
941 791 1148 848 contra
1189 782 1491 849 maleficos
1531 783 1721 849 omnis
1762 784 2031 871 generis,
2094 792 2154 847 et
2197 784 2361 869 quod
2413 783 2556 847 inde

543 894 792 953 vocatus
813 885 887 951 sit
915 884 1070 950 filius
1092 883 1395 956 Auroram
1447 894 1507 948 et
1533 885 1691 971 quod
1716 885 1839 971 ipse
1870 885 2149 960 miratus,
2205 886 2368 971 quod
2408 884 2554 951 dum

541 1008 719 1077 super
745 986 970 1075 pulpito
993 995 1178 1062 esset,
1228 1006 1350 1050 non
1383 985 1557 1050 aliter
1584 985 1910 1074 perceperit
1936 1006 2113 1073 quam
2144 986 2307 1073 quod
2347 986 2434 1050 ita
2459 1007 2558 1050 es·

542 1099 632 1156 set
668 1089 819 1154 sicut
859 1089 1168 1173 loquutus3
1224 1086 1396 1151 aliter
1436 1108 1582 1152 vero
1632 1087 1769 1150 dum
1812 1097 1975 1152 extra
2021 1086 2337 1173 Templum
2382 1095 2554 1159 erat;

545 1190 690 1256 dixit
715 1210 987 1265 cansam,
1029 1188 1167 1274 quia
1193 1187 1254 1250 iu
1281 1186 1533 1274 Templo
1559 1199 1707 1253 erat·
1727 1187 1789 1251 in
1825 1187 2097 1252 Externis
2121 1178 2270 1263 suis‘,
2316 1197 2377 1250 et
2406 1196 2556 1252 tunc

542 1290 736 1361 solum
759 1291 822 1354 in
843 1289 1174 1364 Intellecta,
1193 1297 1255 1354 at
1283 1298 1450 1354 extra
1470 1288 1783 1378 Templum
1812 1288 1872 1354 in
1891 1289 2145 1354 laternis
2160 1289 2298 1362 suiS‚
2320 1298 2382 1351 et
2409 1297 2555 1355 tunc

541 1393 606 1457 in
643 1392 996 1466 voluntate,
1060 1401 1119 1454 et
1164 1390 1248 1454 sic
1304 1390 1461 1476 quod
1510 1389 1850 1455 Intellectus
1898 1390 2224 1455 elevaverit
2264 1390 2432 1454 illum
2486 1389 2552 1453 iu

545 1493 820 1567 Caelum,
873 1502 934 1556 at
980 1491 1267 1558 Voluntas
1292 1492 1567 1556 detrahat
1606 1491 1769 1555 illum
1808 1491 1867 1554 in
1910 1489 2240 1560 infernum;
2295 1500 2356 1553 at
2386 1490 2551 1578 quod

542 1595 835 1660 Voluntas
875 1594 1070 1658 valcat
1107 1614 1282 1681 super
1321 1593 1726 1668 Intellectum,
1776 1593 1915 1679 quia
1953 1591 2112 1655 huuc
2148 1591 2248 1655 illa
2292 1592 2555 1679 disponit

543 1695 619 1761 ad
648 1694 914 1760 favorem
954 1704 1012 1757 et
1055 1704 1296 1759 nutum:
1351 1705 1482 1782 post
1518 1693 1671 1757 haec
1696 1694 1966 1758 diabolus
1996 1692 2285 1760 mentiens
2315 1692 2554 1758 Lucife-

548 1819 680 1863 rum
709 1797 981 1883 delapsus
1003 1796 1177 1859 estin
1213 1793 1552 1871 bisernum,
1596 1817 1673 1859 n:
1715 1799 1862 1860 507.
2084 1792 2104 1814 ⁰

445 1895 566 1963 LV.
622 1898 822 1962 Visum
868 1906 953 1961 est
1007 1895 1320 1984 Templum
1364 1896 1717 1972 rotundum,
1771 1897 1936 1982 cujus
1981 1897 2233 1961 Tectum
2286 1904 2425 1958 etat
2466 1893 2554 1958 in-

544 2009 669 2066 star
711 1998 1015 2073 Coronae,
1083 1997 1349 2062 Parietes
1388 1998 1700 2062 continuae
1746 1998 2066 2064 Fenestrae
2102 1994 2550 2085 erCrystallis,

543 2101 727 2171 Porta
754 2120 825 2162 ex
850 2098 1175 2167 substantia
1203 2100 1619 2184 margaritica3
1671 2099 1730 2161 in
1756 2098 1858 2162 illo
1885 2108 2014 2163 erat
2037 2106 2348 2184 suggestus
2372 2119 2554 2186 super

545 2224 664 2289 quo
704 2208 835 2264 erat
875 2198 1137 2264 Verbum
1180 2200 1436 2263 cinctum
1482 2196 1735 2286 sphaera
1774 2200 1950 2273 lucis,
2001 2200 2062 2263 in
2091 2197 2284 2262 medio
2311 2198 2554 2286 Templi

541 2300 806 2392 Adytum
836 2309 974 2367 aute
1016 2301 1174 2389 quod
1206 2300 1419 2365 Velum
1438 2349 1454 2372 ,
1507 2301 1612 2366 sed
1641 2322 1796 2364 nunc
1822 2300 2150 2375 sublatum,
2196 2299 2253 2362 in
2283 2323 2410 2385 quo
2438 2310 2553 2363 ste—

545 2404 614 2465 tit
642 2399 952 2466 Cherubus
980 2424 1112 2467 cum
1143 2423 1277 2467 ense
1299 2403 1574 2467 vibrante
1596 2404 1658 2465 in
1689 2425 1896 2467 manu:
1940 2411 2073 2488 post-
2094 2400 2243 2464 haec
2275 2403 2426 2479 visa,
2453 2424 2552 2468 ex-

543 2501 919 2590 plicabantur
972 2524 1173 2568 coram
1247 2525 1339 2569 me
1386 2496 1618 2591 singula
1680 2526 1832 2589 quae
1875 2502 2328 2589 significabant,
2395 2523 2551 2590 quae

545 2605 886 2675 videantur-2
938 2626 1113 2693 super
1140 2605 1322 2670 Porta
1362 2615 1490 2669 erat
1529 2606 1834 2692 Scriptura
1883 2604 2063 2681 baec,
2115 2603 2306 2669 Ntmc
2348 2609 2549 2676 LI'CET,

457 2745 464 2752 —
546 2705 704 2794 quod
735 2704 1137 2788 significabat,
1191 2707 1352 2793 quod
1396 2727 1556 2769 nunc
1595 2707 1768 2771 liceat
1809 2704 2295 2769 intellectualiter.
2326 2707 2546 2768 intrare

543 2809 606 2871 in
638 2808 923 2897 Mysteria
953 2807 1118 2884 fidei,
1169 2817 1231 2876 et
1273 2808 1477 2872 datum
1516 2815 1604 2871 est
1643 2807 1971 2895 percipere,
2024 2805 2183 2893 quod
2231 2807 2412 2870 valde
2438 2805 2549 2869 dis-

545 2911 923 2974 criminosum
957 2918 1107 2975 esset
1135 2908 1435 2973 intellectu
1474 2909 1699 2973 intrare
1744 2909 1803 2971 iu
1851 2908 2130 2993 dogmata
2172 2904 2342 2982 fidei,
2399 2926 2548 2993 quae

545 3031 619 3075 ex
647 3010 881 3098 propria
909 3009 1290 3095 intelligentia
1318 3018 1486 3084 sunt,
1540 3020 1598 3072 et
1638 3008 1775 3072 inde
1805 3008 1865 3072 in
1892 3008 2115 3082 Falsis,
2162 3016 2230 3070 et
2270 3008 2405 3093 plus
2444 3005 2545 3072 ad-

545 3110 665 3176 huc
691 3101 790 3175 illa
818 3131 889 3175 ex
913 3112 1116 3178 Verbo
1142 3110 1528 3186 confirmare,
1578 3120 1638 3175 et
1678 3108 1834 3196 quod
1875 3110 2010 3176 ideo
2048 3129 2120 3173 ex
2148 3108 2372 3174 Divina
2401 3107 2548 3172 Pro·

547 3211 806 3278 videntia
835 3212 1096 3278 Verbum
1128 3213 1467 3297 ademptum
1497 3214 1570 3276 sit
1598 3209 2255 3285 Romano-Catholicis,
2301 3219 2365 3273 et
2393 3207 2546 3297 quod

549 3313 705 3397 apud
733 3313 1138 3379 Protestantcs
1164 3314 1463 3378 occlusum
1492 3315 1565 3376 sit
1594 3334 1700 3400 per
1729 3333 1934 3388 eorum
1964 3312 2175 3396 dogma
2197 3361 2211 3385 ,
2261 3312 2428 3396 quod
2457 3309 2548 3376 In-

549 3414 815 3478 tellectus
844 3415 1168 3502 captandus
1193 3416 1267 3478 sit
1294 3415 1405 3479 sub
1443 3415 1774 3478 obedientia
1819 3410 1952 3475 fidei
1985 3433 2211 3475 eorum.
2283 3409 2367 3475 At
2414 3411 2547 3498 quia

548 3513 877 3602 Dogmata,
931 3538 1084 3601 quae
1124 3516 1338 3580 Novae
1383 3514 1681 3580 Ecclesiae
1727 3523 1925 3588 sunt,-
1964 3512 2161 3576 omnia
2218 3531 2307 3596 ex·
2344 3513 2545 3579 Verbo

547 3624 713 3690 sunt,
769 3614 924 3700 quod
959 3615 1019 3678 in
1049 3613 1147 3679 illa
1187 3616 1361 3680 liceat
1394 3615 1703 3682 Intellectu
1743 3615 1997 3689 intrare,
2049 3613 2189 3699 quia
2224 3623 2364 3677 sunt
2413 3634 2546 3678 con-

549 3720 749 3782 tinuae
781 3715 1071 3780 veritates
1095 3738 1165 3779 ex
1193 3717 1426 3793 Ver—bo,
1468 3735 1631 3803 ‘quae
1662 3716 1839 3781 etiam
1875 3732 2072 3779 coram
2115 3713 2425 3784 intellectu
2466 3715 2547 3777 lu·

548 3827 699 3881 cent.
784 3815 919 3878 Hoc
944 3825 1111 3894 erat,
1161 3818 1318 3903 quod
1361 3818 1855 3905 perscripturam
1884 3837 2060 3904 super
2085 3816 2304 3890 Porta,
2359 3816 2547 3881 Ntmc

548 3933 757 3995 mem,
809 3916 1183 4004 intelligitur}
1235 3928 1291 3982 et
1321 3939 1428 4006 per
1464 3918 1622 4006 quod
1648 3918 1860 3982 Velum
1891 3915 2071 4006 Adyti
2114 3916 2422 3981 sublatum
2458 3916 2546 3990 sit,

546 4018 703 4082 intra
732 4018 892 4104 quod
918 4019 1075 4084 stetit
1104 4019 1427 4084 Cherubus.
1506 4020 1650 4085 Post
1674 4018 1822 4083 haec
1850 4019 2028 4082 allata
2056 4025 2145 4082 est
2172 4015 2318 4080 mihi
2336 4017 2547 4082 charta

551 4136 624 4180 ex
646 4116 900 4195 infante,
943 4120 1039 4206 qui
1068 4129 1197 4184 erat
1222 4116 1486 4204 Angelus
1511 4120 1572 4182 in
1598 4119 1775 4183 tertio
1802 4119 2002 4195 Caelo,
2030 4119 2089 4181 in
2116 4139 2237 4206 qua
2265 4119 2544 4207 scriptum

465 4239 468 4250 ·
549 4225 709 4290 erat;
768 4215 1041 4287 Inuum
1081 4237 1361 4283 ros-rme
1400 4236 1466 4281 m
1498 4220 2047 4285 nieman-Vnum
2086 4221 2417 4285 alermus
2447 4238 2545 4283 oc-
