2750 4775
478 368 547 416 50
701 354 1164 409 UNIVERSA
1211 353 1746 409 THEOLOGIA
1803 357 1872 412 N.
1913 356 1980 412 C.
2027 358 2132 409 ΕΤ
2173 357 2242 412 Ν.
2286 358 2351 412 Ε.

475 509 697 597 Caput,
749 518 991 598 apparet
1035 508 1134 573 ille
1174 529 1206 571 e
1235 508 1416 574 Caelo
1463 506 1614 572 facie
1653 509 1879 594 ignitim
1916 508 2123 585 furva,
2175 532 2308 574 cum
2358 511 2570 578 circulo

472 612 611 675 albo
659 610 880 675 circum
929 609 1137 695 Caput.
1230 609 1321 675 Ad
1369 609 1516 673 haec
1545 611 1865 695 .quaesivi,
1933 612 2076 698 quid
2128 622 2570 697 repraesentant

472 709 937 778 Circulicircum
967 714 1190 798 capita,
1237 712 1708 797 respondebant,
1759 722 2202 798 repraesentant
2242 714 2572 800 intelligen-

472 813 648 887 tiam‚·
703 813 957 880 circulus
1000 815 1169 880 albus
1210 813 1428 875 circum
1463 812 1651 899 Caput
1693 812 1869 876 faciei
1913 814 2142 897 ignitim
2188 814 2435 889 furvae,
2484 837 2573 879 re·

472 924 842 1002 praesentat,
896 915 1055 1000 quod
1100 913 1489 998 intelligentia
1516 917 1642 1002 ejus
1671 916 1728 976 in
1757 916 2014 979 externis
2035 916 2128 989 sit,
2181 916 2310 981 sive
2352 919 2566 980 circum

471 1016 669 1092 illurn,
719 1024 785 1079 at
809 1017 1032 1081 insania
1063 1019 1121 1079 in
1151 1016 1397 1079 internis
1419 1036 1525 1078 seu
1559 1019 1617 1079 in
1646 1016 1777 1087 illo;
1830 1017 2006 1079 etiam
2039 1014 2252 1091 borno,
2297 1019 2398 1103 qui
2427 1019 2569 1093 talis

468 1118 623 1204 sapit
649 1138 782 1184 cum
811 1117 869 1181 in
900 1140 1150 1201 corpore
1180 1126 1297 1191 est,
1353 1127 1415 1179 at
1442 1117 1687 1192 insanit,
1740 1117 1879 1182 dum
1909 1117 1968 1179 in
1993 1118 2233 1203 spiritu;
2289 1131 2347 1182 et
2380 1118 2575 1185 nullus

472 1219 650 1284 homo
679 1218 831 1307 sapit
855 1221 1094 1306 spiritu,
1145 1217 1254 1282 nisi
1281 1239 1316 1280 a
1346 1218 1638 1290 Domino,
1693 1219 1850 1303 quod
1884 1216 1945 1281 lit
1986 1240 2118 1282 cum
2149 1220 2347 1283 denuo
2376 1221 2454 1285 ab
2483 1219 2571 1306 lp-

471 1343 536 1385 so
576 1331 893 1407 generatur
931 1331 990 1383 et
1033 1329 1283 1394 creatur.
1361 1318 1474 1381 His
1501 1318 1670 1382 dictis
1694 1320 2073 1405 aperiebatur
2118 1330 2276 1385 terra
2320 1322 2396 1384 ad
2435 1322 2569 1385 sini·

470 1432 696 1496 strum,
770 1432 830 1487 et
883 1444 987 1509 per
1030 1430 1367 1508 aperturam
1423 1419 1544 1482 vidi
1599 1430 2003 1506 assurgentem
2049 1421 2369 1485 Diabolum
2423 1419 2569 1486 facie

471 1523 700 1610 ignitim
747 1522 917 1590 furva
965 1520 1365 1586 cumicirculo
1410 1520 1546 1583 albo
1594 1519 1812 1584 circum
1860 1520 2085 1607 Caput,
2156 1532 2214 1588 et
2260 1523 2566 1598 sciscitari,

468 1624 602 1710 quis
623 1647 718 1699 es,
770 1624 943 1700 dixit,
993 1645 1121 1687 sum
1150 1618 1389 1685 Lucifer
1432 1617 1584 1685 filius
1615 1642 1901 1695 aurorae,
1948 1632 2006 1685 et
2025 1623 2172 1708 -quia
2198 1624 2450 1688 similem
2479 1644 2568 1689 me

469 1721 581 1790 feci
622 1725 954 1801 Altissimo,
1019 1723 1276 1807 dejectus
1318 1743 1481 1795 sum,
1545 1721 1696 1786 sicut
1741 1722 2044 1787 deseribor
2083 1723 2237 1809 Esaj.
2284 1724 2456 1798 XlV;
2508 1733 2566 1790 at

470 1848 588 1891 non
630 1827 738 1892 fuit
776 1826 876 1889 ille
906 1823 1177 1897 Lucifer,
1232 1822 1334 1886 sed
1363 1823 1609 1886 credidit
1649 1844 1710 1886 se
1748 1845 1873 1888 esse
1904 1824 2096 1894 illum;
2152 1835 2211 1889 et
2240 1827 2387 1902 dixi,
2436 1847 2561 1890 cum

468 1928 729 2011 dejectus
755 1949 836 2002 es,
889 1925 1190 2011 quomodo
1219 1932 1384 2007 potes
1411 1943 1719 2009 resurgere
1748 1945 1818 1986 ex
1849 1923 2119 1997 Inferuo,
2160 1936 2219 1989 et
2249 1927 2563 2018 respondit,

466 2052 595 2094 sum
635 2029 715 2093 ibi
757 2027 1078 2097 Diabolus,
1152 2035 1213 2089 at
1253 2022 1347 2087 hic
1387 2048 1514 2090 sum
1555 2023 1819 2110 Angelus
1862 2024 2036 2091 lucis.
2098 2028 2338 2092 videsne
2379 2029 2562 2116 Caput

469 2151 664 2195 meum
703 2129 936 2212 cingulo
976 2128 1115 2191 albo
1142 2127 1431 2203 cinctum,
1474 2136 1532 2190 et
1561 2148 1835 2213 quoque,
1880 2126 1927 2190 si
1958 2128 2063 2202 vis,
2092 2128 2358 2208 videbis,
2409 2126 2560 2216 quod

465 2231 575 2310 sim
614 2230 853 2302 moralis
893 2231 1046 2292 inter
1088 2228 1386 2301 morales‚·
1429 2250 1500 2291 ac
1528 2227 1831 2292 rationalis
1860 2230 2012 2292 inter
2038 2231 2391 2306 rationales,
2444 2231 2558 2293 imo

464 2330 780 2418 spiritualis
814 2330 965 2394 inter
1005 2328 1362 2416 spiritualem
1432 2329 1590 2417 potui
1633 2330 1809 2393 etiam
1854 2330 2557 2420 concionari;,quaesivi,

467 2432 764 2521 quomodo
809 2434 1192 2496 concionatus
1238 2451 1331 2499 es.
1399 2431 1542 2494 dixit
1580 2440 1784 2495 contra
1826 2430 2311 2510 defraudatores,
2356 2441 2555 2497 contra

466 2533 791 2606 adulteros,
846 2543 902 2596 et
944 2541 1148 2596 contra
1191 2553 1402 2595 omnes
1437 2553 1672 2596 amores
1711 2531 2061 2607 infernales,
2119 2534 2241 2598 imo
2285 2545 2429 2601 tunc
2470 2553 2557 2595 me

464 2632 804 2698 Luciferum
845 2635 1055 2699 vocavi
1102 2632 1454 2707 Diabolum,
1510 2643 1569 2695 et
1601 2634 1859 2716 pejeravi
1899 2644 2106 2697 contra
2144 2657 2239 2700 me
2265 2637 2461 2709 illum,
2501 2641 2555 2695 et

466 2743 781 2822 propterea
808 2736 1080 2799 laudibus
1107 2743 1350 2798 evectus
1376 2756 1503 2797 sum
1532 2734 1607 2797 ad
1636 2733 1912 2802 Caelum,
1969 2735 2103 2798 inde
2136 2745 2223 2801 est
2255 2737 2416 2823 quod
2456 2755 2553 2798 vo·

467 2846 632 2900 catus
659 2836 765 2900 sim
799 2836 950 2902 filius
975 2856 1257 2903 aurorae;
1313 2846 1369 2897 et
1399 2834 1707 2921 quod‘ipse
1739 2836 1982 2901 miratus
2010 2857 2169 2911 sum,
2224 2859 2357 2902 cum
2386 2853 2555 2921 supet

464 2937 687 3023 pulpito
710 2959 912 3014 eram,
966 2959 1085 2999 non
1116 2936 1370 3022 cogitavi
1400 2936 1570 2999 aliter
1589 2985 1603 3008 ‚
1660 2957 1835 3022 quam
1866 2938 2022 3022 quod
2051 2950 2210 3001 recte
2237 2948 2300 3003 et
2328 2939 2439 3003 rite
2478 2935 2554 2997 lo·

463 3058 711 3124 querer;
765 3030 868 3104 sed
899 3060 1072 3103 causa
1106 3037 1243 3101 mibi
1273 3038 1503 3103 detecta
1536 3045 1653 3113 est,
1701 3032 1871 3113 baec,
1925 3037 2059 3122 quia
2079 3040 2148 3109 ¹in
2175 3042 2431 3105 externis
2458 3034 2553 3109 fui,

462 3146 523 3205 et
550 3135 698 3204 haec
724 3149 865 3204 tunc
889 3149 1161 3228 separata
1190 3138 1429 3204 suerunt
1460 3139 1536 3202 ab
1577 3137 1819 3202 internis
1850 3139 2019 3211 meis;
2073 3150 2131 3202 et
2174 3141 2409 3206 tametsi
2450 3138 2554 3200 hoc

464 3240 604 3304 mibi
648 3241 941 3307 detectum
980 3251 1096 3315 est,
1150 3263 1331 3327 usque
1362 3260 1482 3302 non
1511 3239 1670 3327 potui
1698 3239 2010 3306 immutare
2037 3262 2163 3315 me,
2216 3242 2355 3329 quia
2384 3256 2550 3326 supra

459 3337 822 3411 Altissimum
867 3364 959 3407 me
997 3344 1198 3415 evexi,
1251 3351 1309 3404 et
1348 3350 1556 3404 contra
1594 3339 1765 3404 Illum
1808 3362 1898 3402 me
1940 3341 2152 3412 extuli;
2208 3343 2342 3406 dein
2383 3355 2553 3429 quae·

458 3441 602 3522 sivi,
656 3447 957 3531 quomodo
1000 3443 1234 3528 potuisti
1272 3443 1353 3504 ita
1386 3442 1581 3528 loqui,
1637 3428 1770 3504 cum
1795 3463 1857 3504 es
1884 3442 2003 3528 ipse
2033 3441 2444 3517 defraudator,
2494 3443 2550 3500 el

458 3542 578 3628 ipse
611 3545 874 3619 adulter,
933 3543 1262 3629 respondit,
1313 3563 1443 3606 sum
1485 3544 1635 3608 alius
1674 3543 1810 3606 dum
1841 3543 1901 3608 in
1931 3544 2185 3609 externis
2211 3552 2316 3609 seu
2343 3544 2401 3607 in
2429 3559 2552 3602 cor-

415 3672 422 3681 ·
461 3664 606 3731 pore
643 3666 804 3721 sum,
854 3653 914 3707 et
954 3642 1105 3706 alius
1143 3642 1278 3705 dum
1322 3645 1381 3706 in
1423 3645 1669 3708 internis
1708 3666 1808 3708 seu
1838 3644 1896 3705 in
1924 3644 2169 3731 spiritu,
2222 3646 2281 3708 in
2310 3656 2551 3729 corpore

457 3764 587 3808 sum
616 3743 907 3829 Angelus,
959 3744 1060 3806 sed
1102 3746 1162 3806 in
1200 3745 1407 3830 spiritu
1451 3743 1772 3818 Diabolus,
1825 3745 1881 3806 in
1924 3766 2172 3831 corpore
2213 3747 2365 3810 enim
2406 3761 2550 3811 sum,

457 3845 521 3908 iu
546 3844 881 3920 intellectu,
930 3846 990 3908 in
1015 3847 1223 3931 spiritu
1252 3857 1446 3911 autem
1484 3868 1608 3912 sum
1652 3845 1708 3907 in
1741 3845 2075 3922 voluntate,
2132 3869 2201 3911 ac
2228 3846 2551 3911 intellectus

456 3965 551 4009 me
580 3944 695 4011 fert
720 3966 968 4021 sursum,
1025 3956 1083 4010 at
1113 3946 1388 4012 voluntas
1416 3967 1508 4009 me
1538 3945 1654 4009 sert
1682 3944 1986 4020 deorsum;
2043 3957 2099 4011 et
2125 3950 2265 4012 dum
2300 3950 2358 4012 in
2386 3939 2548 4009 intel·

458 4045 613 4108 lectu
639 4068 787 4120 sum,
840 4046 1150 4135 Cingulum
1178 4048 1378 4112 album
1416 4043 1797 4110 circumvelat
1823 4046 2013 4134 Caput
2043 4068 2269 4126 meum,
2323 4058 2384 4113 at
2410 4044 2544 4109 dum

454 4146 786 4213 intellectus
813 4170 873 4213 se
902 4171 1139 4237 prorsus
1165 4147 1499 4232 emancipat
1535 4145 1846 4222 voluntati,
1896 4158 1953 4213 et
1984 4148 2047 4214 lit
2077 4152 2233 4236 ejus,
2285 4167 2437 4236 quae
2464 4147 2547 4206 esi

454 4269 581 4313 sors
622 4257 821 4315 nostra
867 4249 1106 4325 ultima,
1168 4257 1313 4312 tunc
1361 4248 1636 4333 nigrescit
1693 4249 2027 4335 cingulum,
2083 4272 2152 4314 ac
2198 4253 2542 4340 disparatur,
