2750 4775
324 363 1099 420 ADDITAMENTUM.
1149 396 1210 406 --
1258 364 1725 420 HOLLANDI
1764 367 1858 422 IN
1900 368 1979 427 M.
2024 368 2144 423 SP.
2194 367 2336 431 '319

203 520 596 588 constabilita
625 527 749 594 est,
802 518 1191 583 inseminatur
1217 519 1394 583 etiam
1423 519 1522 583 illa
1546 567 1561 594 ‚
1614 541 1685 585 ac
1713 521 2131 609 implantatur,
2184 525 2337 589 sicut

202 642 527 687 semenex
578 619 773 683 fructu
817 619 1217 705 cujuscunque
1262 620 1496 684 arboris
1533 620 1899 695 destinatum,
1951 642 2114 707 agro.
2184 624 2334 690 Inde

206 731 326 799 est,
385 720 542 809 quod
572 720 735 785 Laici
764 719 836 782 de
866 720 1418 785 Praedestinatione
1446 721 1602 784 inter
1628 742 1688 784 se
1717 722 1963 788 multum
1996 723 2332 808 loquantur,

204 823 321 889 sed
349 820 779 894 diversimode,
835 821 1074 906 quidam
1114 819 1274 886 illam
1320 822 1612 886 ambabus
1651 822 1925 885 manibus
1969 822 2336 908 amplectun-

206 933 338 996 tur,
394 922 632 1007 quidam
659 921 848 984 solum
881 942 997 985 una
1027 942 1226 997 manu,
1278 932 1338 985 et
1364 921 1662 996 arrident,
1715 921 1952 1006 quidam
1982 922 2143 986 illam
2187 925 2336 1011 abji-

208 1023 387 1088 ciunt
412 1025 561 1087 sicut
599 1040 852 1106 anguem
881 1022 1202 1094 lacertum;
1258 1023 1537 1108 ignorant
1563 1024 1720 1086 enim
1749 1023 1997 1111 mystica
2040 1022 2213 1100 fidei,
2265 1046 2338 1089 ex

212 1124 441 1211 quibus
470 1122 687 1208 Vipera
719 1121 824 1186 illa
865 1122 1098 1186 exclusa
1127 1132 1247 1197 est;
1301 1122 1459 1209 quod
1489 1122 1636 1187 haec
1662 1123 1969 1208 ignorent,
2023 1133 2109 1189 est
2126 1145 2336 1202 causa,

210 1225 361 1311 quia
393 1223 667 1309 Negotiis
697 1224 816 1286 suis
842 1222 1050 1286 intenti
1078 1234 1245 1296 sunt,
1300 1234 1358 1287 et
1389 1224 1634 1312 mystica
1666 1222 1804 1286 fidei
1849 1223 2046 1299 istius,
2097 1226 2335 1311 quidem

213 1335 483 1410 tangunt
512 1323 871 1389 intellectum
899 1323 1157 1399 illorum,
1198 1323 1297 1387 sed
1326 1345 1445 1386 non
1477 1333 1788 1410 penetrant
1815 1326 1871 1386 in
1901 1324 2099 1398 illum3
2151 1345 2337 1411 quare

211 1423 786 1491 Praedestiuationis
830 1425 1045 1510 dogma
1090 1424 1245 1510 apud
1280 1424 1521 1498 LaicoS‚
1577 1434 1634 1487 et
1675 1446 1912 1511 quoque
1952 1425 2105 1513 apud
2149 1426 2334 1491 Cleri·-

218 1548 360 1601 cos,
426 1535 513 1590 est
566 1525 718 1589 sicut
755 1523 1151 1588 Simulacrum
1198 1526 1256 1587 in
1311 1525 1504 1590 forma
1558 1523 1816 1588 bumana
1864 1525 2114 1611 positum
2157 1548 2335 1612 snper

217 1626 484 1711 Scopulo
513 1627 572 1689 in
600 1625 749 1688 mari
779 1645 911 1692 cum
941 1644 1156 1716 magna
1186 1624 1448 1714 Concha,
1494 1646 1647 1710 quae
1681 1623 1863 1711 fulget
1889 1627 2038 1689 sicut
2067 1648 2136 1689 ex
2164 1648 2332 1703 auro,

215 1728 282 1790 in
313 1748 522 1802 manu,
577 1725 650 1789 ad
680 1724 838 1811 quod
887 1726 1074 1789 visum
1117 1725 1298 1811 aliqui
1338 1725 1700 1790 Navarchae
1749 1726 2335 1813 praeternavigantes

215 1828 542 1891 demittunt
580 1827 776 1891 velum
824 1825 1006 1900 mali,
1054 1824 1386 1890 honorandi
1429 1835 1487 1890 et
1533 1825 1852 1890 venerandi
1889 1847 2096 1898 causa,
2150 1826 2334 1913 aliqui

216 1927 400 1993 modo
431 1929 504 1991 ad
535 1926 677 1990 illud
705 1927 934 1991 nictant
971 1926 1157 1991 oculis
1181 1936 1242 1990 et
1270 1927 1561 2000 salutant,
1612 1935 1672 1989 et
1698 1926 1877 2010 aliqui
1906 1926 1983 1989 ad
2011 1926 2065 1990 id
2095 1927 2333 1992 sibilant

211 2038 286 2093 ‘ut
334 2029 406 2092 ad
445 2029 736 2092 ludicrum
766 2026 927 2113 quid.
984 2026 1061 2090 Et
1101 2037 1187 2091 est
1233 2028 1384 2092 sicut
1413 2023 1558 2091 Avis
1593 2025 1793 2112 ignota
1835 2048 1902 2090 ex
1934 2026 2098 2092 ludia
2147 2027 2333 2115 posita

215 2150 397 2215 super
426 2131 546 2193 alta
575 2129 754 2201 turri,
808 2147 990 2214 quam
1020 2127 1201 2213 aliqui
1228 2126 1430 2212 jurant
1461 2146 1586 2190 esse
1613 2127 1970 2203 Tortorem,
2024 2128 2205 2216 aliqui
2245 2128 2332 2191 di·

217 2230 593 2294 vinant‘esse
627 2227 899 2304 Gallum,
962 2236 1021 2291 et
1062 2229 1241 2316 aliqui
1289 2228 1556 2315 dejerant
1596 2236 1657 2290 et
1701 2229 1990 2304 clamant,
2043 2239 2203 2292 certe
2243 2238 2331 2294 est

213 2331 397 2395 ulula.
2106 2385 2109 2393 .

379 2431 531 2493 804.
588 2428 870 2495 Hollandi
897 2430 1326 2516 dignoscuntur
1365 2429 1549 2517 probe
1592 2429 1668 2493 ab
1697 2429 1828 2494 aliis
1859 2430 1919 2494 in
1947 2430 2176 2496 Mundo
2214 2431 2332 2519 spi-

219 2529 466 2603 rituali,
513 2530 647 2614 quia
676 2530 735 2591 in
764 2530 1048 2596 similibus
1079 2531 1342 2596 vestibus
1367 2539 1689 2618 apparent,
1739 2531 1798 2592 in
1830 2531 2043 2616 quibus
2068 2532 2127 2595 in
2156 2533 2335 2598 Mun-

222 2630 308 2694 do
355 2629 643 2700 naturali,
698 2652 825 2694 cum
882 2632 1250 2707 discrimine,
1322 2632 1480 2718 qnod
1534 2631 1597 2693 in
1641 2632 2013 2697 nitidioribus
2063 2632 2177 2708 illi,
2228 2635 2331 2719 qui

230 2740 592 2816 receperunt
636 2730 838 2796 Fidem
891 2741 953 2795 et
995 2733 1191 2798 Vitam
1236 2729 1632 2820 spiritualem.
1722 2730 1899 2810 Quod
1944 2733 2005 2795 in
2046 2733 2336 2798 similibus

224 2832 502 2901 Vestibus
553 2841 909 2920 appareant,
964 2841 1051 2896 est
1107 2854 1318 2908 causa,
1389 2833 1528 2919 quia
1574 2832 1635 2895 in
1673 2830 1970 2919 principiis
2004 2831 2333 2917 Religionis

212 2953 360 2998 suae
389 2942 733 2998 constanter
759 2941 999 2997 manent
1017 2981 1032 3008 ,
1086 2944 1142 2997 et
1171 2955 1376 2997 omnes
1403 2932 1461 2995 in
1500 2933 1729 2996 Mundo
1757 2930 2041 3018 spirituali
2070 2931 2330 2998 vestiun-

212 3042 313 3098 tur
351 3034 675 3097 secundum
721 3033 853 3097 illa:
908 3053 1091 3119 quare
1128 3035 1492 3101 Vestimenta
1523 3035 1692 3106 alba,
1746 3042 1902 3094 etex
1931 3030 2139 3120 bysso,
2191 3041 2328 3094 sunt

211 3133 324 3199 illis
351 3133 433 3197 ibi
464 3134 563 3218 qui
592 3134 651 3195 in
678 3134 909 3199 Divinis
937 3133 1108 3198 Veris
1132 3144 1284 3201 sunt.

367 3238 518 3296 805.
577 3234 801 3309 Urbes,
857 3235 917 3295 in
961 3234 1173 3320 quibus
1202 3234 1485 3298 Hollandi
1527 3231 1828 3307 habitant,
1881 3238 2014 3295 sunt
2040 3230 2327 3315 singulari

213 3335 394 3399 modo
437 3335 799 3411 custoditae,
853 3356 1057 3399 omnes
1087 3335 1327 3400 Plateae
1360 3334 1421 3397 in
1447 3333 1561 3396 illis
1585 3342 1722 3413 sunt
1751 3341 1973 3406 tectae,
2027 3341 2086 3393 et
2115 3331 2171 3393 in
2204 3330 2328 3418 pla-

210 3436 323 3501 teis
362 3444 500 3499 sunt
546 3435 798 3509 Portae,
854 3444 1098 3522 propter
1144 3456 1415 3509 causam,
1481 3454 1555 3496 ne
1593 3441 1934 3517 spectentur
1973 3454 2005 3496 e
2046 3432 2237 3518 petris
2265 3442 2325 3498 et

209 3535 465 3601 collibus
505 3535 756 3609 circum;
814 3536 926 3599 hoc
953 3535 1013 3598 fn
1043 3535 1154 3599 illis
1184 3544 1426 3622 propter
1452 3534 1683 3597 insitam
1715 3534 2083 3621 prudentiam
2126 3533 2325 3598 occul-

207 3637 375 3701 tandi
420 3657 525 3700 sua
574 3636 845 3711 consilia,
911 3646 969 3700 et
1014 3659 1134 3700 non
1179 3635 1523 3722 divulgandi
1569 3657 1707 3711 suas
1750 3635 2145 3707 intentiones;·
2185 3657 2322 3700 nam

204 3737 352 3800 talia
383 3737 444 3799 in
478 3737 705 3800 Mundo
740 3738 1028 3822 spirituali
1073 3759 1176 3824 per
1215 3738 1611 3825 inspectiones
1658 3736 2104 3821 protrahuntur.
2174 3735 2324 3799 Cum

207 3838 425 3922 aliquis
453 3837 654 3900 animo
681 3837 1022 3925 explorandi
1053 3847 1268 3902 statum
1310 3836 1559 3902 illorum·
1583 3826 1776 3913 venit,
1831 3837 1927 3899 ille
1968 3838 2105 3900 dum
2138 3836 2326 3899 exitu-

203 3960 309 4002 rus
335 3947 458 4012 est,
514 3937 748 4002 ducitur
775 3939 850 4001 ad
881 3938 1094 4003 Portas
1122 3939 1450 4025 platearum
1492 3937 1752 4013 clausas,
1805 3947 1863 4000 et
1901 3937 1985 4002 sic
2020 3936 2326 4007 reducitur

201 4048 264 4102 et
293 4038 532 4101 ducitur
559 4036 634 4100 ad
663 4037 891 4126 plures,
915 4025 1008 4102 ’et
1029 4039 1145 4103 hoc
1173 4061 1355 4126 usque
1400 4038 1475 4102 ad
1508 4058 1801 4103 ,summam
1849 4037 2210 4111 molestiam,
2264 4043 2326 4098 et

199 4150 350 4210 tunc
377 4138 694 4210 emittitur;
748 4138 864 4203 boc
892 4140 971 4203 ob
999 4139 1175 4204 finem
1220 4160 1291 4202 ne
1321 4137 1542 4203 redeat.
1600 4138 1898 4212 Uxonns,
1957 4147 2108 4221 quae
2138 4135 2324 4220 impe-

197 4241 362 4305 rium
389 4260 581 4328 super
617 4236 879 4305 Maritos
918 4226 1232 4316 affectant,
1286 4237 1558 4325 habitant
1601 4238 1674 4302 ad
1721 4257 1904 4302 unum
1942 4235 2101 4297 latus
2123 4232 2326 4302 Urbis,
