2750 4775
426 341 534 391 228
666 328 1123 382 umvsssssa
1171 325 1705 381 'summotus
1749 328 1818 383 N.
1861 324 1928 381 C.
1969 326 2077 378 ET
2120 326 2186 382 S.
2229 328 2297 378 Ε.

425 482 778 548 describitur
828 479 1022 567 gloria
1073 479 1274 556 Caeli,
1342 476 1619 543 habitura
1673 477 1749 544 sit
1788 478 2036 556 Portas,
2085 500 2338 566 quarum
2388 500 2525 544 una-

425 585 671 673 quaevis
693 582 808 648 erit
834 603 954 646 una
982 580 1346 669 Margarita,
1398 589 1458 640 et
1483 579 1722 645 Plateas
1760 601 1830 644 ex
1873 602 2024 668 puro
2066 601 2249 657 auro,
2293 591 2358 644 et
2397 583 2528 648 Mu·

427 708 561 752 rum
604 684 919 751 fundatum
961 703 1140 771 super
1190 679 1487 767 lapidibus
1529 680 1829 767 pretiosis:
1901 691 2334 768 consequenter
2371 682 2526 767 qnod

430 787 616 853 cuivis
640 787 703 851 in
728 784 972 851 Caelum
1004 792 1244 870 recepto
1270 782 1344 846 sit
1369 802 1476 846 sua
1505 778 1658 845 Aula
1687 802 1759 845 ex
1790 802 1940 846 auro
1965 792 2026 846 et
2070 782 2532 868 pretiositatibus

426 889 776 980 splendens,
827 907 899 949 ac
925 884 1271 952 Dominium
1310 883 1518 946 ordine
1558 882 1636 945 ab
1681 905 1802 947 uno
1847 883 1908 945 in
1944 883 2198 948 alterum
2235 905 2532 949 successu·

358 1040 371 1048 -
426 1013 591 1058 rum:
646 998 706 1054 et
745 988 885 1075 qnia
924 986 1232 1062 novimus,
1301 983 1460 1070 quod
1501 983 1719 1048 talibus
1759 984 1961 1048 innata
2005 985 2121 1048 sint
2158 985 2415 1071 gaudia,
2466 1008 2534 1049 ac

430 1094 609 1157 insita
637 1088 906 1164 felicitas,
958 1098 1017 1152 et
1044 1085 1204 1173 quod
1231 1086 1344 1150 sint
1372 1085 1719 1172 sponsiones
1744 1084 1858 1149 Dei
1884 1084 2329 1171 irrefragabiles
2347 1134 2364 1160 ,
2418 1108 2535 1150 non

432 1193 731 1282 potuimus
770 1189 1007 1253 aliunde
1043 1197 1259 1253 statum
1298 1185 1696 1251 felicissimum
1741 1187 1898 1250 vitae
1933 1186 2201 1251 caelestis
2228 1186 2534 1251 deducere.

431 1292 575 1359 Post
601 1289 787 1365 hanc,
837 1290 1048 1355 Sex-rs
1080 1289 1368 1362 Gonous,
1421 1307 1573 1373 quae
1611 1298 1737 1351 erat
1764 1286 2035 1351 Secunda
2077 1308 2110 1349 e
2136 1287 2327 1374 Plaga
2368 1291 2538 1351 meri·

432 1393 674 1468 dionali,
728 1392 937 1456 extulit
963 1412 1193 1466 vocem,
1226 1399 1284 1451 et
1311 1387 1478 1463 dixit,
1522 1386 1818 1452 Gaudium
1848 1388 2011 1454 Caeli
2037 1398 2098 1451 et
2123 1389 2251 1472 ejus
2278 1388 2536 1456 Aeterna

433 1495 714 1571 felicitas,
766 1515 884 1557 non
927 1492 1084 1556 aliud
1122 1498 1251 1566 est,
1301 1508 1480 1576 quam
1508 1499 1791 1577 perpetua
1819 1486 2189 1553 Glorificatio
2220 1489 2374 1566 Dei,
2430 1490 2537 1555 Fe-

432 1607 588 1662 stum
640 1615 973 1684 perennans
1008 1592 1070 1656 in
1107 1601 1446 1664 aeteruum,
1500 1611 1572 1653 ac
1598 1590 1966 1656 beatissimus
1993 1589 2202 1654 Cultus
2236 1612 2372 1654 cum
2403 1612 2538 1654 can·

431 1698 591 1763 tibus
616 1706 674 1761 et
702 1696 931 1781 jubilis„
984 1704 1041 1758 et
1067 1694 1150 1756 sic
1178 1702 1456 1756 constans
1492 1692 1748 1756 elevatio
1789 1690 1984 1756 cordis
2021 1690 2096 1755 ad
2122 1691 2351 1768 Deum,
2409 1714 2537 1755 cum

435 1800 610 1887 plena
656 1797 866 1862 fiducia
908 1793 1327 1881 acceptationis
1352 1814 1590 1880 precum
1620 1804 1678 1856 et
1708 1792 1948 1856 laudum
1992 1802 2233 1880 propter
2257 1793 2537 1857 Divinam

435 1899 895 1964 munificentiam
942 1893 1322 1959 beatitudinis
1364 1894 1618 1958 illorum.
1692 1890 1892 1980 Aliqui
1920 1913 1991 1956 ex
2017 1892 2282 1957 Cohorte
2312 1896 2539 1982 adjece-

433 2015 609 2079 runt,
658 1999 819 2087 quod
846 1995 1217 2063 Glorificatio
1245 1994 1345 2060 illa
1373 1994 1574 2060 futura
1600 1995 1675 2060 sit
1704 2016 1839 2066 cum
1869 1993 2194 2082 magnificis
2238 1994 2541 2059 luminari·

436 2104 579 2179 bus,
634 2119 886 2185 cumque
914 2098 1199 2164 suffitibus
1226 2095 1739 2183 fragrantissimis,
1791 2105 1851 2158 et
1895 2116 2028 2159 cum
2071 2097 2539 2183 processionibus

439 2223 723 2293 pompae,
793 2198 1083 2267 Pontifice
1135 2197 1394 2261 maximo
1445 2205 1768 2285 praeeunte
1812 2217 1942 2261 cum
1985 2195 2254 2261 Buccina
2310 2218 2539 2283 magna,

438 2303 824 2393 sequentibus
863 2300 1024 2366 illum
1059 2298 1424 2366 Primatibus
1462 2308 1522 2361 et
1549 2297 1909 2384 clavigeris,
1960 2297 2189 2384 magnis
2227 2307 2287 2361 et
2327 2299 2538 2389 parvis,

439 2415 499 2468 et
528 2415 658 2492 post
679 2404 793 2468 bos
818 2403 976 2469 Viris
1004 2424 1135 2468 cum
1164 2401 1402 2489 palmis,
1456 2409 1515 2464 et
1555 2399 1908 2466 Mulieribus
1945 2421 2075 2463 cum
2125 2401 2324 2464 aureis
2368 2403 2539 2465 simu·

438 2505 612 2570 lacris
648 2503 712 2566 in
740 2505 1029 2569 manibus.
2475 2556 2478 2561 ,

591 2607 738 2669 733.
792 2605 1077 2671 Smtm
1107 2604 1360 2669 Conons
1405 2623 1547 2689 prae
1586 2603 1714 2666 luce
1759 2624 1881 2667 non
1922 2602 2162 2689 reliquis
2200 2603 2368 2677 visa,
2419 2611 2537 2666 erat

440 2727 514 2772 ex
541 2707 788 2772 Oriente
817 2706 1013 2777 Caeli;
1066 2715 1236 2771 erant
1263 2701 1477 2791 Angeli
1506 2725 1578 2766 ex
1605 2704 1812 2768 eadem
1842 2704 2165 2780 societate,
2225 2726 2261 2771 e
2286 2726 2405 2791 qua
2438 2703 2539 2768 fuit

438 2806 702 2898 Angelus
731 2809 941 2881 tubas-23
994 2808 1075 2872 illi
1104 2829 1235 2873 cum
1264 2808 1324 2868 in
1351 2804 1535 2870 Caelo
1563 2805 1948 2881 audiverunt,
1997 2805 2161 2891 qnod
2202 2827 2276 2867 ne
2305 2804 2534 2890 quidem

439 2934 592 2977 unus
618 2912 680 2974 iu
707 2909 1042 2979 Christiano
1068 2910 1235 2974 Orbe
1267 2908 1449 2980 sciat,
1502 2905 1641 2991 quid
1670 2903 1968 2971 Gaudium
1999 2906 2192 2981 Caeli,
2246 2915 2308 2968 et
2334 2905 2537 2971 Felici-

438 3022 530 3079 tas
567 3021 841 3089 aeterna,
911 3013 1066 3075 inter
1108 3030 1170 3074 se
1214 3010 1519 3082 dixerunt,
1583 3026 1958 3093 nequaquam
2006 3007 2122 3070 hoc
2173 3008 2398 3072 veritas
2439 3015 2536 3081 est,

439 3134 562 3178 non
604 3123 795 3203 potest
843 3123 1002 3177 tanta
1044 3110 1270 3196 caligo,
1339 3119 1397 3172 et
1437 3109 1572 3172 talis
1614 3116 1823 3195 stupor
1863 3108 2147 3172 mentium
2191 3106 2536 3175 Christianis

441 3232 587 3291 esse,
640 3215 1063 3279 descendamus
1088 3215 1265 3276 etiam
1292 3232 1435 3281 nos,
1486 3219 1546 3272 et
1572 3207 1880 3274 audiamus
1909 3231 2052 3277 num
2082 3209 2303 3274 veritas
2330 3210 2435 3285 sit,
2484 3217 2537 3273 et

438 3316 487 3382 si
516 3315 736 3382 veritas
761 3325 880 3392 est,
931 3332 1074 3379 sane
1101 3321 1192 3379 est
1217 3302 1574 3398 prodigiumss
1620 3310 1793 3374 Tunc
1817 3308 2027 3397 Angeli
2056 3309 2136 3373 illi
2165 3310 2442 3374 dixerunt
2468 3310 2535 3375 ad

441 3414 735 3503 Angelum
762 3418 980 3492 tubae,
1025 3415 1177 3477 nosti
1206 3414 1366 3499 quod
1404 3410 1804 3498 unusquisque
1842 3409 2058 3488 homo,
2116 3413 2213 3498 qui
2243 3412 2536 3477 desidera·

443 3525 613 3581 verat
654 3515 929 3591 Caelum,
980 3525 1036 3578 et
1066 3514 1288 3602 aliquid
1329 3514 1472 3577 certi
1502 3513 1867 3599 cogitaverat
1894 3511 1966 3577 de
1993 3513 2224 3599 gaudiis
2249 3513 2362 3589 ibi,
2416 3520 2537 3600 post

376 3648 383 3653 ·
441 3625 695 3680 mortem
738 3616 1146 3679 introducatur
1174 3614 1256 3676 ‘in
1300 3612 1737 3699 imaginationis
1773 3634 1920 3679 suae
1961 3613 2210 3700 gaudia;
2281 3623 2345 3677 et
2384 3613 2535 3700 quod

442 3724 757 3805 postquam
794 3716 1020 3803 experti
1057 3723 1224 3789 sunt,
1277 3714 1471 3801 qualia
1499 3714 1598 3778 illa
1626 3713 1841 3801 gaudia
1868 3724 2038 3789 sunt,
2094 3712 2253 3800 quod
2297 3715 2418 3780 sint
2456 3734 2537 3779 se·

443 3814 701 3881 cundum
745 3835 927 3879 vanas
964 3814 1126 3879 ideas
1171 3815 1410 3892 mentis,
1481 3825 1538 3879 et
1583 3816 1904 3881 secundum
1948 3814 2155 3878 deliria
2199 3812 2537 3902 phantasiae

407 3918 675 3982 'illorum
696 3965 714 3994 ‚
764 3914 1092 3981 educantur
1116 3915 1210 3980 ·ab
1241 3915 1353 3980 illis
1378 3925 1437 3979 et
1463 3916 1860 3991 instruantur3
1910 3916 2027 3980 hoc
2053 3914 2118 3979 fit
2150 3916 2445 4005 plerisque
2482 3916 2536 3980 iu

441 4016 675 4084 Mundo
705 4017 1064 4108 spirituum,
1118 4019 1217 4105 qui
1258 4017 1316 4079 in
1360 4017 1557 4104 priore
1602 4017 1723 4082 vita
1763 4017 2029 4083 meditati
2065 4027 2202 4082 sunt
2239 4016 2317 4080 de
2342 4017 2536 4093 Caelo,

441 4130 499 4183 et
529 4119 940 4186 concluserunt
966 4119 1183 4206 aliquid
1212 4119 1284 4184 de
1315 4118 1545 4204 gaudiis
1587 4117 1671 4183 ibi
1719 4141 1904 4204 usque
1941 4118 2019 4182 ad
2058 4116 2274 4181 horum
2320 4117 2537 4182 deside-

443 4223 614 4288 rium.
671 4218 782 4289 His
811 4219 1054 4301 audit-is,
1109 4216 1371 4306 Angelus
1399 4218 1576 4311 tubae
1604 4217 1747 4284 dixit
1775 4219 1850 4285 ad
1894 4241 1994 4285 sex
2023 4216 2314 4285 Cohortes
2341 4241 2415 4285 ex
2435 4218 2533 4284 Sa-

2669 467 2687 538 l

2674 4286 2682 4333 ²
