2750 4775
409 331 517 380 stt·
637 314 1107 371 UNlVERSA
1154 313 1692 368 '1‘11130120G1A
1749 313 1818 368 N.
1862 313 1925 364 C.
1968 312 2076 364 ET
2118 314 2186 366 N.
2228 314 2293 365 E.

407 475 516 563 qui
553 468 756 536 Elecu'
777 494 900 535 non
925 484 1067 534 sunt
1083 517 1099 545 ,
1153 471 1499 534 necessario
1536 465 1839 541 damnari,
1883 489 1992 530 nec
2008 489 2199 557 posse
2217 472 2539 559 pervenire

409 570 501 636 ad
550 568 842 646 salutem,
895 574 1137 637 etiamst
1189 567 1408 634 milltes
1460 569 1945 660 bapu‘zarentur,
2014 581 2073 631 et
2122 569 2398 660 quotidie
2450 569 2540 635 ad

410 670 866 738 Eucharistiam
914 670 1264 736 accederent
1281 716 1299 744 ,
1342 681 1659 762 praeterea
1698 672 1892 733 vitam
1936 681 2060 731 tam
2096 683 2311 734 sancte
2356 684 2538 762 atque

413 770 722 866 inculpate
772 772 1089 847 ducerent,
1153 783 1445 863 quantum
1488 792 1753 860 unquam
1803 765 1948 853 fieri
1986 778 2230 859 potes-N
2284 793 2340 855 p.
2388 775 2536 835 837.

416 878 584 950 838,
645 872 936 938 Editionis
990 872 1288 959 Lipsiens:
1340 868 1518 935 Anno
1581 873 1771 933 175⁶.
1850 868 1995 933 Post
2049 871 2544 955 praelectionem,

413 973 679 1062 quaesivi
706 973 905 1049 illum,
957 993 1098 1037 num
1126 971 1226 1035 illa
1260 993 1413 1057 quae
1455 970 1514 1034 in
1560 969 1743 1034 Libro
1782 969 1901 1035 isto
1936 970 2156 1056 scripta
2194 980 2373 1047 sunt,
2427 972 2542 1035 sint

411 1095 484 1137 ex
529 1073 708 1160 ipsius
734 1073 1054 1151 Doctrina,
1109 1072 1208 1138 vel
1252 1092 1404 1146 non,
1459 1079 1519 1135 et
1558 1070 1895 1156 respondit,
1946 1069 2107 1154 quod
2137 1092 2210 1134 ex
2247 1093 2397 1146 sua,
2440 1073 2539 1137 sed

413 1173 576 1260 quod
606 1194 722 1236 non
752 1174 1183 1248 reminiscatur,
1224 1193 1362 1236 num
1393 1172 1515 1258 ipsa
1545 1170 1646 1235 illa
1675 1171 1863 1238 verba
1886 1192 1959 1233 ex
1985 1192 2092 1234 suo
2125 1172 2365 1235 calamo
2396 1183 2542 1236 tam-

411 1273 520 1339 etsi
550 1293 623 1336 ex
653 1295 762 1338 suo
801 1295 938 1349 ore,
993 1271 1397 1361 profluxerint.
1496 1271 1609 1336 His
1648 1271 1863 1336 auditis
1900 1283 2279 1338 recesserunt
2320 1274 2404 1338 ab
2443 1273 2541 1339 ille

413 1395 624 1440 omnes
648 1375 804 1439 sen-vi
833 1374 1106 1450 Domini,
1150 1384 1207 1439 et
1237 1373 1332 1437 ille
1361 1392 1614 1461 propere
1639 1393 1704 1436 se
1730 1372 1979 1435 eontulit
2007 1372 2066 1434 in
2096 1373 2259 1436 viam
2288 1374 2539 1437 tenden-

411 1485 534 1540 tem
561 1474 638 1542 ad
661 1473 1041 1561 speluncam,
1095 1474 1192 1538 ubi
1222 1482 1394 1548 sunt,
1448 1472 1548 1559 qui
1590 1472 2159 1537 Praedestiuationis
2199 1475 2537 1539 execrabile

413 1576 651 1661 Dogma
677 1574 835 1661 apud
863 1598 925 1640 se
956 1574 1478 1641 confirmaverunt.
1560 1572 1709 1637 Cum
1752 1572 2110 1657 quibusdam
2150 1594 2226 1636 ex
2272 1575 2523 1639 incarce-

413 1675 558 1740 ratis
585 1675 646 1739 in
671 1675 965 1764 Spelunca
991 1677 1090 1741 illa
1123 1684 1324 1761 postea
1354 1673 1632 1759 loquutus
1672 1692 1832 1746 sum,
1887 1683 1946 1738 et
1991 1674 2268 1759 quaesivi
2310 1685 2531 1739 sortem

410 1775 682 1852 illorum,
721 1787 776 1842 et
808 1776 1113 1850 dixerunt,
1155 1774 1314 1862 quod
1342 1774 1457 1839 sint
1486 1773 1679 1837 adacti
1708 1773 1983 1838 laborare
2013 1783 2264 1863 propter
2292 1776 2531 1851 victum,

417 1886 476 1940 et
506 1877 667 1963 quod
693 1898 900 1941 omnes
925 1876 1079 1939 inter
1117 1897 1180 1939 se
1217 1875 1441 1940 inimici
1483 1874 1629 1950 sint,
1680 1884 1741 1937 et
1785 1875 1944 1959 quod
1982 1876 2236 1961 quisque
2284 1885 2531 1961 quaerat

415 1997 651 2041 causam
683 1977 901 2040 malum
929 1975 1184 2040 faciendi
1214 1973 1419 2050 alteri,
1467 1984 1525 2039 et
1552 1973 1711 2060 quod
1741 1977 1920 2037 etiam
1957 1974 2211 2050 faciant,
2255 1977 2401 2040 dum
2431 1976 2530 2040 ali-

413 2099 593 2162 quam
634 2077 825 2142 levem
872 2073 1362 2161 deprehendunt,
1413 2086 1473 2139 et
1510 2075 1671 2161 quod
1716 2074 1834 2139 hoc
1875 2076 1948 2140 sit
1998 2076 2329 2158 jucundum
2381 2079 2527 2141 vitae

416 2176 669 2241 illorum.
748 2177 1072 2242 Praeterea
1125 2176 1196 2241 de
1248 2176 1798 2242 Praedestinatione
1855 2186 1912 2238 et
1965 2174 2529 2242 praedestinatianis

412 2277 727 2342 videantur
770 2296 922 2363 quae
949 2299 1127 2363 supra
1174 2299 1242 2339 n:
1289 2279 1417 2340 485
1448 2274 1522 2339 ad
1554 2278 1713 2351 488,
1764 2276 1981 2364 scripta
2020 2286 2171 2340 sunt.

568 2380 714 2440 799.
769 2376 918 2441 Cum
950 2378 1216 2467 pluribus
1256 2378 1386 2442 aliis
1425 2386 1547 2442 tam
1576 2376 1984 2445 sectatoribus
2010 2377 2224 2443 Trium
2275 2378 2527 2455 illorum,

419 2496 598 2562 quam
626 2497 759 2541 cum
790 2479 1127 2544 Haereticis
1155 2478 1435 2563 loquutus
1461 2500 1625 2553 sum,
1678 2488 1737 2540 et
1766 2480 1838 2542 de
1867 2470 2143 2543 omnibus
2174 2481 2527 2545 concludere

417 2577 568 2657 mihi,
590 2576 791 2642 datum
821 2587 940 2655 est,
994 2579 1152 2668 quod
1185 2579 1522 2665 quicunque
1557 2599 1629 2640 ex
1669 2578 1779 2643 illis
1806 2578 2125 2644 Charitatis
2166 2579 2357 2643 vitam
2402 2602 2526 2666 ege·

415 2687 572 2754 runt,
622 2687 683 2742 et
713 2679 842 2766 plus
871 2681 972 2766 qui
1000 2688 1351 2746 amaverunt
1381 2680 1602 2743 Verum
1633 2680 1768 2764 quia
1796 2689 1885 2745 est
1912 2679 2153 2756 Verum,
2207 2681 2268 2743 in
2300 2682 2523 2747 Mundo

414 2777 704 2866 spirituali
749 2804 811 2845 se
859 2781 1158 2868 patiantur
1202 2781 1442 2854 instrui,
1512 2789 1569 2842 et
1612 2789 1918 2866 acceptent
1964 2780 2179 2845 Novae
2230 2781 2527 2846 Ecclesiae

417 2878 823 2947 Doctrinalia:
876 2891 936 2947 at
967 2902 1111 2947 vero
1140 2880 1220 2943 illi
1252 2882 1349 2967 qui
1378 2901 1440 2945 se
1470 2879 1973 2946 confirmaverunt
2003 2881 2060 2943 in
2091 2880 2258 2946 falsis
2297 2883 2527 2970 religio-

417 2982 529 3057 nis,
580 2991 638 3046 et
669 3003 905 3068 quoque
934 2982 1017 3049 itti
1044 2981 1143 3067 qui
1169 2981 1388 3045 malam
1421 2982 1601 3044 vitam
1632 2991 1913 3065 egerunt,
1969 3002 2087 3044 non
2123 2982 2430 3068 patiantur
2467 3003 2523 3048 se

413 3080 655 3156 instrui,
708 3094 765 3146 et
795 3082 952 3167 quod
980 3081 1042 3145 hi
1073 3081 1431 3168 pedetentim
1464 3102 1525 3145 se
1553 3090 1899 3145 removeant
1930 3105 1963 3148 e
1988 3081 2170 3149 Novo
2199 3082 2420 3158 Caelo,
2468 3092 2523 3146 et

417 3201 482 3245 se
523 3184 865 3247 consocient
903 3204 1034 3246 cum
1076 3181 1393 3256 similibus,
1446 3182 1547 3267 qui
1574 3181 1635 3244 in
1661 3180 1906 3247 Inferno
1933 3194 2099 3258 sunt,
2153 3183 2257 3246 ubi
2304 3185 2435 3268 plus
2470 3191 2524 3246 et

416 3278 546 3366 plus
571 3293 779 3347 contra
808 3282 1044 3348 Cultum
1066 3282 1304 3346 Domini
1332 3304 1394 3347 se
1423 3279 1777 3346 confirmant
1805 3290 1865 3346 et
1893 3282 2216 3359 obstinant,
2261 3295 2317 3347 et
2350 3304 2521 3370 usque

417 3401 510 3456 eo,
545 3394 605 3447 ut
647 3405 766 3448 non
792 3386 1119 3451 sustineant
1146 3381 1352 3446 audire
1381 3383 1618 3448 Nomen
1645 3382 1821 3455 Jesu;
1872 3392 1934 3446 at
1964 3383 2216 3449 vicissim
2247 3385 2307 3448 in
2330 3384 2521 3460 Caelo,

417 3479 518 3542 ubi
552 3504 757 3547 omnes
802 3484 1162 3549 unanimiter
1200 3474 1522 3549 Dominum
1563 3504 1670 3570 pro
1711 3481 1844 3548 Deo
1886 3482 2051 3548 Caeli
2078 3495 2426 3570 agnoscunt.

509 3748 518 3751 v
569 3718 580 3723 ”
621 3706 733 3771 DE
791 3706 1261 3774 HOLLANDIS
1316 3711 1403 3775 IN
1472 3703 1777 3775 MUNDO
1828 3708 2325 3774 SPIRITUALI.

572 3886 719 3946 800.
777 3881 847 3945 ln
878 3883 1077 3970 Opere
1105 3885 1178 3949 de
1207 3886 1419 3950 CAELo
1445 3905 1522 3949 ΕΤ
1550 3884 1862 3963 Inrmno,
1911 3886 2165 3953 relatum
2190 3866 2317 3961 est,
2370 3886 2518 3972 quod

415 3980 767 4061 Christiani,
823 3982 976 4071 apud
1024 4007 1173 4072 quos
1200 3986 1464 4053 Verbum
1507 3984 1756 4071 legitur,
1809 4008 1880 4052 ac
1920 3986 2183 4073 cognitio
2217 3996 2280 4052 et
2305 3987 2516 4074 agnitio

416 4082 660 4148 Domini
705 4085 1122 4174 Redemptoris
1164 4095 1222 4149 et
1266 4085 1594 4153 Salvatoris
1639 4095 1756 4164 est,
1811 4088 1871 4151 in
1902 4087 2103 4152 Medio
2145 4085 2427 4152 Gentium
2462 4095 2518 4151 et

416 4181 781 4270 Populorum
813 4185 991 4249 totius
1018 4184 1226 4247 Mundi
1263 4185 1584 4271 spiritualis
1610 4186 1758 4264 sint,
1808 4208 1884 4253 ex
1910 4209 2151 4265 causa„
2178 4188 2315 4276 quia
2346 4188 2516 4254 niaxi-

2682 407 2694 492 t

2677 4206 2679 4249 t

2670 4290 2678 4335 l
