<?xml version="1.0" encoding="UTF-8"?>
<!DOCTYPE html PUBLIC "-//W3C//DTD XHTML 1.0 Transitional//EN"
    "http://www.w3.org/TR/xhtml1/DTD/xhtml1-transitional.dtd">
<html xmlns="http://www.w3.org/1999/xhtml" xml:lang="en" lang="en">
 <head>
  <title>
</title>
<meta http-equiv="Content-Type" content="text/html;charset=utf-8" />
  <meta name='ocr-system' content='tesseract 3.04.00' />
  <meta name='ocr-capabilities' content='ocr_page ocr_carea ocr_par ocr_line ocrx_word'/>
</head>
<body>
  <div class='ocr_page' id='page_1' title='image "./verachristianar00unkngoog_0040.png"; bbox 0 0 2750 4775; ppageno 0'>
   <div class='ocr_carea' id='block_1_1' title="bbox 458 353 2323 416">
    <p class='ocr_par' dir='ltr' id='par_1_1' title="bbox 458 353 2323 416">
     <span class='ocr_line' id='line_1_1' title="bbox 458 353 2323 416; baseline -0.006 0"><span class='ocrx_word' id='word_1_1' title='bbox 458 368 526 416; x_wconf 79' lang='lat'><strong>32</strong></span> <span class='ocrx_word' id='word_1_2' title='bbox 684 353 1147 410; x_wconf 73' lang='lat' dir='ltr'><strong>UMVERSA</strong></span> <span class='ocrx_word' id='word_1_3' title='bbox 1189 353 1724 408; x_wconf 77' lang='lat' dir='ltr'><strong>THEOLOGIA</strong></span> <span class='ocrx_word' id='word_1_4' title='bbox 1769 355 1836 411; x_wconf 77' lang='lat' dir='ltr'><strong>N.</strong></span> <span class='ocrx_word' id='word_1_5' title='bbox 1883 354 1946 407; x_wconf 83' lang='lat' dir='ltr'><strong>C.</strong></span> <span class='ocrx_word' id='word_1_6' title='bbox 1989 354 2096 406; x_wconf 90' lang='lat' dir='ltr'><strong>ET</strong></span> <span class='ocrx_word' id='word_1_7' title='bbox 2150 354 2218 411; x_wconf 78' lang='lat' dir='ltr'><strong>N.</strong></span> <span class='ocrx_word' id='word_1_8' title='bbox 2262 355 2323 406; x_wconf 89' lang='lat' dir='ltr'><strong>E.</strong></span> 
     </span>
    </p>
   </div>
   <div class='ocr_carea' id='block_1_2' title="bbox 445 507 2562 3514">
    <p class='ocr_par' dir='ltr' id='par_1_2' title="bbox 445 507 2562 2887">
     <span class='ocr_line' id='line_1_2' title="bbox 452 507 2550 595; baseline -0.003 -22"><span class='ocrx_word' id='word_1_9' title='bbox 452 510 632 573; x_wconf 85' lang='lat' dir='ltr'><strong>homo</strong></span> <span class='ocrx_word' id='word_1_10' title='bbox 661 508 943 585; x_wconf 87' lang='lat' dir='ltr'><strong>nascitur,</strong></span> <span class='ocrx_word' id='word_1_11' title='bbox 983 529 1055 571; x_wconf 87' lang='lat' dir='ltr'><strong>ex</strong></span> <span class='ocrx_word' id='word_1_12' title='bbox 1084 507 1233 572; x_wconf 91' lang='lat' dir='ltr'><strong>binis</strong></span> <span class='ocrx_word' id='word_1_13' title='bbox 1260 508 1372 573; x_wconf 90' lang='lat' dir='ltr'><strong>illis</strong></span> <span class='ocrx_word' id='word_1_14' title='bbox 1402 507 1707 573; x_wconf 86' lang='lat' dir='ltr'><strong>amoribus</strong></span> <span class='ocrx_word' id='word_1_15' title='bbox 1735 507 2137 595; x_wconf 73' lang='lat' dir='ltr'>principaliter</span> <span class='ocrx_word' id='word_1_16' title='bbox 2161 516 2367 573; x_wconf 83' lang='lat' dir='ltr'><strong>exorta</strong></span> <span class='ocrx_word' id='word_1_17' title='bbox 2393 516 2550 570; x_wconf 88' lang='lat' dir='ltr'><strong>sunt:</strong></span> 
     </span>
     <span class='ocr_line' id='line_1_3' title="bbox 451 606 2553 696; baseline -0.001 -23"><span class='ocrx_word' id='word_1_18' title='bbox 451 630 563 673; x_wconf 86' lang='lat' dir='ltr'><strong>nee</strong></span> <span class='ocrx_word' id='word_1_19' title='bbox 603 606 834 673; x_wconf 85' lang='lat' dir='ltr'><strong>Adamo</strong></span> <span class='ocrx_word' id='word_1_20' title='bbox 881 608 992 672; x_wconf 81' lang='lat' dir='ltr'><strong>fuit</strong></span> <span class='ocrx_word' id='word_1_21' title='bbox 1031 608 1229 683; x_wconf 87' lang='lat' dir='ltr'><strong>aliud,</strong></span> <span class='ocrx_word' id='word_1_22' title='bbox 1285 630 1465 696; x_wconf 90' lang='lat' dir='ltr'><strong>quam</strong></span> <span class='ocrx_word' id='word_1_23' title='bbox 1504 616 1569 672; x_wconf 88' lang='lat' dir='ltr'><strong>ut</strong></span> <span class='ocrx_word' id='word_1_24' title='bbox 1613 607 1791 675; x_wconf 88' lang='lat' dir='ltr'><strong>vellet</strong></span> <span class='ocrx_word' id='word_1_25' title='bbox 1820 608 1947 672; x_wconf 85' lang='lat' dir='ltr'><strong>fieri</strong></span> <span class='ocrx_word' id='word_1_26' title='bbox 1976 609 2127 672; x_wconf 86' lang='lat' dir='ltr'><strong>sicut</strong></span> <span class='ocrx_word' id='word_1_27' title='bbox 2158 610 2350 682; x_wconf 76' lang='lat' dir='ltr'><strong>DeuS,</strong></span> <span class='ocrx_word' id='word_1_28' title='bbox 2401 607 2553 693; x_wconf 89' lang='lat' dir='ltr'><strong>quod</strong></span> 
     </span>
     <span class='ocr_line' id='line_1_4' title="bbox 455 708 2555 795; baseline -0.001 -21"><span class='ocrx_word' id='word_1_29' title='bbox 455 710 679 774; x_wconf 89' lang='lat' dir='ltr'><strong>malum</strong></span> <span class='ocrx_word' id='word_1_30' title='bbox 720 731 962 795; x_wconf 87' lang='lat' dir='ltr'><strong>serpens</strong></span> <span class='ocrx_word' id='word_1_31' title='bbox 1002 709 1082 771; x_wconf 90' lang='lat' dir='ltr'><strong>illi</strong></span> <span class='ocrx_word' id='word_1_32' title='bbox 1122 708 1372 785; x_wconf 76' lang='lat' dir='ltr'><strong>infudit,</strong></span> <span class='ocrx_word' id='word_1_33' title='bbox 1427 719 1489 773; x_wconf 94' lang='lat' dir='ltr'><strong>ut</strong></span> <span class='ocrx_word' id='word_1_34' title='bbox 1517 709 1764 795; x_wconf 82' lang='lat' dir='ltr'><strong>legitur,</strong></span> <span class='ocrx_word' id='word_1_35' title='bbox 1819 730 2006 793; x_wconf 88' lang='lat' dir='ltr'><strong>quare</strong></span> <span class='ocrx_word' id='word_1_36' title='bbox 2046 710 2105 772; x_wconf 88' lang='lat' dir='ltr'><strong>in</strong></span> <span class='ocrx_word' id='word_1_37' title='bbox 2150 708 2555 773; x_wconf 72' lang='lat' dir='ltr'><strong>maledictione</strong></span> 
     </span>
     <span class='ocr_line' id='line_1_5' title="bbox 453 808 2558 897; baseline -0.003 -21"><span class='ocrx_word' id='word_1_38' title='bbox 453 811 580 894; x_wconf 80' lang='lat' dir='ltr'><strong>ejus</strong></span> <span class='ocrx_word' id='word_1_39' title='bbox 613 810 857 885; x_wconf 90' lang='lat' dir='ltr'><strong>dicitur,</strong></span> <span class='ocrx_word' id='word_1_40' title='bbox 916 810 1076 895; x_wconf 88' lang='lat' dir='ltr'><strong>quod</strong></span> <span class='ocrx_word' id='word_1_41' title='bbox 1108 819 1265 874; x_wconf 82' lang='lat' dir='ltr'><strong>terra</strong></span> <span class='ocrx_word' id='word_1_42' title='bbox 1299 810 1700 896; x_wconf 78' lang='lat' dir='ltr'><strong>germinatura</strong></span> <span class='ocrx_word' id='word_1_43' title='bbox 1730 810 1804 875; x_wconf 84' lang='lat' dir='ltr'><strong>sit</strong></span> <span class='ocrx_word' id='word_1_44' title='bbox 1829 811 1883 873; x_wconf 88' lang='lat' dir='ltr'><strong>ei</strong></span> <span class='ocrx_word' id='word_1_45' title='bbox 1909 810 2138 897; x_wconf 85' lang='lat' dir='ltr'><strong>spinam</strong></span> <span class='ocrx_word' id='word_1_46' title='bbox 2180 820 2239 873; x_wconf 88' lang='lat' dir='ltr'><strong>et</strong></span> <span class='ocrx_word' id='word_1_47' title='bbox 2268 808 2558 882; x_wconf 88' lang='lat' dir='ltr'><strong>tribulum,</strong></span> 
     </span>
     <span class='ocr_line' id='line_1_6' title="bbox 454 907 2558 997; baseline -0.002 -21"><span class='ocrx_word' id='word_1_48' title='bbox 454 911 606 976; x_wconf 84' lang='lat' dir='ltr'><strong>Gen.</strong></span> <span class='ocrx_word' id='word_1_49' title='bbox 641 909 763 974; x_wconf 75' lang='lat'>1112</span> <span class='ocrx_word' id='word_1_50' title='bbox 795 916 850 973; x_wconf 82' lang='lat'><strong>5.</strong></span> <span class='ocrx_word' id='word_1_51' title='bbox 889 915 989 985; x_wconf 88' lang='grc'><strong>18,</strong></span> <span class='ocrx_word' id='word_1_52' title='bbox 1047 932 1149 997; x_wconf 89' lang='lat' dir='ltr'><strong>per</strong></span> <span class='ocrx_word' id='word_1_53' title='bbox 1176 932 1330 997; x_wconf 88' lang='lat' dir='ltr'><strong>quae</strong></span> <span class='ocrx_word' id='word_1_54' title='bbox 1359 911 1708 995; x_wconf 71' lang='lat' dir='ltr'><strong>intelligitur</strong></span> <span class='ocrx_word' id='word_1_55' title='bbox 1733 932 1908 975; x_wconf 92' lang='lat' dir='ltr'><strong>omne</strong></span> <span class='ocrx_word' id='word_1_56' title='bbox 1934 911 2156 974; x_wconf 84' lang='lat' dir='ltr'><strong>malum</strong></span> <span class='ocrx_word' id='word_1_57' title='bbox 2189 919 2248 973; x_wconf 88' lang='lat' dir='ltr'><strong>et</strong></span> <span class='ocrx_word' id='word_1_58' title='bbox 2282 910 2413 974; x_wconf 89' lang='lat' dir='ltr'><strong>inde</strong></span> <span class='ocrx_word' id='word_1_59' title='bbox 2454 907 2558 972; x_wconf 86' lang='lat' dir='ltr'><strong>sal-</strong></span> 
     </span>
     <span class='ocr_line' id='line_1_7' title="bbox 452 1010 2561 1098; baseline -0.003 -20"><span class='ocrx_word' id='word_1_60' title='bbox 452 1034 615 1083; x_wconf 85' lang='lat' dir='ltr'><strong>sum;</strong></span> <span class='ocrx_word' id='word_1_61' title='bbox 672 1033 878 1075; x_wconf 88' lang='lat' dir='ltr'><strong>omnes</strong></span> <span class='ocrx_word' id='word_1_62' title='bbox 915 1012 1015 1097; x_wconf 90' lang='lat' dir='ltr'><strong>qui</strong></span> <span class='ocrx_word' id='word_1_63' title='bbox 1054 1010 1169 1076; x_wconf 83' lang='lat' dir='ltr'><strong>illis</strong></span> <span class='ocrx_word' id='word_1_64' title='bbox 1215 1011 1518 1076; x_wconf 85' lang='lat' dir='ltr'><strong>amoribus</strong></span> <span class='ocrx_word' id='word_1_65' title='bbox 1565 1012 1919 1098; x_wconf 87' lang='lat' dir='ltr'><strong>emancipati</strong></span> <span class='ocrx_word' id='word_1_66' title='bbox 1959 1020 2127 1087; x_wconf 88' lang='lat' dir='ltr'><strong>sunt,</strong></span> <span class='ocrx_word' id='word_1_67' title='bbox 2178 1031 2241 1074; x_wconf 88' lang='lat' dir='ltr'><strong>se</strong></span> <span class='ocrx_word' id='word_1_68' title='bbox 2270 1012 2456 1077; x_wconf 90' lang='lat' dir='ltr'><strong>solum</strong></span> <span class='ocrx_word' id='word_1_69' title='bbox 2500 1016 2561 1072; x_wconf 89' lang='lat' dir='ltr'><strong>ut</strong></span> 
     </span>
     <span class='ocr_line' id='line_1_8' title="bbox 452 1112 2557 1198; baseline -0.002 -21"><span class='ocrx_word' id='word_1_70' title='bbox 452 1114 692 1177; x_wconf 89' lang='lat' dir='ltr'><strong>unicum</strong></span> <span class='ocrx_word' id='word_1_71' title='bbox 736 1113 1074 1188; x_wconf 86' lang='lat' dir='ltr'><strong>intuentur,</strong></span> <span class='ocrx_word' id='word_1_72' title='bbox 1131 1112 1189 1175; x_wconf 90' lang='lat' dir='ltr'><strong>in</strong></span> <span class='ocrx_word' id='word_1_73' title='bbox 1230 1135 1350 1198; x_wconf 89' lang='lat' dir='ltr'><strong>quo</strong></span> <span class='ocrx_word' id='word_1_74' title='bbox 1388 1120 1448 1175; x_wconf 88' lang='lat' dir='ltr'><strong>et</strong></span> <span class='ocrx_word' id='word_1_75' title='bbox 1477 1134 1583 1198; x_wconf 86' lang='lat' dir='ltr'><strong>pro</strong></span> <span class='ocrx_word' id='word_1_76' title='bbox 1613 1134 1730 1198; x_wconf 87' lang='lat' dir='ltr'><strong>quo</strong></span> <span class='ocrx_word' id='word_1_77' title='bbox 1758 1133 1963 1177; x_wconf 87' lang='lat' dir='ltr'><strong>omnes</strong></span> <span class='ocrx_word' id='word_1_78' title='bbox 2000 1112 2131 1185; x_wconf 84' lang='lat' dir='ltr'><strong>alii;</strong></span> <span class='ocrx_word' id='word_1_79' title='bbox 2183 1112 2401 1176; x_wconf 83' lang='lat' dir='ltr'><strong>talibus</strong></span> <span class='ocrx_word' id='word_1_80' title='bbox 2442 1130 2557 1175; x_wconf 91' lang='lat' dir='ltr'><strong>non</strong></span> 
     </span>
     <span class='ocr_line' id='line_1_9' title="bbox 453 1211 2558 1298; baseline -0.001 -22"><span class='ocrx_word' id='word_1_81' title='bbox 453 1224 540 1278; x_wconf 90' lang='lat' dir='ltr'><strong>est</strong></span> <span class='ocrx_word' id='word_1_82' title='bbox 571 1213 870 1277; x_wconf 83' lang='lat' dir='ltr'><strong>miseratio</strong></span> <span class='ocrx_word' id='word_1_83' title='bbox 892 1260 908 1287; x_wconf 93' lang='lat'><strong>,</strong></span> <span class='ocrx_word' id='word_1_84' title='bbox 962 1235 1079 1276; x_wconf 92' lang='lat' dir='ltr'><strong>non</strong></span> <span class='ocrx_word' id='word_1_85' title='bbox 1109 1214 1289 1276; x_wconf 89' lang='lat' dir='ltr'><strong>timor</strong></span> <span class='ocrx_word' id='word_1_86' title='bbox 1315 1211 1463 1288; x_wconf 91' lang='lat' dir='ltr'><strong>Dei,</strong></span> <span class='ocrx_word' id='word_1_87' title='bbox 1517 1233 1635 1276; x_wconf 92' lang='lat' dir='ltr'><strong>non</strong></span> <span class='ocrx_word' id='word_1_88' title='bbox 1675 1234 1845 1276; x_wconf 90' lang='lat' dir='ltr'><strong>amor</strong></span> <span class='ocrx_word' id='word_1_89' title='bbox 1873 1213 2157 1298; x_wconf 83' lang='lat' dir='ltr'><strong>proximi,</strong></span> <span class='ocrx_word' id='word_1_90' title='bbox 2209 1222 2269 1275; x_wconf 88' lang='lat' dir='ltr'><strong>et</strong></span> <span class='ocrx_word' id='word_1_91' title='bbox 2303 1212 2435 1275; x_wconf 87' lang='lat' dir='ltr'><strong>inde</strong></span> <span class='ocrx_word' id='word_1_92' title='bbox 2476 1218 2558 1275; x_wconf 89' lang='lat' dir='ltr'><strong>est</strong></span> 
     </span>
     <span class='ocr_line' id='line_1_10' title="bbox 450 1313 2560 1388; baseline -0.002 -11"><span class='ocrx_word' id='word_1_93' title='bbox 450 1314 564 1379; x_wconf 88' lang='lat' dir='ltr'><strong>illis</strong></span> <span class='ocrx_word' id='word_1_94' title='bbox 606 1313 1121 1388; x_wconf 81' lang='lat' dir='ltr'><strong>immisericordia,</strong></span> <span class='ocrx_word' id='word_1_95' title='bbox 1172 1314 1511 1377; x_wconf 84' lang='lat' dir='ltr'><strong>immanitas</strong></span> <span class='ocrx_word' id='word_1_96' title='bbox 1550 1321 1604 1375; x_wconf 92' lang='lat' dir='ltr'><strong>et</strong></span> <span class='ocrx_word' id='word_1_97' title='bbox 1635 1313 1980 1387; x_wconf 87' lang='lat' dir='ltr'><strong>crudelitas,</strong></span> <span class='ocrx_word' id='word_1_98' title='bbox 2034 1324 2092 1376; x_wconf 94' lang='lat' dir='ltr'><strong>et</strong></span> <span class='ocrx_word' id='word_1_99' title='bbox 2120 1313 2424 1379; x_wconf 86' lang='lat' dir='ltr'><strong>infernalis</strong></span> <span class='ocrx_word' id='word_1_100' title='bbox 2462 1333 2560 1374; x_wconf 90' lang='lat' dir='ltr'><strong>cu-</strong></span> 
     </span>
     <span class='ocr_line' id='line_1_11' title="bbox 453 1412 2560 1503; baseline -0.001 -27"><span class='ocrx_word' id='word_1_101' title='bbox 453 1415 664 1503; x_wconf 86' lang='lat' dir='ltr'><strong>piditas</strong></span> <span class='ocrx_word' id='word_1_102' title='bbox 699 1423 757 1478; x_wconf 86' lang='lat' dir='ltr'><strong>et</strong></span> <span class='ocrx_word' id='word_1_103' title='bbox 786 1414 1038 1480; x_wconf 85' lang='lat' dir='ltr'><strong>aviditas</strong></span> <span class='ocrx_word' id='word_1_104' title='bbox 1064 1412 1387 1500; x_wconf 92' lang='lat' dir='ltr'><strong>praedandi</strong></span> <span class='ocrx_word' id='word_1_105' title='bbox 1418 1422 1475 1475; x_wconf 90' lang='lat' dir='ltr'><strong>et</strong></span> <span class='ocrx_word' id='word_1_106' title='bbox 1509 1413 1936 1489; x_wconf 89' lang='lat' dir='ltr'><strong>latrocinandi,</strong></span> <span class='ocrx_word' id='word_1_107' title='bbox 1984 1424 2044 1478; x_wconf 90' lang='lat' dir='ltr'><strong>et</strong></span> <span class='ocrx_word' id='word_1_108' title='bbox 2072 1413 2130 1477; x_wconf 93' lang='lat' dir='ltr'><strong>in</strong></span> <span class='ocrx_word' id='word_1_109' title='bbox 2160 1414 2273 1479; x_wconf 90' lang='lat' dir='ltr'><strong>illis</strong></span> <span class='ocrx_word' id='word_1_110' title='bbox 2312 1413 2560 1478; x_wconf 90' lang='lat' dir='ltr'><strong>efficien-</strong></span> 
     </span>
     <span class='ocr_line' id='line_1_12' title="bbox 452 1513 2562 1588; baseline -0.002 -9"><span class='ocrx_word' id='word_1_111' title='bbox 452 1516 542 1580; x_wconf 91' lang='lat' dir='ltr'><strong>dis</strong></span> <span class='ocrx_word' id='word_1_112' title='bbox 569 1525 730 1580; x_wconf 83' lang='lat' dir='ltr'><strong>astus</strong></span> <span class='ocrx_word' id='word_1_113' title='bbox 758 1525 815 1579; x_wconf 87' lang='lat' dir='ltr'><strong>et</strong></span> <span class='ocrx_word' id='word_1_114' title='bbox 841 1514 988 1578; x_wconf 88' lang='lat' dir='ltr'><strong>doli:</strong></span> <span class='ocrx_word' id='word_1_115' title='bbox 1049 1513 1186 1578; x_wconf 86' lang='lat' dir='ltr'><strong>talia</strong></span> <span class='ocrx_word' id='word_1_116' title='bbox 1218 1513 1416 1576; x_wconf 87' lang='lat' dir='ltr'><strong>bestiis</strong></span> <span class='ocrx_word' id='word_1_117' title='bbox 1447 1523 1638 1577; x_wconf 85' lang='lat' dir='ltr'><strong>terrae</strong></span> <span class='ocrx_word' id='word_1_118' title='bbox 1667 1535 1784 1577; x_wconf 90' lang='lat' dir='ltr'><strong>non</strong></span> <span class='ocrx_word' id='word_1_119' title='bbox 1819 1515 2022 1579; x_wconf 88' lang='lat' dir='ltr'><strong>innata</strong></span> <span class='ocrx_word' id='word_1_120' title='bbox 2064 1524 2199 1579; x_wconf 90' lang='lat' dir='ltr'><strong>sunt</strong></span> <span class='ocrx_word' id='word_1_121' title='bbox 2220 1560 2238 1588; x_wconf 90' lang='lat'><strong>,</strong></span> <span class='ocrx_word' id='word_1_122' title='bbox 2289 1515 2405 1579; x_wconf 89' lang='lat' dir='ltr'><strong>hae</strong></span> <span class='ocrx_word' id='word_1_123' title='bbox 2443 1532 2562 1576; x_wconf 89' lang='lat' dir='ltr'><strong>non</strong></span> 
     </span>
     <span class='ocr_line' id='line_1_13' title="bbox 454 1614 2561 1700; baseline -0.002 -21"><span class='ocrx_word' id='word_1_124' title='bbox 454 1636 524 1680; x_wconf 83' lang='lat' dir='ltr'><strong>ex</strong></span> <span class='ocrx_word' id='word_1_125' title='bbox 554 1616 670 1681; x_wconf 91' lang='lat' dir='ltr'><strong>alio</strong></span> <span class='ocrx_word' id='word_1_126' title='bbox 699 1636 901 1681; x_wconf 87' lang='lat' dir='ltr'><strong>amore</strong></span> <span class='ocrx_word' id='word_1_127' title='bbox 930 1624 1141 1676; x_wconf 89' lang='lat' dir='ltr'><strong>necant</strong></span> <span class='ocrx_word' id='word_1_128' title='bbox 1180 1624 1238 1676; x_wconf 91' lang='lat' dir='ltr'><strong>et</strong></span> <span class='ocrx_word' id='word_1_129' title='bbox 1280 1614 1573 1679; x_wconf 86' lang='lat' dir='ltr'><strong>devorant</strong></span> <span class='ocrx_word' id='word_1_130' title='bbox 1604 1614 1781 1689; x_wconf 88' lang='lat' dir='ltr'><strong>alias,</strong></span> <span class='ocrx_word' id='word_1_131' title='bbox 1839 1636 2017 1700; x_wconf 90' lang='lat' dir='ltr'><strong>quam</strong></span> <span class='ocrx_word' id='word_1_132' title='bbox 2059 1626 2123 1679; x_wconf 88' lang='lat' dir='ltr'><strong>ut</strong></span> <span class='ocrx_word' id='word_1_133' title='bbox 2159 1617 2378 1680; x_wconf 85' lang='lat' dir='ltr'><strong>satient</strong></span> <span class='ocrx_word' id='word_1_134' title='bbox 2424 1634 2561 1680; x_wconf 87' lang='lat' dir='ltr'><strong>ven-</strong></span> 
     </span>
     <span class='ocr_line' id='line_1_14' title="bbox 451 1713 2561 1804; baseline -0 -25"><span class='ocrx_word' id='word_1_135' title='bbox 451 1727 635 1792; x_wconf 89' lang='lat' dir='ltr'><strong>trem,</strong></span> <span class='ocrx_word' id='word_1_136' title='bbox 689 1726 748 1779; x_wconf 91' lang='lat' dir='ltr'><strong>et</strong></span> <span class='ocrx_word' id='word_1_137' title='bbox 786 1737 850 1780; x_wconf 88' lang='lat' dir='ltr'><strong>se</strong></span> <span class='ocrx_word' id='word_1_138' title='bbox 890 1723 1186 1785; x_wconf 82' lang='lat' dir='ltr'><strong>tutentur;</strong></span> <span class='ocrx_word' id='word_1_139' title='bbox 1244 1734 1429 1799; x_wconf 88' lang='lat' dir='ltr'><strong>quare</strong></span> <span class='ocrx_word' id='word_1_140' title='bbox 1468 1713 1649 1778; x_wconf 90' lang='lat' dir='ltr'><strong>bomo</strong></span> <span class='ocrx_word' id='word_1_141' title='bbox 1696 1713 1884 1779; x_wconf 89' lang='lat' dir='ltr'><strong>malus</strong></span> <span class='ocrx_word' id='word_1_142' title='bbox 1925 1716 2120 1804; x_wconf 90' lang='lat' dir='ltr'><strong>quoad</strong></span> <span class='ocrx_word' id='word_1_143' title='bbox 2159 1738 2398 1782; x_wconf 85' lang='lat' dir='ltr'><strong>amores</strong></span> <span class='ocrx_word' id='word_1_144' title='bbox 2435 1713 2561 1778; x_wconf 86' lang='lat' dir='ltr'><strong>illos</strong></span> 
     </span>
     <span class='ocr_line' id='line_1_15' title="bbox 448 1813 2559 1903; baseline -0.003 -21"><span class='ocrx_word' id='word_1_145' title='bbox 448 1827 780 1903; x_wconf 86' lang='lat' dir='ltr'><strong>spectatus,</strong></span> <span class='ocrx_word' id='word_1_146' title='bbox 836 1824 923 1878; x_wconf 89' lang='lat' dir='ltr'><strong>est</strong></span> <span class='ocrx_word' id='word_1_147' title='bbox 961 1815 1309 1888; x_wconf 87' lang='lat' dir='ltr'><strong>immanior,</strong></span> <span class='ocrx_word' id='word_1_148' title='bbox 1348 1814 1607 1879; x_wconf 86' lang='lat' dir='ltr'><strong>ferocior</strong></span> <span class='ocrx_word' id='word_1_149' title='bbox 1644 1824 1702 1878; x_wconf 93' lang='lat' dir='ltr'><strong>et</strong></span> <span class='ocrx_word' id='word_1_150' title='bbox 1731 1816 1896 1902; x_wconf 86' lang='lat' dir='ltr'><strong>pejor</strong></span> <span class='ocrx_word' id='word_1_151' title='bbox 1933 1817 2093 1880; x_wconf 91' lang='lat' dir='ltr'><strong>omni</strong></span> <span class='ocrx_word' id='word_1_152' title='bbox 2126 1818 2329 1881; x_wconf 85' lang='lat' dir='ltr'><strong>bestia.</strong></span> <span class='ocrx_word' id='word_1_153' title='bbox 2387 1813 2559 1898; x_wconf 86' lang='lat' dir='ltr'><strong>Quod</strong></span> 
     </span>
     <span class='ocr_line' id='line_1_16' title="bbox 451 1901 2561 2006; baseline -0.001 -25"><span class='ocrx_word' id='word_1_154' title='bbox 451 1918 631 1981; x_wconf 82' lang='lat' dir='ltr'><strong>horno</strong></span> <span class='ocrx_word' id='word_1_155' title='bbox 660 1901 816 1979; x_wconf 78' lang='lat' dir='ltr'><strong>intus</strong></span> <span class='ocrx_word' id='word_1_156' title='bbox 842 1914 974 1978; x_wconf 91' lang='lat' dir='ltr'><strong>talis</strong></span> <span class='ocrx_word' id='word_1_157' title='bbox 1002 1916 1094 1989; x_wconf 86' lang='lat' dir='ltr'><strong>sit,</strong></span> <span class='ocrx_word' id='word_1_158' title='bbox 1139 1914 1474 1981; x_wconf 87' lang='lat' dir='ltr'><strong>manifestat</strong></span> <span class='ocrx_word' id='word_1_159' title='bbox 1502 1940 1563 1981; x_wconf 90' lang='lat' dir='ltr'><strong>se</strong></span> <span class='ocrx_word' id='word_1_160' title='bbox 1594 1916 1650 1979; x_wconf 88' lang='lat' dir='ltr'><strong>in</strong></span> <span class='ocrx_word' id='word_1_161' title='bbox 1679 1918 1867 1980; x_wconf 86' lang='lat' dir='ltr'><strong>turbis</strong></span> <span class='ocrx_word' id='word_1_162' title='bbox 1895 1918 2217 1994; x_wconf 82' lang='lat' dir='ltr'><strong>seditiosis,</strong></span> <span class='ocrx_word' id='word_1_163' title='bbox 2261 1918 2322 1981; x_wconf 89' lang='lat' dir='ltr'><strong>in</strong></span> <span class='ocrx_word' id='word_1_164' title='bbox 2352 1918 2561 2006; x_wconf 82' lang='lat' dir='ltr'><strong>quibus</strong></span> 
     </span>
     <span class='ocr_line' id='line_1_17' title="bbox 448 2016 2557 2104; baseline -0.003 -20"><span class='ocrx_word' id='word_1_165' title='bbox 448 2019 681 2084; x_wconf 86' lang='lat' dir='ltr'><strong>vincula</strong></span> <span class='ocrx_word' id='word_1_166' title='bbox 729 2016 872 2102; x_wconf 82' lang='lat' dir='ltr'><strong>legis</strong></span> <span class='ocrx_word' id='word_1_167' title='bbox 909 2017 1102 2079; x_wconf 90' lang='lat' dir='ltr'><strong>soluta</strong></span> <span class='ocrx_word' id='word_1_168' title='bbox 1140 2025 1308 2091; x_wconf 83' lang='lat' dir='ltr'><strong>sunt,</strong></span> <span class='ocrx_word' id='word_1_169' title='bbox 1364 2026 1421 2081; x_wconf 87' lang='lat' dir='ltr'><strong>et</strong></span> <span class='ocrx_word' id='word_1_170' title='bbox 1462 2038 1700 2104; x_wconf 87' lang='lat' dir='ltr'><strong>quoque</strong></span> <span class='ocrx_word' id='word_1_171' title='bbox 1737 2018 1796 2079; x_wconf 91' lang='lat' dir='ltr'><strong>in</strong></span> <span class='ocrx_word' id='word_1_172' title='bbox 1827 2018 2074 2084; x_wconf 80' lang='lat' dir='ltr'><strong>lanienis</strong></span> <span class='ocrx_word' id='word_1_173' title='bbox 2115 2029 2173 2082; x_wconf 89' lang='lat' dir='ltr'><strong>et</strong></span> <span class='ocrx_word' id='word_1_174' title='bbox 2218 2016 2557 2090; x_wconf 85' lang='lat' dir='ltr'><strong>latrociniis,</strong></span> 
     </span>
     <span class='ocr_line' id='line_1_18' title="bbox 445 2116 2556 2205; baseline -0.001 -22"><span class='ocrx_word' id='word_1_175' title='bbox 445 2119 682 2205; x_wconf 91' lang='lat' dir='ltr'><strong>quando</strong></span> <span class='ocrx_word' id='word_1_176' title='bbox 711 2117 968 2180; x_wconf 90' lang='lat' dir='ltr'><strong>donatur</strong></span> <span class='ocrx_word' id='word_1_177' title='bbox 996 2118 1248 2181; x_wconf 88' lang='lat' dir='ltr'><strong>liberum</strong></span> <span class='ocrx_word' id='word_1_178' title='bbox 1290 2119 1635 2182; x_wconf 83' lang='lat' dir='ltr'><strong>excercendi</strong></span> <span class='ocrx_word' id='word_1_179' title='bbox 1669 2116 1931 2180; x_wconf 79' lang='lat' dir='ltr'><strong>furorem</strong></span> <span class='ocrx_word' id='word_1_180' title='bbox 1965 2119 2025 2181; x_wconf 90' lang='lat' dir='ltr'><strong>in</strong></span> <span class='ocrx_word' id='word_1_181' title='bbox 2056 2120 2243 2183; x_wconf 88' lang='lat' dir='ltr'><strong>victos</strong></span> <span class='ocrx_word' id='word_1_182' title='bbox 2269 2130 2329 2182; x_wconf 92' lang='lat' dir='ltr'><strong>et</strong></span> <span class='ocrx_word' id='word_1_183' title='bbox 2360 2119 2556 2184; x_wconf 87' lang='lat' dir='ltr'><strong>obses·</strong></span> 
     </span>
     <span class='ocr_line' id='line_1_19' title="bbox 447 2219 2556 2310; baseline -0 -28"><span class='ocrx_word' id='word_1_184' title='bbox 447 2241 578 2293; x_wconf 85' lang='grc'><strong>505,</strong></span> <span class='ocrx_word' id='word_1_185' title='bbox 634 2238 666 2280; x_wconf 85' lang='grc'><strong>3</strong></span> <span class='ocrx_word' id='word_1_186' title='bbox 713 2240 832 2302; x_wconf 90' lang='lat' dir='ltr'><strong>quo</strong></span> <span class='ocrx_word' id='word_1_187' title='bbox 877 2219 973 2283; x_wconf 83' lang='lat' dir='ltr'><strong>vix</strong></span> <span class='ocrx_word' id='word_1_188' title='bbox 1014 2241 1164 2283; x_wconf 87' lang='lat' dir='ltr'><strong>unus</strong></span> <span class='ocrx_word' id='word_1_189' title='bbox 1207 2220 1495 2294; x_wconf 86' lang='lat' dir='ltr'><strong>abstinet,</strong></span> <span class='ocrx_word' id='word_1_190' title='bbox 1557 2227 1876 2306; x_wconf 88' lang='lat' dir='ltr'><strong>antequam</strong></span> <span class='ocrx_word' id='word_1_191' title='bbox 1919 2220 2159 2285; x_wconf 86' lang='lat' dir='ltr'><strong>auditur</strong></span> <span class='ocrx_word' id='word_1_192' title='bbox 2191 2229 2556 2310; x_wconf 83' lang='lat' dir='ltr'><strong>tympanum,</strong></span> 
     </span>
     <span class='ocr_line' id='line_1_20' title="bbox 450 2318 2559 2408; baseline 0.001 -27"><span class='ocrx_word' id='word_1_193' title='bbox 450 2318 607 2407; x_wconf 93' lang='lat' dir='ltr'><strong>quod</strong></span> <span class='ocrx_word' id='word_1_194' title='bbox 650 2319 1044 2383; x_wconf 87' lang='lat' dir='ltr'><strong>desistendum</strong></span> <span class='ocrx_word' id='word_1_195' title='bbox 1086 2320 1188 2394; x_wconf 88' lang='lat' dir='ltr'><strong>sit;</strong></span> <span class='ocrx_word' id='word_1_196' title='bbox 1245 2341 1315 2383; x_wconf 88' lang='lat' dir='ltr'><strong>ex</strong></span> <span class='ocrx_word' id='word_1_197' title='bbox 1346 2318 1436 2383; x_wconf 89' lang='lat' dir='ltr'><strong>bis</strong></span> <span class='ocrx_word' id='word_1_198' title='bbox 1465 2329 1655 2408; x_wconf 89' lang='lat' dir='ltr'><strong>patet,</strong></span> <span class='ocrx_word' id='word_1_199' title='bbox 1703 2321 1860 2406; x_wconf 90' lang='lat' dir='ltr'><strong>quod</strong></span> <span class='ocrx_word' id='word_1_200' title='bbox 1889 2320 1934 2384; x_wconf 90' lang='lat' dir='ltr'><strong>si</strong></span> <span class='ocrx_word' id='word_1_201' title='bbox 1966 2323 2160 2385; x_wconf 87' lang='lat' dir='ltr'><strong>nullus</strong></span> <span class='ocrx_word' id='word_1_202' title='bbox 2207 2321 2383 2385; x_wconf 89' lang='lat' dir='ltr'><strong>timor</strong></span> <span class='ocrx_word' id='word_1_203' title='bbox 2424 2339 2559 2408; x_wconf 90' lang='lat' dir='ltr'><strong>pae-</strong></span> 
     </span>
     <span class='ocr_line' id='line_1_21' title="bbox 445 2417 2555 2505; baseline -0.001 -20"><span class='ocrx_word' id='word_1_204' title='bbox 445 2442 659 2485; x_wconf 87' lang='lat' dir='ltr'><strong>narum</strong></span> <span class='ocrx_word' id='word_1_205' title='bbox 703 2442 772 2483; x_wconf 84' lang='lat' dir='ltr'><strong>ex</strong></span> <span class='ocrx_word' id='word_1_206' title='bbox 805 2422 1032 2505; x_wconf 86' lang='lat' dir='ltr'><strong>legibus</strong></span> <span class='ocrx_word' id='word_1_207' title='bbox 1061 2428 1365 2484; x_wconf 67' lang='lat' dir='ltr'><strong>coemeret</strong></span> <span class='ocrx_word' id='word_1_208' title='bbox 1392 2419 1690 2495; x_wconf 88' lang='lat' dir='ltr'><strong>homines,</strong></span> <span class='ocrx_word' id='word_1_209' title='bbox 1747 2443 1866 2486; x_wconf 91' lang='lat' dir='ltr'><strong>non</strong></span> <span class='ocrx_word' id='word_1_210' title='bbox 1892 2422 2081 2486; x_wconf 87' lang='lat' dir='ltr'><strong>solum</strong></span> <span class='ocrx_word' id='word_1_211' title='bbox 2110 2421 2376 2486; x_wconf 86' lang='lat' dir='ltr'><strong>Societas</strong></span> <span class='ocrx_word' id='word_1_212' title='bbox 2396 2471 2412 2496; x_wconf 93' lang='lat'><strong>‚</strong></span> <span class='ocrx_word' id='word_1_213' title='bbox 2454 2417 2555 2486; x_wconf 90' lang='lat' dir='ltr'><strong>sed</strong></span> 
     </span>
     <span class='ocr_line' id='line_1_22' title="bbox 445 2520 2559 2586; baseline -0.001 -2"><span class='ocrx_word' id='word_1_214' title='bbox 445 2531 635 2584; x_wconf 85' lang='lat' dir='ltr'><strong>totum</strong></span> <span class='ocrx_word' id='word_1_215' title='bbox 677 2520 881 2585; x_wconf 88' lang='lat' dir='ltr'><strong>Genus</strong></span> <span class='ocrx_word' id='word_1_216' title='bbox 923 2521 1250 2585; x_wconf 87' lang='lat' dir='ltr'><strong>humanum</strong></span> <span class='ocrx_word' id='word_1_217' title='bbox 1295 2521 1717 2586; x_wconf 83' lang='lat' dir='ltr'><strong>destrueretur.</strong></span> <span class='ocrx_word' id='word_1_218' title='bbox 1788 2521 1903 2585; x_wconf 88' lang='lat' dir='ltr'><strong>Sed</strong></span> <span class='ocrx_word' id='word_1_219' title='bbox 1949 2520 2099 2584; x_wconf 90' lang='lat' dir='ltr'><strong>haec</strong></span> <span class='ocrx_word' id='word_1_220' title='bbox 2143 2521 2342 2585; x_wconf 89' lang='lat' dir='ltr'><strong>omnia</strong></span> <span class='ocrx_word' id='word_1_221' title='bbox 2385 2520 2559 2585; x_wconf 78' lang='lat' dir='ltr'><strong>unice</strong></span> 
     </span>
     <span class='ocr_line' id='line_1_23' title="bbox 447 2619 2559 2708; baseline -0 -23"><span class='ocrx_word' id='word_1_222' title='bbox 447 2632 830 2686; x_wconf 87' lang='lat' dir='ltr'><strong>removentur</strong></span> <span class='ocrx_word' id='word_1_223' title='bbox 886 2642 990 2708; x_wconf 88' lang='lat' dir='ltr'><strong>per</strong></span> <span class='ocrx_word' id='word_1_224' title='bbox 1036 2643 1245 2688; x_wconf 86' lang='lat' dir='ltr'><strong>verum</strong></span> <span class='ocrx_word' id='word_1_225' title='bbox 1293 2642 1460 2686; x_wconf 88' lang='lat' dir='ltr'><strong>usum</strong></span> <span class='ocrx_word' id='word_1_226' title='bbox 1504 2620 1701 2687; x_wconf 89' lang='lat' dir='ltr'><strong>Liberi</strong></span> <span class='ocrx_word' id='word_1_227' title='bbox 1740 2619 1985 2684; x_wconf 85' lang='lat' dir='ltr'><strong>Arbitrii</strong></span> <span class='ocrx_word' id='word_1_228' title='bbox 2032 2622 2092 2683; x_wconf 94' lang='lat' dir='ltr'><strong>in</strong></span> <span class='ocrx_word' id='word_1_229' title='bbox 2136 2621 2559 2708; x_wconf 65' lang='lat' dir='ltr'><strong>spiritualibus³</strong></span> 
     </span>
     <span class='ocr_line' id='line_1_24' title="bbox 448 2721 2559 2810; baseline -0.003 -23"><span class='ocrx_word' id='word_1_230' title='bbox 448 2722 547 2809; x_wconf 91' lang='lat' dir='ltr'><strong>qui</strong></span> <span class='ocrx_word' id='word_1_231' title='bbox 589 2733 675 2787; x_wconf 87' lang='lat' dir='ltr'><strong>est</strong></span> <span class='ocrx_word' id='word_1_232' title='bbox 717 2723 1023 2786; x_wconf 88' lang='lat' dir='ltr'><strong>intendere</strong></span> <span class='ocrx_word' id='word_1_233' title='bbox 1067 2722 1328 2786; x_wconf 89' lang='lat' dir='ltr'><strong>animum</strong></span> <span class='ocrx_word' id='word_1_234' title='bbox 1375 2723 1450 2785; x_wconf 87' lang='lat' dir='ltr'><strong>ad</strong></span> <span class='ocrx_word' id='word_1_235' title='bbox 1492 2721 1868 2808; x_wconf 75' lang='lat' dir='ltr'><strong>cogitandum</strong></span> <span class='ocrx_word' id='word_1_236' title='bbox 1909 2721 1981 2784; x_wconf 88' lang='lat' dir='ltr'><strong>de</strong></span> <span class='ocrx_word' id='word_1_237' title='bbox 2026 2729 2184 2787; x_wconf 87' lang='lat' dir='ltr'><strong>statu</strong></span> <span class='ocrx_word' id='word_1_238' title='bbox 2229 2722 2387 2787; x_wconf 88' lang='lat' dir='ltr'><strong>vitae</strong></span> <span class='ocrx_word' id='word_1_239' title='bbox 2428 2726 2559 2810; x_wconf 84' lang='lat' dir='ltr'><strong>post</strong></span> 
     </span>
     <span class='ocr_line' id='line_1_25' title="bbox 447 2832 718 2887; baseline 0 -1"><span class='ocrx_word' id='word_1_240' title='bbox 447 2832 718 2887; x_wconf 88' lang='lat' dir='ltr'><strong>mortem.</strong></span> 
     </span>
    </p>

    <p class='ocr_par' dir='ltr' id='par_1_3' title="bbox 446 2919 2559 3514">
     <span class='ocr_line' id='line_1_26' title="bbox 600 2919 2556 3012; baseline -0.002 -26"><span class='ocrx_word' id='word_1_241' title='bbox 600 2929 748 2987; x_wconf 80' lang='lat'>499.</span> <span class='ocrx_word' id='word_1_242' title='bbox 803 2923 919 2988; x_wconf 91' lang='lat' dir='ltr'><strong>Sed</strong></span> <span class='ocrx_word' id='word_1_243' title='bbox 947 2923 1062 2990; x_wconf 90' lang='lat' dir='ltr'><strong>boc</strong></span> <span class='ocrx_word' id='word_1_244' title='bbox 1092 2945 1195 3012; x_wconf 91' lang='lat' dir='ltr'><strong>per</strong></span> <span class='ocrx_word' id='word_1_245' title='bbox 1238 2923 1710 3012; x_wconf 82' lang='lat' dir='ltr'><strong>comparationes</strong></span> <span class='ocrx_word' id='word_1_246' title='bbox 1750 2919 1944 2985; x_wconf 88' lang='lat' dir='ltr'><strong>adbuc</strong></span> <span class='ocrx_word' id='word_1_247' title='bbox 1981 2920 2400 3001; x_wconf 84' lang='lat' dir='ltr'><strong>illustrabitur,</strong></span> <span class='ocrx_word' id='word_1_248' title='bbox 2454 2941 2556 3010; x_wconf 88' lang='lat' dir='ltr'><strong>per</strong></span> 
     </span>
     <span class='ocr_line' id='line_1_27' title="bbox 446 3021 2555 3112; baseline -0.001 -27"><span class='ocrx_word' id='word_1_249' title='bbox 446 3022 584 3098; x_wconf 83' lang='lat' dir='ltr'><strong>has;</strong></span> <span class='ocrx_word' id='word_1_250' title='bbox 642 3025 799 3111; x_wconf 91' lang='lat' dir='ltr'><strong>quod</strong></span> <span class='ocrx_word' id='word_1_251' title='bbox 839 3026 945 3090; x_wconf 91' lang='lat' dir='ltr'><strong>nisi</strong></span> <span class='ocrx_word' id='word_1_252' title='bbox 991 3025 1287 3112; x_wconf 90' lang='lat' dir='ltr'><strong>quoddam</strong></span> <span class='ocrx_word' id='word_1_253' title='bbox 1316 3024 1597 3088; x_wconf 89' lang='lat' dir='ltr'><strong>Liberum</strong></span> <span class='ocrx_word' id='word_1_254' title='bbox 1640 3021 1949 3087; x_wconf 84' lang='lat' dir='ltr'><strong>arbitrium</strong></span> <span class='ocrx_word' id='word_1_255' title='bbox 1992 3033 2145 3089; x_wconf 88' lang='lat' dir='ltr'><strong>esset</strong></span> <span class='ocrx_word' id='word_1_256' title='bbox 2178 3024 2239 3086; x_wconf 89' lang='lat' dir='ltr'><strong>in</strong></span> <span class='ocrx_word' id='word_1_257' title='bbox 2280 3024 2555 3088; x_wconf 88' lang='lat' dir='ltr'><strong>omnibus</strong></span> 
     </span>
     <span class='ocr_line' id='line_1_28' title="bbox 450 3120 2558 3213; baseline -0.003 -25"><span class='ocrx_word' id='word_1_258' title='bbox 450 3126 662 3191; x_wconf 85' lang='lat' dir='ltr'><strong>creatis</strong></span> <span class='ocrx_word' id='word_1_259' title='bbox 707 3136 826 3191; x_wconf 91' lang='lat' dir='ltr'><strong>tam</strong></span> <span class='ocrx_word' id='word_1_260' title='bbox 867 3127 1140 3191; x_wconf 89' lang='lat' dir='ltr'><strong>animatis</strong></span> <span class='ocrx_word' id='word_1_261' title='bbox 1182 3120 1356 3213; x_wconf 79' lang='lat' dir='ltr'><strong>quam</strong></span> <span class='ocrx_word' id='word_1_262' title='bbox 1404 3123 1771 3197; x_wconf 86' lang='lat' dir='ltr'><strong>inanimatis,</strong></span> <span class='ocrx_word' id='word_1_263' title='bbox 1826 3144 1946 3188; x_wconf 88' lang='lat' dir='ltr'><strong>non</strong></span> <span class='ocrx_word' id='word_1_264' title='bbox 1984 3125 2268 3210; x_wconf 86' lang='lat' dir='ltr'><strong>potuisset</strong></span> <span class='ocrx_word' id='word_1_265' title='bbox 2295 3124 2424 3190; x_wconf 81' lang='lat' dir='ltr'><strong>fieri</strong></span> <span class='ocrx_word' id='word_1_266' title='bbox 2453 3121 2558 3187; x_wconf 88' lang='lat' dir='ltr'><strong>ali·</strong></span> 
     </span>
     <span class='ocr_line' id='line_1_29' title="bbox 451 3218 2558 3314; baseline -0.003 -24"><span class='ocrx_word' id='word_1_267' title='bbox 451 3248 565 3314; x_wconf 88' lang='lat' dir='ltr'><strong>qua</strong></span> <span class='ocrx_word' id='word_1_268' title='bbox 598 3227 865 3304; x_wconf 87' lang='lat' dir='ltr'><strong>Creatio,</strong></span> <span class='ocrx_word' id='word_1_269' title='bbox 916 3250 1054 3292; x_wconf 90' lang='lat' dir='ltr'><strong>nam</strong></span> <span class='ocrx_word' id='word_1_270' title='bbox 1084 3228 1306 3312; x_wconf 89' lang='lat' dir='ltr'><strong>absque</strong></span> <span class='ocrx_word' id='word_1_271' title='bbox 1335 3225 1526 3289; x_wconf 88' lang='lat' dir='ltr'><strong>libero</strong></span> <span class='ocrx_word' id='word_1_272' title='bbox 1565 3223 1811 3288; x_wconf 87' lang='lat' dir='ltr'><strong>arbitrio</strong></span> <span class='ocrx_word' id='word_1_273' title='bbox 1856 3224 1914 3287; x_wconf 89' lang='lat' dir='ltr'><strong>in</strong></span> <span class='ocrx_word' id='word_1_274' title='bbox 1950 3225 2319 3291; x_wconf 88' lang='lat' dir='ltr'><strong>naturalibus</strong></span> <span class='ocrx_word' id='word_1_275' title='bbox 2360 3218 2558 3313; x_wconf 88' lang='lat' dir='ltr'><strong>quoad</strong></span> 
     </span>
     <span class='ocr_line' id='line_1_30' title="bbox 451 3324 2559 3412; baseline -0.003 -21"><span class='ocrx_word' id='word_1_276' title='bbox 451 3328 698 3405; x_wconf 87' lang='lat' dir='ltr'><strong>bestias,</strong></span> <span class='ocrx_word' id='word_1_277' title='bbox 755 3350 873 3394; x_wconf 90' lang='lat' dir='ltr'><strong>non</strong></span> <span class='ocrx_word' id='word_1_278' title='bbox 904 3328 1057 3394; x_wconf 79' lang='lat' dir='ltr'><strong>foret</strong></span> <span class='ocrx_word' id='word_1_279' title='bbox 1088 3328 1283 3412; x_wconf 89' lang='lat' dir='ltr'><strong>aliqua</strong></span> <span class='ocrx_word' id='word_1_280' title='bbox 1313 3325 1521 3388; x_wconf 88' lang='lat' dir='ltr'><strong>electio</strong></span> <span class='ocrx_word' id='word_1_281' title='bbox 1554 3324 1667 3388; x_wconf 90' lang='lat' dir='ltr'><strong>cibi</strong></span> <span class='ocrx_word' id='word_1_282' title='bbox 1704 3326 2009 3389; x_wconf 87' lang='lat' dir='ltr'><strong>nutritioni</strong></span> <span class='ocrx_word' id='word_1_283' title='bbox 2055 3326 2288 3390; x_wconf 86' lang='lat' dir='ltr'><strong>illarum</strong></span> <span class='ocrx_word' id='word_1_284' title='bbox 2336 3324 2559 3390; x_wconf 89' lang='lat' dir='ltr'><strong>condu-</strong></span> 
     </span>
     <span class='ocr_line' id='line_1_31' title="bbox 446 3423 2556 3514; baseline -0.002 -24"><span class='ocrx_word' id='word_1_285' title='bbox 446 3427 665 3504; x_wconf 87' lang='lat' dir='ltr'><strong>cibilis,</strong></span> <span class='ocrx_word' id='word_1_286' title='bbox 720 3450 830 3492; x_wconf 92' lang='lat' dir='ltr'><strong>nec</strong></span> <span class='ocrx_word' id='word_1_287' title='bbox 858 3428 1054 3513; x_wconf 89' lang='lat' dir='ltr'><strong>aliqua</strong></span> <span class='ocrx_word' id='word_1_288' title='bbox 1086 3423 1436 3514; x_wconf 85' lang='lat' dir='ltr'><strong>prolificatio</strong></span> <span class='ocrx_word' id='word_1_289' title='bbox 1482 3435 1542 3488; x_wconf 89' lang='lat' dir='ltr'><strong>et</strong></span> <span class='ocrx_word' id='word_1_290' title='bbox 1582 3426 1808 3513; x_wconf 91' lang='lat' dir='ltr'><strong>prolum</strong></span> <span class='ocrx_word' id='word_1_291' title='bbox 1853 3427 2259 3502; x_wconf 86' lang='lat' dir='ltr'><strong>conservatio,</strong></span> <span class='ocrx_word' id='word_1_292' title='bbox 2313 3428 2393 3490; x_wconf 89' lang='lat' dir='ltr'><strong>ita</strong></span> <span class='ocrx_word' id='word_1_293' title='bbox 2436 3442 2556 3490; x_wconf 88' lang='lat' dir='ltr'><strong>non</strong></span> 
     </span>
    </p>
   </div>
   <div class='ocr_carea' id='block_1_3' title="bbox 340 3524 2555 3613">
    <p class='ocr_par' dir='ltr' id='par_1_4' title="bbox 340 3524 2555 3613">
     <span class='ocr_line' id='line_1_32' title="bbox 340 3524 2555 3613; baseline -0.001 -24"><span class='ocrx_word' id='word_1_294' title='bbox 340 3565 362 3583; x_wconf 84' lang='lat'><strong>·</strong></span> <span class='ocrx_word' id='word_1_295' title='bbox 446 3526 667 3591; x_wconf 86' lang='lat' dir='ltr'><strong>bestia.</strong></span> <span class='ocrx_word' id='word_1_296' title='bbox 735 3529 798 3591; x_wconf 90' lang='lat' dir='ltr'><strong>Si</strong></span> <span class='ocrx_word' id='word_1_297' title='bbox 839 3529 955 3590; x_wconf 87' lang='lat' dir='ltr'><strong>tale</strong></span> <span class='ocrx_word' id='word_1_298' title='bbox 1000 3528 1248 3590; x_wconf 90' lang='lat' dir='ltr'><strong>liberum</strong></span> <span class='ocrx_word' id='word_1_299' title='bbox 1293 3547 1413 3588; x_wconf 90' lang='lat' dir='ltr'><strong>non</strong></span> <span class='ocrx_word' id='word_1_300' title='bbox 1461 3536 1612 3590; x_wconf 90' lang='lat' dir='ltr'><strong>esset</strong></span> <span class='ocrx_word' id='word_1_301' title='bbox 1659 3526 1911 3613; x_wconf 86' lang='lat' dir='ltr'><strong>piscibus</strong></span> <span class='ocrx_word' id='word_1_302' title='bbox 1959 3528 2167 3602; x_wconf 79' lang='lat' dir='ltr'><strong>mariS,</strong></span> <span class='ocrx_word' id='word_1_303' title='bbox 2218 3537 2276 3591; x_wconf 89' lang='lat' dir='ltr'><strong>et</strong></span> <span class='ocrx_word' id='word_1_304' title='bbox 2317 3524 2555 3590; x_wconf 83' lang='lat' dir='ltr'><strong>conchis</strong></span> 
     </span>
    </p>
   </div>
   <div class='ocr_carea' id='block_1_4' title="bbox 436 3625 2556 4317">
    <p class='ocr_par' dir='ltr' id='par_1_5' title="bbox 436 3625 2556 4317">
     <span class='ocr_line' id='line_1_33' title="bbox 436 3625 2554 3713; baseline -0.001 -23"><span class='ocrx_word' id='word_1_305' title='bbox 436 3625 608 3691; x_wconf 69' lang='lat' dir='ltr'><strong>&#39;fundi</strong></span> <span class='ocrx_word' id='word_1_306' title='bbox 636 3627 794 3710; x_wconf 84' lang='lat' dir='ltr'><strong>ejus,</strong></span> <span class='ocrx_word' id='word_1_307' title='bbox 850 3648 969 3690; x_wconf 93' lang='lat' dir='ltr'><strong>non</strong></span> <span class='ocrx_word' id='word_1_308' title='bbox 1014 3625 1169 3690; x_wconf 85' lang='lat' dir='ltr'><strong>foret</strong></span> <span class='ocrx_word' id='word_1_309' title='bbox 1211 3626 1381 3713; x_wconf 88' lang='lat' dir='ltr'><strong>piscis</strong></span> <span class='ocrx_word' id='word_1_310' title='bbox 1426 3636 1484 3689; x_wconf 90' lang='lat' dir='ltr'><strong>et</strong></span> <span class='ocrx_word' id='word_1_311' title='bbox 1531 3626 1787 3692; x_wconf 88' lang='lat' dir='ltr'><strong>concha.</strong></span> <span class='ocrx_word' id='word_1_312' title='bbox 1844 3627 2126 3691; x_wconf 88' lang='lat' dir='ltr'><strong>Similiter</strong></span> <span class='ocrx_word' id='word_1_313' title='bbox 2159 3627 2272 3691; x_wconf 86' lang='lat' dir='ltr'><strong>nisi</strong></span> <span class='ocrx_word' id='word_1_314' title='bbox 2298 3635 2448 3692; x_wconf 90' lang='lat' dir='ltr'><strong>esset</strong></span> <span class='ocrx_word' id='word_1_315' title='bbox 2493 3625 2554 3688; x_wconf 86' lang='lat' dir='ltr'><strong>in</strong></span> 
     </span>
     <span class='ocr_line' id='line_1_34' title="bbox 446 3723 2555 3817; baseline -0.001 -28"><span class='ocrx_word' id='word_1_316' title='bbox 446 3727 657 3813; x_wconf 89' lang='lat' dir='ltr'><strong>quovis</strong></span> <span class='ocrx_word' id='word_1_317' title='bbox 686 3727 1007 3801; x_wconf 86' lang='lat' dir='ltr'><strong>insectulo‚</strong></span> <span class='ocrx_word' id='word_1_318' title='bbox 1061 3748 1181 3790; x_wconf 89' lang='lat' dir='ltr'><strong>non</strong></span> <span class='ocrx_word' id='word_1_319' title='bbox 1224 3726 1376 3791; x_wconf 84' lang='lat' dir='ltr'><strong>soret</strong></span> <span class='ocrx_word' id='word_1_320' title='bbox 1421 3727 1717 3817; x_wconf 80' lang='lat' dir='ltr'><strong>bombyx,</strong></span> <span class='ocrx_word' id='word_1_321' title='bbox 1771 3749 1841 3791; x_wconf 86' lang='lat' dir='ltr'><strong>ex</strong></span> <span class='ocrx_word' id='word_1_322' title='bbox 1872 3750 1988 3813; x_wconf 90' lang='lat' dir='ltr'><strong>quo</strong></span> <span class='ocrx_word' id='word_1_323' title='bbox 2020 3728 2240 3804; x_wconf 86' lang='lat' dir='ltr'><strong>serica,</strong></span> <span class='ocrx_word' id='word_1_324' title='bbox 2291 3746 2402 3791; x_wconf 85' lang='lat' dir='ltr'><strong>nec</strong></span> <span class='ocrx_word' id='word_1_325' title='bbox 2428 3723 2555 3812; x_wconf 85' lang='lat' dir='ltr'><strong>apis</strong></span> 
     </span>
     <span class='ocr_line' id='line_1_35' title="bbox 444 3825 2556 3916; baseline -0.001 -26"><span class='ocrx_word' id='word_1_326' title='bbox 444 3847 517 3890; x_wconf 87' lang='lat' dir='ltr'><strong>ex</strong></span> <span class='ocrx_word' id='word_1_327' title='bbox 544 3849 662 3913; x_wconf 91' lang='lat' dir='ltr'><strong>quo</strong></span> <span class='ocrx_word' id='word_1_328' title='bbox 691 3825 866 3889; x_wconf 89' lang='lat' dir='ltr'><strong>mella</strong></span> <span class='ocrx_word' id='word_1_329' title='bbox 894 3835 954 3890; x_wconf 85' lang='lat' dir='ltr'><strong>et</strong></span> <span class='ocrx_word' id='word_1_330' title='bbox 985 3848 1191 3903; x_wconf 86' lang='lat' dir='ltr'><strong>cerae,</strong></span> <span class='ocrx_word' id='word_1_331' title='bbox 1244 3849 1365 3891; x_wconf 85' lang='lat' dir='ltr'><strong>nec</strong></span> <span class='ocrx_word' id='word_1_332' title='bbox 1382 3828 1594 3914; x_wconf 83' lang='lat' dir='ltr'><strong>aliquis</strong></span> <span class='ocrx_word' id='word_1_333' title='bbox 1622 3828 1873 3916; x_wconf 90' lang='lat' dir='ltr'><strong>papilio,</strong></span> <span class='ocrx_word' id='word_1_334' title='bbox 1929 3829 2031 3914; x_wconf 89' lang='lat' dir='ltr'><strong>qui</strong></span> <span class='ocrx_word' id='word_1_335' title='bbox 2060 3827 2210 3891; x_wconf 89' lang='lat' dir='ltr'><strong>ludit</strong></span> <span class='ocrx_word' id='word_1_336' title='bbox 2251 3850 2385 3891; x_wconf 88' lang='lat' dir='ltr'><strong>cum</strong></span> <span class='ocrx_word' id='word_1_337' title='bbox 2418 3845 2556 3892; x_wconf 89' lang='lat' dir='ltr'><strong>con-</strong></span> 
     </span>
     <span class='ocr_line' id='line_1_36' title="bbox 441 3927 2554 4014; baseline -0.002 -23"><span class='ocrx_word' id='word_1_338' title='bbox 441 3935 604 3991; x_wconf 84' lang='lat' dir='ltr'><strong>sorte</strong></span> <span class='ocrx_word' id='word_1_339' title='bbox 641 3927 701 3990; x_wconf 89' lang='lat' dir='ltr'><strong>in</strong></span> <span class='ocrx_word' id='word_1_340' title='bbox 740 3931 908 4004; x_wconf 55' lang='lat' dir='ltr'><strong>abre,</strong></span> <span class='ocrx_word' id='word_1_341' title='bbox 961 3936 1021 3991; x_wconf 90' lang='lat' dir='ltr'><strong>et</strong></span> <span class='ocrx_word' id='word_1_342' title='bbox 1060 3927 1244 3992; x_wconf 90' lang='lat' dir='ltr'><strong>nutrit</strong></span> <span class='ocrx_word' id='word_1_343' title='bbox 1293 3951 1354 3992; x_wconf 87' lang='lat' dir='ltr'><strong>se</strong></span> <span class='ocrx_word' id='word_1_344' title='bbox 1396 3929 1584 3993; x_wconf 86' lang='lat' dir='ltr'><strong>succis</strong></span> <span class='ocrx_word' id='word_1_345' title='bbox 1624 3928 1683 3991; x_wconf 91' lang='lat' dir='ltr'><strong>in</strong></span> <span class='ocrx_word' id='word_1_346' title='bbox 1717 3927 1995 4005; x_wconf 84' lang='lat' dir='ltr'><strong>floribus,</strong></span> <span class='ocrx_word' id='word_1_347' title='bbox 2048 3938 2108 3992; x_wconf 91' lang='lat' dir='ltr'><strong>et</strong></span> <span class='ocrx_word' id='word_1_348' title='bbox 2149 3930 2554 4014; x_wconf 77' lang='lat' dir='ltr'><strong>repraesentat</strong></span> 
     </span>
     <span class='ocr_line' id='line_1_37' title="bbox 441 4027 2556 4117; baseline -0.002 -25"><span class='ocrx_word' id='word_1_349' title='bbox 441 4036 661 4092; x_wconf 90' lang='lat' dir='ltr'><strong>statum</strong></span> <span class='ocrx_word' id='word_1_350' title='bbox 688 4027 942 4092; x_wconf 88' lang='lat' dir='ltr'><strong>hominis</strong></span> <span class='ocrx_word' id='word_1_351' title='bbox 970 4028 1210 4093; x_wconf 88' lang='lat' dir='ltr'><strong>beatum</strong></span> <span class='ocrx_word' id='word_1_352' title='bbox 1238 4028 1296 4092; x_wconf 91' lang='lat' dir='ltr'><strong>in</strong></span> <span class='ocrx_word' id='word_1_353' title='bbox 1325 4029 1565 4094; x_wconf 86' lang='lat' dir='ltr'><strong>caelesti</strong></span> <span class='ocrx_word' id='word_1_354' title='bbox 1592 4050 1737 4093; x_wconf 88' lang='lat' dir='ltr'><strong>aura</strong></span> <span class='ocrx_word' id='word_1_355' title='bbox 1755 4076 1773 4105; x_wconf 88' lang='lat'><strong>,</strong></span> <span class='ocrx_word' id='word_1_356' title='bbox 1815 4037 2123 4117; x_wconf 84' lang='lat' dir='ltr'><strong>postquam</strong></span> <span class='ocrx_word' id='word_1_357' title='bbox 2152 4029 2395 4096; x_wconf 84' lang='lat' dir='ltr'><strong>exuvias</strong></span> <span class='ocrx_word' id='word_1_358' title='bbox 2421 4043 2556 4093; x_wconf 90' lang='lat' dir='ltr'><strong>suas</strong></span> 
     </span>
     <span class='ocr_line' id='line_1_38' title="bbox 439 4125 2550 4217; baseline -0.002 -25"><span class='ocrx_word' id='word_1_359' title='bbox 439 4126 592 4192; x_wconf 85' lang='lat' dir='ltr'><strong>sicut</strong></span> <span class='ocrx_word' id='word_1_360' title='bbox 637 4127 853 4194; x_wconf 86' lang='lat' dir='ltr'><strong>vermis</strong></span> <span class='ocrx_word' id='word_1_361' title='bbox 892 4128 1177 4217; x_wconf 85' lang='lat' dir='ltr'><strong>deposuit.</strong></span> <span class='ocrx_word' id='word_1_362' title='bbox 1250 4130 1382 4195; x_wconf 90' lang='lat' dir='ltr'><strong>Nisi</strong></span> <span class='ocrx_word' id='word_1_363' title='bbox 1427 4130 1726 4216; x_wconf 82' lang='lat' dir='ltr'><strong>analogon</strong></span> <span class='ocrx_word' id='word_1_364' title='bbox 1764 4128 1966 4193; x_wconf 86' lang='lat' dir='ltr'><strong>Liberi</strong></span> <span class='ocrx_word' id='word_1_365' title='bbox 2012 4127 2445 4201; x_wconf 75' lang='lat' dir='ltr'><strong>arbitriiesset</strong></span> <span class='ocrx_word' id='word_1_366' title='bbox 2491 4125 2550 4188; x_wconf 87' lang='lat' dir='ltr'><strong>in</strong></span> 
     </span>
     <span class='ocr_line' id='line_1_39' title="bbox 440 4226 2552 4317; baseline -0.003 -25"><span class='ocrx_word' id='word_1_367' title='bbox 440 4238 639 4294; x_wconf 87' lang='lat' dir='ltr'><strong>terrac</strong></span> <span class='ocrx_word' id='word_1_368' title='bbox 664 4228 868 4308; x_wconf 87' lang='lat' dir='ltr'><strong>humo,</strong></span> <span class='ocrx_word' id='word_1_369' title='bbox 920 4231 978 4295; x_wconf 94' lang='lat' dir='ltr'><strong>in</strong></span> <span class='ocrx_word' id='word_1_370' title='bbox 1004 4231 1226 4299; x_wconf 89' lang='lat' dir='ltr'><strong>semine</strong></span> <span class='ocrx_word' id='word_1_371' title='bbox 1255 4231 1306 4295; x_wconf 90' lang='lat' dir='ltr'><strong>ei</strong></span> <span class='ocrx_word' id='word_1_372' title='bbox 1340 4231 1591 4317; x_wconf 85' lang='lat' dir='ltr'><strong>injecto,</strong></span> <span class='ocrx_word' id='word_1_373' title='bbox 1645 4230 1825 4316; x_wconf 88' lang='lat' dir='ltr'><strong>inque</strong></span> <span class='ocrx_word' id='word_1_374' title='bbox 1855 4228 2131 4294; x_wconf 90' lang='lat' dir='ltr'><strong>omnibus</strong></span> <span class='ocrx_word' id='word_1_375' title='bbox 2159 4230 2392 4297; x_wconf 80' lang='lat' dir='ltr'><strong>arboris</strong></span> <span class='ocrx_word' id='word_1_376' title='bbox 2419 4226 2552 4292; x_wconf 89' lang='lat' dir='ltr'><strong>inde</strong></span> 
     </span>
    </p>
   </div>
  </div>
 </body>
</html>
