2750 4775
507 340 615 388 50⁰
734 325 1198 381 UMVERSA
1244 324 1783 380 TIIEOLOGIA
1826 327 1896 383 N.
1936 325 1999 380 C.
2039 325 2144 378 ΕΤ
2182 325 2246 378 Ν,
2285 324 2348 381 Ε.

503 490 767 554 ternum
820 478 982 567 quod
1034 479 1117 544 ita
1169 480 1272 555 sit,
1339 477 1499 566 apud
1553 478 1791 545 Clerum
1844 479 1906 542 in
1952 478 2178 552 Mundo
2229 487 2419 544 notum.
2459 486 2542 544 est.

500 578 1021 660 Quemadmodum
1050 579 1295 645 Caelum
1320 580 1437 645 hoc
1463 600 1720 654 novum,
1771 579 1933 666 quod
1969 578 2113 644 facit
2138 578 2421 643 Internum
2455 579 2547 642 Ex·

502 679 714 745 clesiae
742 680 898 769 apud
927 678 1228 745 hominem
1248 729 1264 756 ‚
1319 682 1529 744 crescit
1548 728 1566 756 ,
1618 689 1851 744 tantum
1877 702 1949 745 ex
1976 680 2155 745 Caelo
2182 681 2278 744 illo
2302 677 2552 752 descendit

503 802 663 847 nova
711 780 1165 870 Hierosolyma,
1217 779 1332 846 hoc
1378 790 1499 856 est,
1551 801 1706 845 nova
1756 781 2051 853 Ecclesia
2106 802 2285 867 quare
2322 779 2425 843 hoc
2460 799 2551 852 non

502 880 632 948 fieri
659 889 850 970 potest
879 889 1214 960 momento,
1266 882 1370 947 sed
1400 877 1462 943 fit
1487 882 1638 945 sicut
1670 880 1815 945 salsa
1845 881 2056 968 prioris
2085 880 2374 945 Ecclesiae
2398 900 2551 944 remo-

503 992 756 1054 ventur3
809 1003 1031 1046 novum
1061 982 1218 1045 euim
1247 1003 1366 1046 non
1396 990 1586 1068 potest
1611 982 1867 1057 intrare,
1923 982 2023 1050 ubi
2062 982 2212 1047 falsa
2253 982 2396 1069 prius
2430 980 2554 1064 inge·

504 1092 714 1148 nerata
741 1091 874 1146 sunt
893 1130 914 1157 ,
964 1082 1072 1145 nisi
1100 1080 1252 1146 haec
1276 1082 1688 1156 eradicentur,
1742 1084 1901 1169 quod
1930 1082 2031 1147 fiet
2059 1084 2216 1168 apud
2244 1080 2483 1154 Clerum,
2513 1087 2555 1141 et

505 1184 594 1248 sic
641 1183 797 1268 apud
843 1182 1122 1255 Laicuuu
1178 1183 1323 1247 dixit
1363 1183 1520 1246 enim
1569 1183 1889 1257 Dominus,
1941 1184 2148 1249 Nemo
2184 1185 2350 1248 mittit
2391 1183 2556 1245 vinum

503 1308 724 1351 novum
748 1289 814 1348 in
839 1297 1002 1348 utres
1027 1298 1295 1358 veteres,
1349 1286 1496 1375 quin
1536 1299 1895 1376 rumpantur
1935 1297 2099 1349 utres
2117 1332 2133 1360 ,
2183 1298 2239 1349 et
2272 1285 2458 1348 vinum
2492 1273 2553 1365 ff

366 1467 370 1471 ,
483 1381 959 1473 finditur-med
983 1365 1218 1450 milium
1241 1388 1455 1449 vinum
1484 1407 1713 1449 novum
1738 1387 1804 1449 in
1830 1399 1991 1450 utres
2016 1408 2227 1458 novos,
2271 1398 2325 1449 et
2356 1397 2557 1470 utraque

505 1498 939 1552 conservamur
977 1507 1128 1563 una,
1195 1485 1407 1554 Matth.
1458 1484 1577 1550 lx:
1628 1489 1730 1551 17.
1790 1488 1980 1552 Marc.
2023 1485 2121 1550 II:
2167 1489 2270 1550 22.
2333 1483 2456 1546 Luc.
2495 1478 2555 1544 V:

506 1591 608 1651 87.
641 1590 747 1650 38.
826 1584 1000 1664 Quod
1032 1585 1180 1651 haec
1206 1607 1326 1651 non
1355 1584 1500 1649 fiant
1530 1606 1709 1671 quam
1738 1586 1796 1649 in
1824 1586 2346 1651 consummatione
2370 1578 2556 1652 saeculi,

505 1709 612 1776 per
666 1706 842 1774 quam
886 1688 1231 1772 intelligitur
1282 1684 1414 1751 finis
1459 1686 1789 1762 Ecclesiae,
1844 1697 2076 1752 cunstat
2120 1710 2196 1752 ex
2247 1686 2332 1750 his
2369 1678 2555 1748 Domini

506 1788 751 1862 Verbis,
814 1786 995 1852 Dixit
1043 1786 1263 1863 Jews,
1328 1785 1524 1853 simile
1554 1800 1652 1852 est
1694 1787 1970 1877 Regnum
2020 1787 2344 1854 Caelorum
2382 1780 2558 1848 Ιιυηιίηἱ

504 1890 831 1954 seminanti
868 1888 1085 1953 bonum
1126 1907 1327 1953 semen
1367 1890 1431 1951 in
1476 1911 1626 1978 agro
1669 1912 1812 1962 suo;
1877 1887 1991 1953 sed
2025 1888 2174 1955 dum
2220 1887 2557 1954 domuerunt

506 1987 806 2064 homines,
858 1991 1026 2053 venit
1050 1989 1185 2075 ejus
1212 1991 1491 2054 inimicus
1517 2002 1574 2053 et
1611 1991 1924 2054 seminavit
1946 1989 2256 2065 Zizania,
2305 2002 2357 2051 et
2395 1984 2556 2052 abivi13

503 2113 685 2181 quum
710 2110 862 2153 vero
881 2091 1236 2178 germinavit
1264 2088 1469 2165 herba,
1509 2104 1651 2155 tunc
1672 2105 2086 2182 apparuerunt
2113 2094 2298 2156 etiam
2322 2083 2553 2152 zizanias

505 2201 885 2255 accesserunt
912 2191 1097 2265 sewi,
1149 2203 1206 2254 et
1232 2188 1519 2256 dixerunt
1546 2188 1671 2265 illi,
1726 2194 1907 2256 visne
1932 2205 1997 2256 ut
2022 2192 2318 2258 abeamus
2349 2201 2400 2252 et
2433 2179 2555 2259 colli·

500 2313 723 2380 gamus
770 2288 1068 2363 Zizania,
1120 2292 1251 2381 ipse
1296 2313 1448 2362 veto
1492 2290 1686 2364 dixit,
1740 2315 1896 2365 non,
1952 2316 2027 2356 ne
2045 2288 2234 2380 ans
2270 2286 2555 2376 colligentes

507 2391 797 2465 Zizania,
822 2386 1141 2456 eradicetis
1165 2415 1300 2457 cum
1326 2389 1454 2455 illis
1478 2393 1538 2457 T
1532 2395 1796 2467 riticum3
1825 2396 2005 2457 sinite
2023 2418 2150 2458 una
2172 2411 2419 2457 crescere
2439 2397 2556 2450 utra·

413 2482 416 2485 “
503 2512 621 2582 que
647 2511 837 2581 usque
853 2488 943 2555 ad
958 2514 1223 2569 messem,
1252 2506 1308 2557 et
1336 2506 1597 2584 tempore
1612 2496 1824 2557 messis
1855 2493 2052 2558 dicam
2080 2492 2450 2563 messoribus,
2469 2479 2555 2548 ⁶⁰1·

508 2589 675 2680 ligite
694 2593 872 2683 prius
899 2591 1182 2666 Zizania,
1210 2606 1268 2657 et
1292 2590 1577 2682 colligate
1602 2616 1676 2658 ea
1704 2595 1768 2658 in
1770 2589 2124 2683 fasciculos
2157 2593 2248 2660 acl
2274 2591 2554 2657 comburen-

506 2690 681 2765 dum3
741 2691 1025 2758 Triticum
1050 2717 1200 2758 vero
1225 2708 1584 2783 congregate
1610 2696 1673 2757 in
1698 2691 1974 2759 horreum
2003 2718 2219 2761 meum.
2272 2692 2481 2759 Messis
2496 2692 2557 2749 est

509 2791 959 2865 Consummatio
985 2793 1222 2860 saeculi
1230 2823 1251 2869 ,-
1301 2793 1805 2886 quemadmodum
1841 2794 2215 2886 colliguntur
2235 2794 2492 2861 Zizania,
2520 2793 2558 2847 ⁶¹

506 2898 646 2985 igne
674 2894 1127 2971 comburuntur,
1182 2898 1271 2959 sic
1309 2899 1422 2960 erit
1464 2897 1526 2958 in
1568 2894 2093 2962 Consummatione
2116 2892 2362 2973 saeculi,
2396 2883 2555 2960 Manli

505 2993 690 3060 XIII:
734 2997 817 3058 24
842 2995 916 3059 ad
941 2998 1048 3059 30.
1082 2999 1189 3059 89.
1225 3000 1325 3060 40.
1382 2995 1501 3060 Per
1527 2995 1817 3060 Triticum
1845 2995 1928 3060 ibi
1955 2998 2360 3084 intelliguntur
2386 3008 2503 3058 vera
2516 2990 2560 3046 el

505 3095 668 3161 hona
712 3116 905 3160 novae
951 3095 1286 3172 Ecclesiae,-
1338 3104 1399 3159 et
1444 3116 1549 3183 per
1591 3094 1829 3181 Zizania
1870 3096 2015 3161 falsa
2061 3107 2120 3161 et
2170 3097 2323 3162 mala
2370 3085 2557 3181 priori&

507 3195 666 3282 quo-d
707 3216 812 3279 per
839 3195 1421 3267 Consummationem
1459 3195 1677 3260 saeculi
1714 3197 2082 3283 intelligatur
2124 3195 2258 3262 finis
2300 3187 2558 3261 Ecclesiae,

507 3294 782 3361 videatur
820 3294 878 3357 iu
917 3294 1185 3361 Articulo
1230 3297 1420 3382 primo
1452 3296 1626 3381 hujus
1662 3298 2094 3362 transactionis.

660 3399 809 3460 785.
865 3394 1042 3474 Quod
1072 3398 1132 3460 in
1160 3397 1319 3461 omni
1351 3419 1416 3460 re
1447 3396 1751 3461 Internum
1783 3406 1840 3460 et
1868 3398 2190 3463 Externum
2218 3400 2323 3472 sit,
2366 3402 2419 3457 et
2443 3379 2557 3477 quod

505 3505 812 3561 externum
843 3497 1095 3582 pendeat
1123 3500 1200 3563 ab
1227 3498 1498 3571 interno,
1547 3498 1699 3562 sicut
1729 3518 1945 3585 corpus
1984 3521 2018 3563 a
2058 3520 2166 3564 sua
2196 3499 2414 3570 anima,
2457 3505 2558 3551 con·

504 3603 621 3660 stat
647 3616 719 3658 ex
741 3594 988 3680 singulis
1014 3596 1075 3660 in
1102 3598 1329 3664 Mundo
1358 3599 1471 3662 rite
1496 3597 1789 3663 lustratis:
1845 3601 1999 3687 apud
2025 3597 2322 3663 hominem
2349 3595 2449 3658 hoc
2470 3604 2557 3652 tm·

505 3694 782 3758 nifestum
815 3704 933 3770 est,
988 3698 1325 3763 universum
1355 3700 1482 3783 ejus
1511 3721 1726 3784 corpus
1753 3719 1824 3763 ex
1853 3709 2049 3763 mente
2076 3701 2234 3785 ejus,
2288 3708 2347 3779 et
2376 3689 2490 3757 inde
2516 3683 2558 3745 in

506 3794 777 3880 singulis,
832 3815 985 3879 quae
1024 3797 1353 3884 procedunt
1395 3801 1472 3863 ab
1511 3799 1784 3877 homine,
1852 3810 1939 3866 est
1976 3801 2276 3878 internum
2323 3804 2380 3861 et
2415 3797 2556 3892 exter:

502 3916 678 3971 num,
730 3895 790 3957 in
840 3896 999 3959 omui
1042 3896 1290 3963 actione.
1322 3899 1450 3985 ejus
1488 3909 1597 3969 est,
1626 3898 1919 3967 Voluntas
1946 3901 2191 3977 mentis,
2244 3909 2303 3964 et
2352 3897 2405 3959 iu
2440 3901 2556 3954 omn¹

504 3995 745 4082 loquela
774 4005 864 4065 est
888 3995 1231 4065 Intellectus
1259 3986 1502 4075 mentis,
1555 4000 1833 4065 similiter·
1850 4003 1913 4073 in
1937 4002 2096 4066 omni
2125 4002 2252 4088 ejus
2275 4001 2458 4066 Seusu.
2509 3983 2554 4046 1¹¹

505 4096 668 4159 omni
696 4117 807 4165 ave
834 4109 893 4163 et
936 4099 1160 4176 hestia,
1214 4101 1332 4165 imo
1380 4100 1438 4164 in
1469 4098 1632 4166 omni
1672 4101 1895 4167 insecto
1938 4113 1996 4167 et
2026 4123 2262 4178 verme,
2311 4106 2394 4164 est
2423 4094 2555 4158 intet-

505 4215 647 4259 num
674 4207 733 4261 et
761 4207 1102 4277 externum
1157 4208 1282 4264 tum
1313 4197 1491 4264 etiam
1534 4199 1591 4262 in
1633 4202 1792 4266 omni
1838 4201 2088 4293 arbore,
2128 4203 2342 4290 planta
2378 4204 2427 4263 et
2462 4204 2550 4278 ges·
