2750 4775
806 366 959 420 xm.
1041 365 1389 419 SANCTA
1446 366 1764 425 GOENA.
2225 380 2329 431 259

220 519 444 594 „etiam
473 529 679 583 contra
711 518 1071 605 proximum,
1115 530 1256 584 tunc
1283 520 1689 586 reconciliabit
1712 543 1774 587 se
1803 522 1905 599 illi,
1940 532 1998 586 et
2025 534 2333 611 promptus

220 621 378 696 „erit
407 620 480 683 ad
522 620 953 686 restitutionem
995 631 1052 684 et
1093 621 1551 686 satisfactionem
1595 643 1665 686 ex
1706 625 1862 686 omni
1905 625 2164 712 potentia
2203 645 2331 704 sua,

222 731 515 807 „propter
564 721 806 806 injurias
851 731 910 784 et
952 723 1103 787 mala
1146 723 1318 787 alicui
1364 723 1553 798 facta,
1621 733 1678 788 et
1721 723 1986 788 similiter
2028 735 2332 812 promptus

223 824 382 899 „erit
414 823 485 885 ad
516 822 929 885 remittendum
953 822 1081 887 aliis
1099 822 1371 899 offensas,
1394 824 1890 911 quemadmodum
1915 826 2038 890 vult
2060 836 2123 890 ut
2151 824 2335 890 offen·

225 945 367 999 „sae
398 945 543 987 suae
570 925 946 988 remittantur
974 946 1006 988 a
1035 925 1194 997 Deo;
1242 925 1507 1011 alioquin
1535 924 1792 1011 receptio
1817 925 2070 991 Sanctae
2098 925 2333 991 Caenae

224 1046 391 1100 „non
443 1023 581 1086 facit
615 1024 722 1089 nisi
768 1046 943 1112 quam
986 1036 1274 1112 aggravet
1311 1026 1770 1090 damnationem.
1855 1027 2243 1116 ‘Quapropter
2284 1028 2332 1092 si

222 1126 401 1213 „quis
448 1135 707 1189 vestrum
747 1135 832 1189 est
877 1126 1316 1214 blasphemator
1356 1127 1486 1203 Dei,
1529 1129 1897 1193 obtrectator
1927 1138 1985 1193 et
2025 1127 2336 1216 sugillator

224 1226 456 1304 „Verbi
489 1226 705 1313 Ipsius,
761 1236 864 1290 aut
890 1227 950 1290 in
982 1227 1201 1292 malitia
1245 1228 1340 1292 vel
1380 1229 1442 1292 in
1482 1228 1931 1304 malevolentia,
1981 1240 2084 1294 aut
2119 1230 2178 1293 in
2216 1230 2333 1295 alio

224 1328 505 1405 „enormi
534 1327 808 1404 crimine,
862 1329 1277 1414 paenitentiam
1308 1351 1353 1392 a.
1376 1330 1627 1415 peccatis
1656 1350 1794 1417 age,
1838 1330 1887 1395 si
1914 1351 2051 1405 non,
2084 1331 2159 1395 ad
2184 1331 2333 1396 San-

226 1438 430 1504 „ctam
471 1427 728 1494 Caenam
757 1450 828 1492 ne
859 1430 1138 1495 accedas:
1191 1431 1451 1519 alioquin
1488 1441 1616 1519 post
1646 1432 2040 1517 receptionem
2077 1431 2331 1497 Sanctae

221 1529 505 1606 „caenae
532 1529 801 1595 diabolus
826 1531 1148 1596 intraturus
1174 1542 1259 1597 est
1288 1533 1345 1595 in
1374 1542 1465 1607 te,
1517 1532 1664 1596 sicut
1706 1532 1949 1597 intravit
1990 1531 2049 1596 in
2088 1531 2330 1609 Jud2m‚

227 1639 329 1708 „et
356 1621 708 1717 impleturus
749 1640 803 1694 te
844 1632 1004 1695 omni
1038 1632 1375 1720 iniquitate,
1431 1641 1490 1695 et
1518 1633 1923 1700 destructurus
1949 1643 2009 1696 et
2036 1654 2246 1721 corpus
2273 1642 2333 1698 et

230 1734 619 1809 ³,‚anirnam.“·
679 1732 866 1815 Quod
911 1732 1101 1802 Fides
1152 1738 1216 1800 in
1264 1733 1589 1800 Dominum
1639 1737 1719 1800 sit
1770 1738 2001 1802 tertium
2052 1732 2329 1800 Medium

230 1834 449 1919 dignae
505 1832 797 1898 fruitionis
846 1834 1098 1901 Sanctae
1143 1834 1410 1910 Caenae,
1477 1844 1566 1900 est
1613 1835 1749 1922 quia
1796 1835 2052 1901 charitas
2091 1844 2150 1899 et
2188 1833 2333 1900 fides

226 1956 414 1999 unum
443 1932 696 2010 faciunt,
750 1934 900 1999 sicut
929 1936 1091 2000 calor
1119 1945 1177 1999 et
1205 1936 1299 1999 lux
1329 1946 1594 2023 tempore
1622 1936 1810 2012 veriS,
1852 1958 1922 2000 ex
1948 1936 2159 2023 quibus
2183 1935 2333 2001 duo-

230 2036 343 2101 bus
375 2035 701 2123 conjunctis
727 2037 1054 2102 renascitur
1082 2038 1270 2101 omnis
1305 2038 1520 2109 arbom
1574 2037 1840 2101 similiter
1880 2059 1951 2101 ex
1994 2037 2190 2102 calore
2216 2037 2333 2126 spi-

222 2139 455 2212 rituali,
502 2139 598 2223 qui
630 2148 717 2201 est
749 2137 1033 2213 charitas,
1077 2147 1133 2202 et
1165 2160 1235 2202 ex
1264 2139 1392 2201 luce
1432 2138 1751 2225 spirituali,
1792 2159 1942 2226 quae
1980 2147 2067 2203 est
2106 2138 2326 2204 veritas

228 2236 400 2314 fidei,
453 2238 595 2303 vivit
622 2242 816 2303 omnis
853 2239 1046 2304 homo.
1128 2239 1305 2318 Quod
1347 2237 1487 2303 fides
1514 2242 1573 2302 in
1611 2241 1926 2304 Dominum
1967 2238 2081 2305 hoc
2125 2238 2325 2317 faciat,

233 2350 471 2405 constat
499 2361 567 2404 ex
596 2339 685 2406 his
713 2338 885 2417 locis,
943 2340 1067 2425 Qui
1089 2339 1276 2407 credit
1304 2344 1364 2405 1⁸11
1398 2340 1543 2417 Me,
1600 2365 1720 2407 non
1748 2344 2030 2409 morietur
2052 2344 2116 2407 in
2141 2353 2331 2411 aeter-

236 2466 411 2515 num,
453 2440 565 2507 sed
586 2446 775 2517 vivet,
819 2442 958 2507 Joh.
990 2442 1105 2507 xl:
1157 2447 1257 2507 25.
1290 2446 1394 2506 26.
1469 2443 1635 2508 Haec
1659 2457 1750 2508 est
1773 2442 2070 2509 voluntas
2096 2443 2331 2522 Patris,

243 2554 310 2605 ut
337 2546 525 2605 omnis
554 2546 657 2633 qui
680 2542 863 2610 credit
887 2547 949 2608 in
988 2542 1245 2621 Filium,
1297 2543 1517 2609 habeat
1560 2547 1750 2608 vitam
1794 2558 2128 2621 aeternam,
2183 2542 2327 2610 Joh.

242 2640 328 2705 Vl
349 2667 364 2707 ε
410 2645 508 2705 40.
589 2641 769 2709 Adeo
793 2643 1015 2712 dilexit
1044 2645 1212 2710 Deus
1238 2644 1577 2723 Mundum,
1628 2659 1690 2709 ut
1724 2644 1948 2711 Filium
1985 2671 2159 2713 suum
2199 2651 2331 2711 uni-

230 2746 499 2835 genitam
526 2743 788 2821 dederit,
843 2761 907 2813 ut
934 2751 1130 2811 omnis
1168 2750 1276 2839 qui
1296 2746 1484 2813 credit
1522 2749 1587 2811 in
1627 2746 1840 2839 Ipsum
1873 2746 2114 2814 habeat·
2137 2750 2328 2812 vitam

234 2859 576 2921 aeternam,
627 2844 769 2912 Joh.
819 2846 943 2912 111:
995 2851 1228 2912 1515.
1332 2848 1457 2931 Qui
1496 2847 1682 2912 credit
1724 2847 2100 2924 infusum,
2153 2846 2332 2913 habet

233 2950 428 3012 vitam
450 2961 793 3024 aeternam,
843 2952 949 3040 qui
991 2973 1135 3015 vero
1161 2973 1284 3013 non
1322 2948 1509 3013 credit
1544 2947 1710 3013 Filio
1728 2996 1745 3023 ,
1797 2972 1919 3012 non
1956 2945 2188 3013 videbit
2230 2952 2328 3012 vi-

234 3062 391 3121 tam,
444 3047 557 3114 sed
580 3053 673 3114 ira
702 3049 820 3114 Dei
841 3064 1043 3115 manet
1063 3073 1247 3142 super
1271 3044 1418 3124 illo,
1466 3048 1756 3113 Joh.1n:
1812 3053 1911 3112 36.
2002 3045 2219 3113 Sumus
2263 3052 2328 3112 in

230 3152 524 3225 veritate,
577 3155 641 3214 in
689 3148 854 3216 Filio
893 3150 1013 3216 Dei
1036 3152 1186 3218 Jesu
1218 3149 1455 3215 Christo
1475 3201 1489 3224 ‚
1544 3151 1666 3215 Hic
1701 3163 1790 3215 est
1833 3171 2020 3213 verus
2065 3148 2230 3215 Deus
2272 3162 2329 3214 et

231 3254 369 3316 vita
404 3265 667 3320 aeterna.
730 3250 926 3315 1J0h.
973 3253 1062 3319 V:
1106 3256 1206 3316 20.
1256 3255 1354 3315 21.

397 3355 540 3416 723.
594 3353 767 3432 Quod
800 3374 904 3439 per
932 3354 1039 3418 tria
1071 3353 1238 3428 haec,
1262 3351 1601 3427 Dominum,
1635 3350 1992 3417 Chalitatem
2022 3361 2078 3415 et
2104 3350 2330 3429 Fidem,

235 3464 301 3517 ut
334 3474 555 3527 unum,
610 3463 991 3538 regeneretur
1032 3454 1245 3530 homo,
1298 3463 1356 3516 et
1402 3451 1558 3539 quod
1606 3453 1712 3515 nisi
1759 3453 1887 3539 quis
1926 3462 2332 3539 regeneratur,

231 3575 358 3618 non
406 3553 607 3617 venire
651 3554 826 3641 possit
863 3555 922 3617 in
953 3554 1228 3630 Caelum,
1281 3556 1340 3617 in
1369 3553 1572 3639 Capite
1600 3554 1671 3615 de
1710 3555 2215 3621 Rnonmnone
2252 3576 2331 3619 m

230 3655 779 3722 Reonnnnmonss
823 3665 1119 3721 ostensum
1149 3665 1267 3731 est,
1321 3676 1506 3742 quare
1534 3654 1819 3719 Dominus
1845 3675 1964 3718 non
1994 3654 2121 3719 aliis
2151 3678 2327 3743 quam

230 3757 598 3842 regeneratis
626 3764 816 3842 potest
856 3759 1081 3846 aperire
1111 3756 1387 3833 Caelum,
1441 3764 1499 3820 et
1541 3765 1669 3841 post
1713 3765 1960 3820 mortem
1998 3759 2330 3823 naturalem

229 3877 356 3920 non
409 3857 537 3922 aliis
586 3857 647 3920 in
702 3857 843 3922 illud
896 3858 1067 3922 datur
1119 3858 1534 3937 introductio„
1577 3856 1693 3921 Per
1738 3858 2180 3943 Regeneratos,
2232 3859 2332 3946 qui

228 3959 407 4043 digne
448 3957 771 4034 accedunt,
820 3958 1229 4044 intelliguntur
1253 3959 1353 4045 qui
1385 3957 1628 4022 interius
1656 3957 1716 4020 in
1763 3958 1947 4023 tribus
1984 3958 2094 4023 illis
2122 3958 2333 4023 Essen-

225 4058 470 4124 tialibus
513 4057 810 4124 Ecclesiae
847 4069 905 4123 et
950 4059 1113 4126 Caeli
1150 4069 1317 4135 sunt,
1372 4080 1491 4123 non
1533 4068 1730 4122 autem
1777 4058 1858 4122 illi
1902 4058 2001 4142 qui
2035 4057 2331 4133 ,duntaxat

227 4162 514 4236 exterius,
571 4162 628 4223 hi
657 4160 811 4224 enim
841 4183 958 4225 non
986 4163 1179 4229 anima
1222 4160 1323 4225 sed
1361 4161 1552 4231 solum
1595 4157 1793 4246 lingua
1823 4156 2178 4223 confitentur
2205 4160 2332 4223 Do·

230 4264 486 4338 minum,
545 4272 601 4325 et
628 4283 749 4327 non
792 4264 968 4329 corde
1002 4264 1107 4328 sed
1147 4261 1332 4328 solum
1378 4279 1628 4346 corpore
1667 4268 1942 4324 exercent
1982 4256 2329 4322 charitatem
