2750 4775
945 389 1037 442 xl.
1120 385 1660 439 lMPU'rATlo.
2267 394 2372 443 165

259 566 416 635 quae
444 542 711 608 tendunt
736 541 832 606 *ad
877 537 1138 606 effectus.
1231 543 1288 602 5.
1336 538 1533 602 Omne
1580 537 1883 626 proprium
1931 536 2188 606 hominis
2223 540 2386 604 inest

254 645 587 722 voluntati,
643 652 702 706 et
742 642 858 706 hoc
890 650 977 706 est
1006 641 1225 704 malum
1257 661 1290 703 a
1321 640 1524 727 prima·
1551 638 1893 714 nativitate,
1945 634 2001 705 et
2044 640 2107 705 fit
2147 643 2378 710 bonum

255 762 331 813 ex
358 744 582 819 altera;
639 744 826 832 prima
865 742 1143 808 nativitas
1196 749 1383 805 estex
1413 740 1787 824 parentibus,
1839 740 2025 807 altera
2065 751 2261 806 autem
2300 766 2374 812 ex

254 847 549 914 Domino:
625 842 829 909 Ex'his
860 844 1061 932 paucis
1091 842 1276 907 videri
1305 849 1530 928 potest,
1580 839 1737 927 quod
1776 838 1892 903 alia
1934 842 2263 930 proprietas
2300 847 2373 910 sit

253 946 627 1022 Voluntatis,
668 955 727 1008 et
750 944 868 1011 alia
900 941 1276 1017 Intellectus,
1321 949 1381 1003 et
1409 941 1566 1027 quod
1595 961 1663 1003 ex
1696 942 1994 1005 creatione
2026 943 2375 1027 conjunctae

250 1051 374 1115 sint
416 1047 567 1113 sicut
595 1067 720 1112 esse
759 1054 818 1108 et
847 1044 1127 1116 existere3
1186 1050 1649 1127 consequentem
1703 1042 1859 1126 quod
1890 1043 2069 1109 homo
2097 1045 2171 1107 sit
2196 1043 2374 1109 homo

255 1148 551 1240 primario
591 1166 662 1210 ex
705 1146 1044 1217 voluntate,
1098 1153 1157 1206 et
1199 1143 1550 1207 secundario
1596 1160 1665 1205 ex
1711 1143 2044 1218 intellectu;
2112 1145 2247 1209 inde
2289 1155 2377 1210 est

255 1250 427 1339 quod
451 1247 675 1310 homini
705 1246 1030 1330 imputetur
1058 1241 1352 1319 voluntas,
1398 1264 1519 1307 non
1551 1253 1749 1306 autem
1782 1242 2081 1330 cogitatio,
2127 1245 2376 1333 proinde

251 1348 571 1414 malum'et
600 1347 857 1422 bonum,
910 1345 1049 1431 quia
1077 1344 1256 1422 haec,
1312 1354 1375 1408 ut
1405 1344 1625 1407 dictum
1662 1353 1778 1420 est,
1835 1344 1891 1407 in
1924 1346 2261 1424 voluntate,
2315 1357 2375 1412 et

247 1452 392 1515 inde
420 1452 480 1513 in
508 1447 841 1512 intellectus
865 1442 1220 1532 cogitatione
1247 1445 1525 1511 resident.

419 1554 566 1614 659.
640 1548 817 1628 Quod
865 1568 986 1610 non
1030 1547 1268 1634 aliquod
1312 1547 1534 1611 malum
1577 1547 1905 1633 imputetur
1947 1547 2174 1612 homini
2214 1550 2374 1637 quod

252 1652 518 1737 cogitat,
569 1658 657 1714 est
684 1649 821 1734 quia
849 1646 1032 1712 homo
1058 1650 1136 1711 ita
1169 1656 1404 1711 creatus
1429 1657 1554 1722 est,
1615 1657 1679 1711 ut
1720 1649 1902 1732 possit
1948 1648 2277 1735 intelligere
2317 1662 2376 1714 et

251 1752 398 1816 inde
426 1749 689 1836 cogitare
717 1750 937 1813 bonum
964 1758 1066 1811 ant
1095 1749 1334 1823 malum,
1381 1749 1602 1812 bonum
1633 1770 1703 1811 ex
1732 1748 2012 1827 Domino,
2057 1760 2116 1814 et
2135 1751 2371 1815 “malum

251 1876 330 1919 ex
358 1849 632 1925 Inferno,
684 1857 769 1913 est
800 1850 960 1912 enim
1004 1848 1079 1911 in·
1099 1850 1328 1925 medio,
1383 1837 1442 1912 et
1476 1849 1534 1911 in
1570 1848 1850 1913 facultate
1893 1850 2146 1936 eligendi
2185 1872 2369 1915 unum

254 1961 369 2018 aut
397 1952 647 2016 alterum
692 1964 763 2012 ex
803 1949 993 2015 libero
1021 1949 1368 2013 arbitrio·in
1410 1949 1846 2033 spiritualibus,
1899 1950 1970 2013 de
2014 1951 2238 2037 quoin
2264 1973 2372 2017 suo

258 2053 472 2138 Capite
514 2059 712 2115 actum
756 2052 872 2123 es't3
926 2058 985 2112 et
1029 2049 1168 2135 quia
1205 2050 1267 2112 in
1310 2047 1590 2112 facultate
1617 2050 1883 2136 ,eligendi
1926 2072 1997 2114 ex
2035 2048 2226 2116 libero
2270 2061 2377 2128 est,

257 2160 457 2242 potest
485 2151 637 2217 velle
668 2159 726 2213 et
756 2170 874 2212 non
903 2149 1085 2225 velle,
1140 2160 1198 2212 et
1227 2149 1390 2234 quod
1429 2150 1588 2224 vult,
1639 2147 1755 2212 hoc
1787 2151 2063 2238 recipitur
2097 2175 2131 2218 a
2164 2151 2378 2220 volun·-

257 2260 385 2318 tate
413 2265 471 2316 et
501 2250 967 2339 appropriatur,
1010 2256 1068 2312 at
1098 2246 1254 2335 quod
1288 2248 1624 2324 non'vult,-
1668 2271 1784 2314 non
1827 2252 2139 2339 recipitur,
2194 2262 2256 2316 et
2290 2253 2376 2318 sio

259 2374 385 2419 non
416 2350 854 2440 appropriatur.
937 2349 1156 2414 Omnia
1183 2349 1373 2425 mala,
1428 2350 1503 2414 ad
1532 2370 1686 2437 quae
1724 2349 1903 2416 homo
1934 2354 2178 2419 inclinat
2207 2375 2242 2419 a
2268 2373 2374 2419 na-

256 2455 530 2525 tivitate,
585 2450 864 2537 inscripta
906 2459 1042 2516 sunt
1086 2450 1378 2513 voluntati
1423 2450 1707 2515 naturalis
1745 2452 1870 2538 ejus
1914 2453 2200 2532 hominis,
2252 2453 2371 2533 illa,

258 2563 557 2640 quantum
605 2550 857 2614 desumit
903 2572 972 2614 ex
1021 2549 1167 2626 illis,
1224 2549 1476 2614 influunt
1519 2551 1577 2614 in
1623 2553 2045 2637 cogitationes,
2105 2554 2375 2623 similiter

257 2655 422 2719 hona
454 2667 587 2716 cum
616 2649 775 2716 veris
802 2649 1050 2738 desuper
1076 2652 1136 2714 in
1167 2649 1293 2715 illas
1322 2641 1355 2714 a
1385 2652 1666 2729 Domino,
1711 2663 1769 2716 et
1797 2653 1878 2717 ihi
1907 2655 2202 2721 librantur
2225 2657 2377 2722 sicut

256 2755 526 2844 pondera
566 2751 628 2813 in
669 2752 840 2815 scalis
879 2752 1157 2827 bilancis,
1209 2754 1256 2816 si
1295 2761 1436 2815 tunc
1475 2752 1655 2817 homo
1698 2753 1943 2843 adoptat
1984 2756 2170 2833 mala,
2226 2757 2377 2820 reci-

252 2857 501 2943 piuntur
528 2853 625 2916 illa
658 2873 688 2915 a
721 2853 1026 2918 voluntate
1057 2853 1281 2929 veteri,
1336 2863 1394 2918 et
1422 2854 1647 2919 addunt
1673 2877 1734 2920 se
1764 2855 1905 2929 illis;
1960 2866 2021 2920 at
2054 2843 2101 2921 si
2129 2856 2374 2942 adoptat

257 2957 420 3020 bona
451 2976 584 3018 cum
629 2952 814 3027 veris,
868 2952 1163 3017 formatur
1191 2974 1223 3016 a
1254 2954 1516 3018 Domino
1560 2976 1715 3022 nova
1766 2956 2041 3021 voluntas
2080 2966 2141 3021 et
2177 2977 2377 3024 novus

257 3056 600 3120 intellectus
627 3075 805 3139 supra
838 3064 1134 3129 veterem,
1168 3064 1245 3116 -et
1273 3055 1354 3120 ibi
1385 3053 1678 3124 Dominus
1705 3059 1870 3119 nova=
1892 3056 2049 3122 bona
2088 3079 2194 3146 per
2233 3077 2377 3123 vera

212 3147 589 3222 ¹successive
634 3153 980 3238 implantat‚
1045 3165 1104 3218 et
1151 3175 1259 3239 per
1300 3153 1451 3218 haec
1497 3155 1776 3241 subjugat
1822 3157 1974 3220 mala
2021 3178 2175 3244 quae
2221 3156 2378 3221 infra

252 3263 429 3329 sunt,
481 3265 539 3317 et
567 3264 835 3318 removet
864 3255 994 3328 illa,
1047 3277 1118 3320 ac
1147 3255 1402 3342 disponit
1444 3258 1641 3321 omnia
1686 3257 1744 3318 in
1777 3258 2075 3320 ordinem.
2157 3256 2246 3319 Ex
2286 3255 2377 3320 his

251 3360 441 3423 etiam
472 3362 671 3442 patet,
716 3355 873 3440 quod
917 3354 1212 3441 Cogitatio
1251 3355 1326 3419 sit
1369 3355 1836 3440 purificatorium
1879 3367 1937 3418 et
1978 3357 2375 3421 excretoriurn

254 3458 558 3523 malorum
599 3475 633 3517 a
678 3454 1466 3543 parentibusxinsidentium
1523 3478 1707 3543 quare
1745 3456 1800 3520 si
1839 3457 2024 3531 mala,
2079 3478 2231 3542 quae
2270 3456 2377 3521 ho·

252 3569 362 3626 mo
403 3558 656 3643 cogitat,
708 3558 1174 3641 imputarentur,
1231 3577 1351 3620 non
1397 3554 1520 3619 fieri
1562 3566 1757 3644 posset
1798 3556 2145 3624 reformatio
2186 3568 2243 3622 et
2281 3580 2374 3623 re·

252 3658 589 3745 generatio.
1193 3663 1197 3667 ’
1971 3679 1978 3686 ·

330 3783 363 3795 ·’
420 3762 566 3824 660.
622 3756 1186 3836 Quoniambonur'n
1226 3767 1312 3821 est
1362 3758 1686 3823 voluntatis
1724 3768 1783 3822 et
1829 3780 2035 3823 verum
2076 3771 2164 3826 est
2209 3762 2379 3825 iutel'·
2443 3743 2448 3752 ⁸

253 3858 479 3932 lectuS‚
532 3867 591 3921 et
618 3856 901 3921 multain
932 3858 1177 3923 Mundo*
1203 3859 1669 3943 correspondent
1713 3859 1906 3936 bono,
1958 3861 2108 3924 sicut
2150 3860 2379 3925 fructus

250 3969 317 4023 et
373 3980 545 4032 usus,
597 3978 669 4021 ac
723 3959 850 4044 ipsa
905 3958 1213 4047 imputatio
1270 3958 1663 4023 aestimationi
1715 3970 1773 4024 et
1824 3961 2047 4046 pretio,
2111 3962 2379 4047 sequitur

251 4058 421 4147 quod
450 4057 546 4122 illa
576 4079 728 4145 quae
756 4058 832 4122 de
856 4058 1248 4146 imputatione
1275 4057 1370 4121 hic
1398 4059 1558 4123 dicta
1584 4069 1750 4135 sunt,
1804 4061 2026 4146 possint
2073 4082 2205 4123 cum
2249 4080 2378 4123 om-

248 4159 432 4225 nibus
460 4160 673 4224 creatis
702 4161 1072 4246 comparari,
1126 4181 1264 4225 nam
1311 4159 1470 4224 sicut
1507 4160 1672 4248 prius
1709 4158 1828 4222 hic·
1851 4170 1910 4223 et
1951 4159 2032 4221 ibi
2076 4167 2374 4221 ostensum

252 4267 379 4336 est,
436 4260 719 4326 omniain
764 4260 1132 4330 universo'se
1161 4259 1430 4327 referunt
1468 4259 1806 4325 adbonum
1849 4268 1910 4322 et
1955 4275 2192 4330 verum,
2244 4263 2303 4315 et
2342 4274 2376 4313 e
