2750 4775
421 384 530 437 ³33
650 374 1112 428 UNWERSA
1156 372 1690 427 THEQLOG1A
1745 373 1812 424 N.
1850 372 1919 424 C.
1963 373 2072 425 ΕΤ
2114 372 2292 430 Ν.-Ε.

419 528 623 599 Odor,
673 534 763 589 est
790 523 1067 610 fragrans
1104 526 1257 592 sicut
1290 526 1349 589 in
1383 525 1593 591 Hortis
1618 535 1676 589 et
1705 526 1937 596 Vincis,
1984 533 2053 588 et
2080 525 2232 595 sicut
2260 526 2325 588 in
2348 525 2537 590 Rose-

419 630 524 703 tis‚
569 638 626 690 et
655 627 874 691 alicubi
915 629 1065 691 sicut
1107 626 1165 689 in
1196 624 1703 714 Aromatopoliis,
1755 636 1814 688 et
1858 624 2077 689 alicubi
2114 626 2275 690 sicut
2296 627 2361 689 in
2384 625 2542 691 Tor-

419 729 749 802 natatibus,
814 736 872 790 et
918 728 977 789 in
1024 726 1202 792 Cellis
1246 727 1506 792 vinariis.
1582 725 1758 807 Quod
1797 727 2082 790 Jucunda
2136 728 2435 792 Amorum
2476 727 2539 789 iu

418 829 647 896 Mundo
675 827 962 915 spirituali
993 828 1291 892 multoties
1324 829 1660 894 sentiantur
1688 836 1752 891 ut
1778 827 2067 901 Odores,·
2100 829 2161 892 iu
2191 829 2536 891 Menona-

415 951 595 995 maus
639 929 780 993 meis
820 939 947 1016 post
977 927 1218 1016 Capita,
1275 930 1490 1016 passim
1525 938 1955 995 ostensum-est.

423 1154 533 1220 DE
578 1149 1018 1220 AFRICANIS
1072 1152 1160 1218 IN
1217 1149 2087 1225 MUNDO·SP1R1TUAL1;
2162 1152 2536 1234 ET‘QUO-

525 1253 532 1260 ’
715 1265 722 1270 ’
877 1253 1047 1333 QUE
1099 1250 1445 1335 ALIQUID
1491 1255 1601 1319 DE
1649 1251 2080 1319 GENTIBUS.

505 1493 512 1500 ,
557 1436 722 1495 -835,
792 1429 1050 1506 Gentes,
1103 1452 1258 1518 quae
1311 1449 1433 1504 non
1478 1430 1701 1518 aliquid
1747 1440 1968 1494 norunt
2007 1430 2083 1493 de
2123 1428 2445 1505 Domino,¹
2476 1387 2537 1494 in

421 1533 652 1600 Mundo
691 1531 980 1618 spirituali
1025 1541 1312 1619 apparent
1349 1537 1514 1596 extra
1546 1531 1709 1607 illos,
1760 1531 1861 1617 qui
1893 1540 2143 1602 norunt3
2198 1551 2391 1617 usque
2433 1531 2534 1608 ita,

291 1633 320 1659 ⁴
423 1644 486 1696 ut
511 1632 746 1698 ultimas
787 1630 1150 1719 peripherias
1187 1631 1410 1696 faciant
1451 1653 1571 1696 non
1606 1632 1737 1706 alii,
1790 1654 1969 1717 quam
1998 1631 2097 1716 qui
2126 1651 2372 1715 prorsus
2401 1629 2534 1695 Ido-

423 1735 672 1799 lolatrae
715 1743 889 1808 sunt,
938 1754 1009 1796 ac
1047 1732 1243 1796 Solem
1285 1743 1343 1796 et
1373 1732 1607 1796 Lunam
1644 1734 1704 1796 in
1742 1732 1973 1797 Mundo
2018 1732 2199 1819 priori
2242 1730 2535 1809 adorave-

421 1843 578 1899 runt.
637 1832 727 1898 Illi
758 1843 988 1906 autem,
1043 1835 1138 1919 qui
1184 1833 1387 1897 Unum
1422 1834 1612 1898 Deum
1655 1842 2017 1919 agnoscunt,
2071 1852 2142 1895 ac
2183 1830 2530 1918 Praecepta,

421 1935 619 2021 qualia
645 1944 783 2000 sunt
809 1935 870 1996 in
906 1934 1244 2018 Decalogo,
1297 1934 1598 2019 religionis
1628 1942 1697 2027 ‘et
1728 1933 1871 2004 „inde
1911 1934 2067 1998 vitae
2110 1931 2372 2007 faciunt,
2424 1935 2531 1995 im-

423 2035 735 2102 mediatius
788 2034 1227 2098 communicant
1283 2057 1417 2098 eum
1463 2034 1810 2099 Christianis
1853 2034 1916 2097 in
1962 2033 2326 2107 Meditulli03
2397 2055 2533 2098 nam

421 2135 880 2200 communicatio
919 2135 1003 2198 sic
1037 2155 1163 2198 non
1203 2134 1575 2222 intercipitur
1616 2156 1649 2198 a
1691 2132 2247 2200 Mahumedanis.et
2281 2134 2531 2198 Pontifi-

422 2235 541 2300 ciis.
597 2233 818 2306 Gentes
845 2236 1019 2297 etiam
1051 2236 1359 2300 distinctae
1399 2245 1534 2299 sunt
1558 2235 1895 2304 secundum
1941 2236 2145 2321 genios
2181 2244 2243 2298 et
2287 2235 2533 2302 faculta-

423 2345 510 2399 tes
537 2335 860 2419 recipiendi
908 2336 1095 2403 iucem
1140 2358 1242 2425 per
1265 2336 1478 2403 Caelos
1520 2358 1552 2401 a
1583 2335 1877 2401 Domino,-
1930 2346 2067 2402 sunt
2105 2336 2266 2400 euim
2307 2356 2381 2399 ex
2419 2335 2532 2400 illis

422 2436 739 2528 Interiores
767 2445 825 2497 et
854 2434 1211 2512 Exn-riores,
1267 2437 1430 2524 quod
1458 2435 1699 2503 trabunt
1726 2438 1943 2524 partim
1968 2437 2341 2511 erCiimate,
2397 2458 2530 2525 par-

421 2537 524 2597 tim
552 2556 620 2597 ex
650 2534 848 2620 Stirpe
877 2559 909 2600 e
940 2559 1080 2624 qua,
1129 2539 1345 2626 partim
1378 2560 1448 2601 ex
1477 2538 1884 2612 Educatione,
1922 2548 1994 2601 tet
2023 2539 2236 2624 partim
2266 2559 2337 2600 ex
2368 2538 2532 2602 Reii-

418 2636 609 2722 gioue.
661 2634 932 2705 Africani
969 2640 1210 2724 reliquis
1249 2649 1387 2702 sunt
1435 2639 1773 2703 Interiores.

571 2739 717 2799 836.
774 2739 1001 2802 Omnes
1041 2739 1139 2825 qui
1181 2758 1361 2813 unum
1395 2740 1586 2805 Deum
1617 2727 2273 2819 CreatoremUniversi
2314 2759 2529 2825 agnos-

421 2846 566 2903 cunt
609 2846 667 2899 et
705 2838 907 2902 colunt
931 2887 949 2914 ,
999 2840 1191 2903 ideam
1224 2839 1502 2903 Hominis
1527 2840 1599 2902 de
1627 2839 1754 2902 Deo
1785 2830 2047 2913 fovent‚-
2077 2837 2313 2915 dicunt,
2368 2839 2528 2925 quod

418 2959 595 3001 nemo
636 2938 810 3002 aliam
851 2939 921 3002 de
953 2940 1083 3009 Deo
1115 2940 1292 3027 possit
1322 2939 1576 3005 babere:
1632 2958 1765 3005 cum
1794 2939 2073 3015 audiunt,
2128 2941 2287 3025 quod
2333 2940 2530 3026 plures

420 3040 491 3103 de
527 3039 663 3102 ¹Deio
712 3039 953 3105 foveant
1007 3040 1198 3102 ideam
1253 3040 1403 3105 sicut
1451 3038 1724 3113 Aetheris
1779 3051 1883 3103 aut
1930 3039 2154 3113 Nubis,
2212 3040 2529 3126 *quaerunt

421 3139 659 3207 ubinam
705 3140 785 3205 itti
824 3150 994 3216 sunt,
1048 3149 1126 3203 et.
1151 3161 1286 3203 cum
1312 3141 1556 3214 dicitur,
1612 3139 1917 3226 quodsint
1956 3141 2111 3204 inter
2138 3138 2532 3218 Christianos,

420 3249 638 3321 negant
669 3241 828 3326 quod
858 3241 1053 3305 dabiie
1072 3241 1182 3310 sit‚·
1219 3241 1320 3303 sed
1351 3242 1757 3328 respondetur,
1804 3240 1962 3328 quod
1991 3243 2065 3305 sit
2088 3239 2204 3304 iliis
2234 3240 2375 3307 talis
2395 3242 2533 3307 idea

418 3359 489 3401 ex
518 3360 609 3414 eo,
664 3340 822 3426 quod
854 3341 1015 3405 Deus
1037 3341 1097 3403 in
1131 3341 1330 3404 Verbo
1356 3342 1589 3405 dicatur
1612 3338 1899 3427 Spiritus,
1950 3350 2010 3405 et
2041 3342 2112 3406 de
2154 3341 2363 3428 spiritu
2402 3364 2533 3407 nou

420 3438 590 3509 aliter
618 3444 908 3527 cogitant,
947 3463 1136 3528 -quam
1169 3443 1329 3505 sicut
1367 3442 1442 3504 de
1468 3440 1793 3509 substantia
1822 3438 2129 3517 Aetheris,
2183 3451 2286 3505 aut
2316 3443 2391 3506 de
2420 3444 2536 3508 ali·

419 3558 533 3624 qua
572 3538 764 3606 forma
791 3542 1020 3617 Nubis,
1076 3563 1191 3605 non
1231 3543 1497 3606 scientes
1524 3543 1682 3631 quod
1722 3543 1915 3605 omnis
1938 3542 2191 3629 Spiritus
2230 3551 2294 3604 et
2333 3545 2539 3609 omnis

416 3638 680 3724 Angelus
722 3643 796 3705 sit
824 3642 1066 3713 Ηοωος
1120 3652 1181 3707 at
1227 3643 1982 3729 usqueffexploratum-est,
2033 3665 2172 3713 num
2203 3643 2538 3729 spiritualis

415 3739 650 3803 iliorum
692 3742 844 3805 idea·
870 3742 943 3804 sit
984 3743 1188 3807 similis
1227 3744 1394 3807 ideae
1435 3743 1670 3807 illorum
1707 3743 1993 3817 naturali,
2046 3754 2104 3806 et
2149 3752 2533 3829 compertum

416 3848 534 3913 est,
571 3840 748 3925 -quod
775 3862 894 3902 non
929 3841 1128 3907 similis
1153 3844 1228 3908 sit
1256 3844 1410 3931 apud
1440 3843 1607 3919 ilios,
1661 3844 1759 3930 qui
1791 3843 2114 3911 Dominum
2142 3843 2537 3909 Salvator-em

415 3960 525 4028 pro
556 3938 681 4001 Deo
711 3938 873 4009 Caeli
919 3952 976 4006 et
1007 3944 1235 4008 Terrae
1273 3943 1522 4008 interius
1561 3954 1904 4030 agnoscunt.
1960 3943 2180 4008 Audivi
2202 3938 2536 4031 quendam

416 4037 843 4128 Presbyterum
874 4042 1184 4119 dicentem,
1240 4044 1399 4129 quod
1429 4066 1602 4109 nemo
1628 4044 1810 4131 possit
1838 4043 2062 4109 habere
2091 4043 2281 4109 ideam
2316 4044 2539 4111 nivini

419 4137 714 4214 Humani,
755 4142 814 4203 'et
846 4141 962 4205 vidi
992 4142 1154 4205 iliu-m
1196 4143 1547 4214 translatum
1574 4144 1647 4209 ad
1679 4145 1875 4210 varias
1901 4143 2141 4221 Gentes,
2171 4144 2248 4208 ad
2273 4145 2538 4212 interio-

417 4256 514 4300 res
550 4245 606 4299 et
647 4260 886 4327 queque
923 4239 997 4303 ad
1040 4239 1250 4304 Caelos
1282 4232 1557 4325 illorum„
1599 4255 1658 4308 et
1703 4245 1938 4312 tandem
1966 4245 2043 4319 ad
2074 4245 2319 4311 Caelum
2354 4245 2542 4313 chria
