2750 4775
912 370 1034 422 xtl.
1120 368 1659 427 BAP'MSMUS.
2237 381 2342 430 183

236 524 381 590 baec
408 522 485 587 ad
524 523 805 594 salutem
861 530 919 585 et
963 531 1305 610 praeterea,
1361 522 1463 586 ubi
1501 532 1587 587 est
1616 523 1896 588 Sanctum
1937 523 1996 587 in
2037 522 2181 601 illis,
2233 524 2346 589 nisi

231 645 300 689 ex
326 645 433 699 eo,
488 623 649 709 quod
681 644 753 687 ex
779 623 1007 687 Ordine,
1037 622 1453 687 Ecclesiastico
1491 631 1553 686 ut
1594 624 1812 687 Sancta
1837 624 2059 688 Divina
2103 634 2346 713 recepta

229 735 286 789 et
315 724 598 789 niandata
638 725 782 801 sint,
839 734 897 787 et
940 724 1100 811 quod
1144 725 1199 786 in
1241 724 1620 808 sennonsint
1657 725 1813 787 aliud
1858 746 2034 812 quam
2066 725 2345 791 Ceremo·

231 827 395 900 niae,
424 825 525 888 -de
567 825 780 910 quibus
809 824 1106 888 Ecclesiae
1146 824 1380 899 dicunt,
1434 822 1593 909 quod
1633 824 1771 887 dum
1811 824 2042 889 accedit
2080 825 2343 891 Verbum

232 926 343 990 Dei
387 926 465 990 ad
507 924 604 987 illa
646 924 983 1000 Elementa,
1034 924 1172 988 fiant
1220 926 1643 990 Sacramenta:
1700 947 1962 1011 provoco
2004 925 2078 988 ad
2117 924 2347 1002 Laicos,

231 1037 285 1090 et
314 1048 558 1113 quoque
588 1025 661 1090 ad
691 1025 984 1101 Clericos,
1041 1047 1180 1089 num
1224 1025 1384 1089 aliud
1426 1025 1500 1087 de
1543 1025 1772 1088 duobus
1808 1026 1919 1090 illis
1945 1025 2349 1091 sacramentis

231 1128 445 1214 spiritu
477 1136 533 1191 et
561 1125 739 1189 corde
776 1135 1196 1212 perceperunt,
1250 1136 1310 1188 et
1351 1125 1510 1212 quod
1552 1124 1648 1187 illa
1693 1134 1754 1187 ut
1795 1125 2012 1189 Divina
2058 1124 2348 1190 coluerint

232 1237 479 1316 propter
507 1227 704 1291 varias
733 1247 938 1290 causas
978 1236 1036 1290 et
1076 1226 1367 1291 rationest
1418 1248 1551 1290 cum
1598 1234 1796 1288 tamen
1836 1227 1954 1291 duo
1993 1225 2091 1291 illa
2131 1227 2347 1291 Sacra·

231 1338 435 1392 menta
483 1328 540 1390 in
583 1326 772 1393 Sensu
813 1326 1117 1414 Spirituali
1154 1336 1456 1414 spectata,
1523 1336 1660 1390 sunt
1699 1326 2077 1391 Sanctissima
2125 1329 2343 1391 cultusz

230 1427 390 1513 quod
438 1428 576 1492 talia
616 1428 765 1502 sint,
835 1428 1130 1493 constabit
1169 1449 1240 1492 ex
1281 1428 1697 1514 sequentibuS,
1765 1428 1864 1489 ubi
1908 1425 2065 1490 Usus
2111 1427 2344 1515 illorum

231 1530 559 1593 tradentur.
656 1528 771 1592 Sed
814 1530 949 1616 quia
995 1527 1206 1592 borum
1248 1531 1771 1594 sacramentorum
1817 1549 1956 1592 usus
1998 1526 2058 1589 in
2103 1526 2347 1612 alicujus

231 1639 492 1693 mentem
522 1650 895 1715 nequaquam
929 1632 1128 1696 venire
1159 1638 1433 1716 possunt,
1486 1630 1595 1692 nisi
1630 1628 1760 1692 illos
1786 1628 2007 1692 Sensus
2031 1627 2348 1715 spiritualis

231 1730 474 1816 detegat
520 1740 579 1794 et
624 1729 895 1806 evolvat,
946 1731 1244 1816 sequitur,
1312 1731 1470 1817 quod
1518 1731 1742 1816 absque
1787 1727 1888 1791 illo
1933 1727 2123 1793 Sensu
2169 1748 2345 1792 nemo

233 1833 418 1916 possit
444 1831 591 1895 scire
619 1831 777 1895 aliud
807 1853 984 1917 quam
1011 1831 1169 1915 quod
1199 1840 1392 1895 esseut
1421 1830 1806 1896 ceremoniae
1825 1878 1838 1904 ,
1896 1849 2048 1915 quae
2088 1827 2344 1893 Sanctae

231 1931 373 2016 quia
403 1952 474 1995 ex
499 1930 787 1998 Mandato
814 1932 1115 1996 institutae
1142 1939 1295 1996 sunt.

395 2036 541 2095 668.
595 2032 770 2112 Quod
799 2030 1137 2118 Baptismus
1166 2031 1480 2095 mandatus
1505 2030 1609 2105 sit,
1662 2039 1893 2094 constat
1936 2028 2245 2093 manifeste
2273 2048 2345 2093 ex

232 2130 598 2217 Baptismate
623 2131 1003 2196 Johannisin
1034 2131 1333 2205 Jordane,
1388 2132 1461 2195 ad
1509 2131 1666 2216 quod
1708 2130 1984 2198 universa
2013 2130 2247 2194 Judaea
2288 2139 2348 2194 et

233 2230 662 2321 Hierosolyma
691 2232 964 2305 accessit,
1019 2230 1232 2294 Matth.
1269 2231 1395 2294 111:
1444 2237 1502 2295 5.
1536 2235 1591 2293 6.
1636 2232 1820 2295 Marc.
1856 2231 1914 2294 l:
1965 2234 2020 2294 4.
2066 2235 2120 2292 5.
2188 2231 2342 2294 Tum

231 2331 397 2417 quod
439 2332 568 2421 lpse
605 2331 896 2396 Dominus
936 2330 1214 2395 Salvator
1254 2340 1526 2396 noster‘a
1567 2329 1843 2396 Johanne
1885 2331 2215 2419 baptizatus
2253 2334 2345 2410 sit,

231 2431 453 2495 Matth.
501 2431 621 2495 lll:
683 2435 766 2494 13
798 2431 869 2493 ad
903 2435 1001 2494 Π.
1044 2440 1101 2494 et
1141 2431 1381 2520 insuper
1419 2433 1577 2518 quod
1621 2433 1993 2498 mandaverit
2032 2433 2348 2520 discipulis,

233 2538 303 2592 ut
333 2530 699 2619 baptizarent
731 2552 936 2595 omnes
961 2529 1215 2608 Gentes,
1257 2532 1468 2597 Matth.
1503 2533 1804 2599 XXVlll:
1858 2537 1957 2597 ta.
2036 2533 2185 2614 Quis
2221 2554 2346 2600 non

234 2629 436 2707 videt,
493 2631 591 2718 qui
633 2631 756 2696 vult
805 2632 1033 2710 videre,
1087 2634 1245 2720 quod
1290 2634 1345 2696 in
1391 2634 1490 2698 illa
1536 2634 1906 2697 lnstitutione
1945 2634 2021 2697 sit
2062 2634 2345 2700 Divinum

233 2729 398 2817 quod
429 2731 713 2796 hactenus
752 2734 954 2809 latuit,
1009 2734 1145 2820 quia
1191 2735 1410 2800 Sensus
1446 2733 1763 2821 spiritualis
1801 2734 1983 2799 Verbi
2022 2756 2143 2798 non
2189 2736 2349 2822 prius

235 2832 535 2897 revelatus
565 2842 683 2905 est;
736 2844 793 2898 et
831 2833 924 2896 hic
965 2834 1266 2899 revelatus
1306 2845 1395 2900 est
1429 2834 1640 2911 hodie,
1694 2835 1836 2919 quia
1874 2832 2138 2898 Ecclesia
2180 2834 2351 2897 Chri-

236 2934 465 3009 stiana,
520 2934 712 3018 qualis
738 2935 798 2997 in
839 2956 902 2999 se
944 2945 1063 3010 est,
1117 2957 1276 2999 nunc
1317 2938 1569 3023 primum
1614 2932 1889 3010 inchoat,
1940 2935 2105 3020 prior
2146 2933 2350 2998 Eccle-

235 3034 320 3097 sia
351 3034 531 3100 modo
563 3036 800 3098 nomine
830 3045 1001 3099 tenus
1028 3035 1138 3099 suit
1167 3034 1505 3101 Christiana
1528 3083 1543 3111 ,
1591 3035 1692 3099 sed
1733 3056 1852 3098 non
1895 3055 1960 3098 re
1989 3043 2048 3097 et
2076 3033 2350 3097 essentia.

394 3139 540 3198 669.
597 3136 735 3200 1)υο
763 3135 1182 3212 Sacramenta,
1226 3137 1565 3224 Baptismus
1592 3146 1649 3200 et
1677 3136 1894 3199 Sancta
1924 3135 2157 3207 Caena,
2209 3143 2345 3198 sunt

237 3234 296 3296 in
345 3235 609 3300 Ecclesia
655 3235 989 3300 Christiana
1033 3237 1182 3331 sicut
1228 3239 1347 3300 duo
1402 3236 1685 3300 Clenodia
1741 3237 1799 3296 in
1845 3236 2094 3323 Sceptro
2148 3234 2349 3320 Regis,

238 3356 490 3421 quorum
533 3357 669 3399 usus
698 3336 745 3399 si
786 3342 1161 3413 nesciuntur,
1215 3346 1352 3400 sunt
1395 3338 1573 3400 modo
1614 3338 1764 3400 sicut
1812 3336 1963 3398 duae
2007 3335 2237 3399 formae
2278 3354 2351 3397 ex

234 3435 426 3499 ebeno
456 3436 513 3499 in
545 3436 824 3521 scipione.
906 3437 1040 3501 Duo
1082 3435 1179 3500 illa
1213 3438 1601 3501 Sacramenta
1634 3436 1692 3499 in
1722 3432 1984 3501 Ecclesia
2013 3431 2351 3500 Christiana

236 3536 571 3623 comparari
599 3537 777 3600 etiam
818 3546 1059 3625 possunt
1087 3554 1218 3607 cum
1254 3538 1487 3602 duobus
1528 3537 1779 3601 Rubinis
1819 3557 1922 3601 seu
1961 3534 2351 3602 Carbunculis

236 3634 292 3697 in
338 3636 671 3727 Chlamydc
723 3637 1138 3725 Imperatoris,
1207 3659 1463 3723 quorum
1507 3659 1650 3702 usus
1692 3639 1737 3701 si
1786 3638 2160 3712 nesciuntur,
2211 3648 2349 3702 sunt

234 3735 383 3802 sicut
416 3737 537 3801 duo
576 3738 840 3803 carneoli
871 3748 971 3800 aut
1001 3737 1267 3827 crystalli
1295 3739 1356 3801 in
1395 3738 1593 3823 aliqua
1632 3747 1792 3824 toga.
1857 3724 2099 3823 Absque
2129 3736 2348 3805 Usibus

237 3836 491 3903 duorum
531 3838 763 3901 illorum
794 3838 1316 3903 Sacramentorum
1360 3859 1467 3925 per
1492 3839 1741 3903 Sensum
1786 3838 2148 3928 spiritualem
2179 3860 2349 3903 reve-

233 3935 396 4016 latis,
440 3947 865 4025 spargerentur
891 3938 1068 4003 modo
1098 3938 1171 4001 de
1201 3939 1314 4003 illis
1340 3938 1753 4022 conjecturae,
1797 3940 2000 4025 quales
2026 3947 2161 4004 sunt
2191 3937 2350 4025 apud

232 4033 359 4105 illos
390 4038 491 4127 qui
519 4061 590 4102 ex
619 4035 808 4104 Astris
837 4038 1136 4115 divinant,
1188 4039 1306 4103 imo
1334 4037 1541 4126 quales
1568 4039 1808 4104 suerunt
1838 4037 1994 4128 apud
2037 4038 2168 4103 illos
2208 4038 2348 4101 olim

236 4140 330 4222 qui
356 4160 429 4204 ex
461 4140 661 4205 avium
691 4139 893 4206 volatu
923 4150 1025 4204 aut
1054 4139 1135 4204 ah
1163 4139 1309 4204 extis
1337 4140 1615 4227 augurati
1656 4149 1811 4205 sunt.
1897 4138 2053 4205 Usus
2095 4138 2347 4205 duorum

238 4234 1039 4310 illorumSacramentorum
1078 4238 1415 4327 comparari
1458 4247 1706 4327 possunt
1742 4238 2028 4326 Templo,
2082 4233 2237 4321 quod
2282 4254 2351 4296 ex
