2750 4775
467 337 747 391 INDEX
789 337 1313 391 GENERALIS
1357 337 2072 396 GONTENTORUM.
2247 349 2355 398 359

299 494 350 554 2.
406 489 584 569 Quod
614 499 734 556 tres
758 490 839 554 illi
869 487 1148 567 Amores,
1206 491 1346 555 dum
1392 491 1503 554 rite
1544 490 1913 555 subordinati
1957 503 2125 570 sunt,
2178 491 2355 582 perfi-

444 590 601 654 ciant
630 590 959 668 hominem,
1013 601 1072 655 at
1109 591 1246 656 dum
1280 613 1400 655 non
1442 591 1553 654 rite
1588 591 1956 657 subordinati
1994 602 2163 670 sunt,
2217 614 2353 681 per-

347 696 360 705 ·
443 700 681 756 vertant
708 703 768 756 et
796 693 1098 757 invertant
1125 693 1323 768 illum,
1378 713 1447 753 n:
1495 693 1640 754 403.
1690 693 1835 753 404.
1870 695 2018 755 405.

290 796 350 856 3.
409 789 588 871 Quod
620 795 811 858 omnis
838 791 1016 857 homo
1045 794 1106 856 in
1135 792 1416 879 singulari
1443 792 1515 856 sit
1545 791 1892 869 Proximus,
1941 793 2040 877 qui
2067 791 2359 856 amandus

443 900 560 967 est,
613 894 714 958 sed
741 894 1061 958 secundum
1093 894 1266 977 quale
1296 894 1435 956 boni
1466 893 1627 979 ejus,
1683 913 1753 953 n:
1801 895 1927 956 406
1960 892 2031 956 ad
2066 895 2212 955 411.

292 996 347 1057 4.
405 992 583 1072 Quod
607 995 812 1065 Homo
839 994 899 1056 in
927 993 1164 1080 plurali,
1203 994 1300 1081 qui
1331 1002 1417 1056 est
1443 992 1710 1057 Societas
1738 993 1933 1056 minor
1960 1002 2021 1056 et
2048 993 2257 1078 major,
2296 1002 2354 1056 et

445 1092 604 1178 quod
638 1095 839 1159 Homo
867 1096 927 1160 in
957 1095 1284 1180 composito
1314 1115 1386 1156 ex
1414 1093 1541 1168 illis,
1587 1093 1686 1178 qui
1716 1104 1801 1157 est
1835 1093 2073 1169 Patria,
2106 1092 2178 1157 sit
2207 1091 2356 1156 I'ro-

437 1193 629 1259 ximus
658 1196 758 1281 qui
788 1193 1078 1259 amandus
1104 1203 1224 1267 est,
1263 1216 1334 1256 n:
1386 1197 1528 1257 412.
1564 1197 1710 1256 413.
1749 1195 1895 1257 414.

290 1300 349 1359 5.
403 1293 582 1374 Quod
613 1295 875 1359 Ecclesia
903 1294 978 1358 sit
1006 1293 1346 1370 Proximus,
1398 1295 1497 1380 qui
1532 1295 1591 1358 in
1617 1293 1911 1378 superiori
1935 1292 2126 1378 gradu
2154 1313 2356 1356 aman-

444 1395 582 1466 dus;
639 1404 697 1458 et
726 1397 884 1482 quod
915 1396 1188 1481 Regnum
1218 1394 1460 1459 Domini
1491 1395 1547 1457 in
1577 1415 1874 1482 supremo,
1910 1415 1979 1456 n:
2024 1396 2173 1457 415.
2205 1396 2352 1457 416.

285 1503 345 1561 6.
403 1496 581 1578 Quod
629 1517 834 1561 amare
877 1497 1216 1562 Proximum
1262 1496 1316 1557 in
1358 1517 1421 1560 se
1463 1505 1826 1583 spectatum,
1879 1516 1997 1557 non
2037 1492 2110 1557 sit
2151 1513 2354 1557 amare

442 1596 806 1673 Personam,
872 1596 973 1664 sed
1024 1597 1261 1661 Bonum
1316 1598 1474 1683 quod
1518 1598 1574 1661 in
1607 1597 1869 1661 Persona
1913 1604 2030 1669 est,
2077 1614 2147 1656 n:
2203 1595 2352 1657 417.

444 1701 593 1761 418.
641 1704 785 1762 419.

287 1806 344 1864 Ἷ.
404 1798 580 1879 Quod
629 1796 902 1865 Charitas
956 1808 1016 1863 et
1069 1797 1226 1863 bona
1264 1799 1471 1884 Opera
1520 1796 1636 1860 sint
1675 1796 1793 1860 duo
1843 1795 2149 1872 distincta,
2201 1794 2353 1859 sicut

448 1900 598 1961 bene
631 1900 779 1963 velle
809 1910 866 1962 et
899 1901 1046 1963 bene
1075 1897 1306 1973 facere,
1361 1919 1434 1961 n:
1479 1901 1625 1962 420.
1658 1901 1805 1961 421.

245 2046 260 2051 -
289 2004 345 2063 8.
407 1998 585 2078 Quod
630 2000 754 2085 ipsa
800 2000 1074 2063 Charitas
1118 1999 1223 2073 sit,
1274 2000 1426 2083 juste
1461 2008 1518 2060 et
1548 1997 1800 2061 fideliter
1827 2015 2003 2082 agere
2032 1995 2093 2057 in
2121 1993 2352 2071 Officio,

442 2099 741 2187 Negotio,
795 2110 853 2162 et
882 2100 1115 2186 Opere,
1165 2097 1226 2159 in
1258 2120 1381 2183 quo
1419 2097 1667 2182 quisque
1705 2107 1828 2171 est,
1880 2107 1940 2159 et
1979 2117 2110 2159 cum
2141 2095 2354 2182 quibus

446 2200 506 2262 in
536 2200 739 2284 aliquo
767 2198 1127 2260 commercio
1156 2205 1275 2270 est,
1322 2218 1390 2259 n:
1440 2199 1590 2259 422.
1620 2200 1765 2260 423.
1799 2202 1942 2262 424.

291 2306 346 2364 9.
403 2300 583 2379 Quod
614 2299 956 2361 Bau-emm
987 2294 1305 2360 Charitatis
1332 2296 1479 2373 sint,
1533 2296 1674 2359 dare
1705 2298 2090 2385 pauperihus,
2142 2307 2201 2361 et
2230 2299 2353 2384 opi-

442 2399 624 2461 tulari
655 2396 1076 2480 indigentibus,
1120 2394 1220 2459 sed
1252 2418 1383 2460 cum
1414 2399 1759 2484 prudentia,
1814 2422 1884 2462 n:
1932 2403 2063 2463 425
2093 2399 2166 2463 ad
2198 2402 2349 2465 428.

232 2502 265 2559 1
286 2507 352 2564 0.
411 2498 588 2579 Quod
618 2497 732 2561 sint
763 2498 1003 2562 Dl-:mu
1031 2497 1348 2572 charitatis,
1386 2498 1677 2586 quaedam
1712 2494 2002 2592 [Publica,
2030 2494 2349 2594 quaedam]

444 2599 820 2670 Domestica,
873 2607 933 2659 et
961 2599 1248 2685 quaedam
1277 2600 1555 2676 Privata,
1610 2622 1679 2662 n:
1729 2606 1855 2665 429
1888 2600 1962 2664 ad
1995 2604 2144 2665 432.

215 2702 338 2764 11.
396 2699 575 2779 Quod
633 2701 1026 2764 DivtnsomA
1087 2699 1424 2776 charitatis,
1472 2702 1590 2767 sint
1641 2703 1938 2777 Prandia,
2000 2701 2238 2766 Caeuae
2294 2709 2352 2765 et

438 2791 787 2876 consortia,
840 2821 911 2861 n:
961 2803 1106 2863 433.
1161 2803 1303 2865 434.

220 2905 337 2967 1⁴2.
392 2901 572 2981 Quod
611 2902 877 2967 Primum
909 2901 1228 2967 Charitatis
1255 2902 1327 2967 sit
1368 2924 1652 2967 amovere
1684 2903 1869 2977 mala,
1924 2910 1981 2965 et
2011 2900 2348 2966 Secundum

333 3053 340 3060 .
432 3004 560 3084 ejus
581 3005 660 3067 sit
688 3001 887 3066 facere
930 3003 1116 3077 bona,
1169 3024 1323 3088 quae
1364 3004 1496 3070 usui
1540 3003 1812 3090 proximo
1858 3012 2026 3078 sunt,
2089 3023 2156 3065 n:
2218 3005 2344 3065 435

433 3105 506 3167 ad
538 3107 687 3167 438.

231 3207 337 3267 13.
395 3202 571 3283 Quod
599 3202 781 3268 homo
811 3203 870 3267 in
900 3201 1211 3266 Exercitiis
1238 3200 1559 3266 Charitatis
1600 3223 1720 3264 non
1767 3212 1948 3290 ponat
1987 3195 2258 3265 meritum
2288 3202 2350 3264 in

438 3304 772 3392 Operibus,
827 3304 967 3368 dum
1016 3302 1205 3366 credit
1236 3301 1395 3385 quod
1431 3323 1607 3366 omne
1653 3304 1872 3366 bonum
1904 3303 1979 3366 sit
2007 3325 2038 3365 a
2068 3302 2347 3375 Domino,

434 3427 502 3467 n:
560 3408 683 3468 439
717 3404 791 3467 ad
824 3407 972 3467 442.

231 3509 332 3570 14.
392 3504 569 3588 Quod
599 3504 733 3568 Vita
779 3503 1050 3580 moralis,
1104 3502 1241 3564 dum
1284 3501 1459 3565 simul
1500 3514 1585 3566 est
1624 3503 1976 3591 spiritualiS,
2027 3504 2103 3567 sit
2141 3501 2350 3569 Chari-

433 3616 553 3680 tas,
609 3627 684 3667 nt
729 3607 872 3668 448.
909 3606 1053 3668 444.
1087 3605 1233 3670 445.

228 3711 327 3772 15.
388 3706 568 3786 Quod
612 3703 880 3768 Amicitia
926 3706 1144 3769 amoris
1187 3705 1367 3790 ligata
1420 3726 1551 3768 cnm
1595 3701 1865 3779 homine,
1922 3706 2348 3790 qualiscunque

429 3816 534 3870 est.
565 3807 762 3892 quoad
807 3806 1112 3891 spiritum,
1167 3814 1298 3894 post
1345 3815 1605 3870 mortem
1648 3806 2071 3870 detrimentosa
2117 3805 2221 3880 sit,
2275 3826 2349 3865 n:

241 3925 248 3932 ’
299 3937 310 3944 ”
437 3911 564 3972 446
595 3906 669 3970 ad
700 3910 849 3971 449.

232 4012 331 4074 16.
394 4006 573 4087 Quod
629 4007 802 4072 detur
865 4004 1141 4071 Charitas
1193 4006 1424 4093 spuria,
1492 4003 1764 4069 Charitas
1823 4004 1901 4093 hy
1911 4003 2226 4132 pocritica,
2294 4012 2354 4066 et

319 4165 324 4176 .
432 4109 706 4174 Charitas
735 4118 1003 4181 mortua,
1056 4128 1126 4169 n:
1187 4109 1312 4169 450
1346 4101 1421 4168 ad
1454 4104 1603 4168 453
