2750 4775
938 354 1032 414 IX.
1113 360 1749 417 PAENITENTIA.
2314 371 2384 424 89

286 516 486 603 aliqua
544 514 767 581 Inferni
819 524 1021 602 aperta
1078 524 1255 602 putor
1307 514 1460 579 sicut
1510 515 1815 580 cadaveris
1863 515 2157 581 strinxerit
2209 534 2388 583 nares

287 638 482 692 meas,
537 624 596 678 et
639 616 847 682 civerit
891 617 1194 679 vomitum.
1272 615 1362 679 Ex
1400 614 1491 679 his
1523 625 1790 680 constare
1826 625 2045 702 potest,
2095 617 2249 681 unde
2274 626 2383 694 est,

286 715 448 806 quod
489 717 551 781 in
587 717 784 783 Verbo
824 714 1423 804 olfactus-significet
1459 717 1927 806 perceptionem,
1993 737 2129 780 nam
2169 717 2383 785 dicitur

285 819 559 903 saepius,
629 818 803 907 quod.
831 815 1109 882 Jehovah
1156 838 1227 881 ex
1264 816 1645 882 Holocaustis
1698 816 1976 881 odoratus
2018 817 2093 881 sit
2136 817 2378 883 odorem

285 928 555 1007 gratum;
611 928 733 983 tum
771 918 930 1005 quod
974 917 1560 994 Oleum-unctionis,
1626 927 1685 981 et
1732 917 1889 1003 quod
1929 915 2137 982 Thura
2176 928 2380 1004 parata

285 1021 406 1085 sint
430 1040 503 1084 ex
530 1018 960 1107 fragrantibus:
1012 1029 1072 1082 et
1104 1018 1410 1094 vicissim,
1448 1018 1608 1105 quod
1646 1017 1990 1082 mandatum
2031 1017 2104 1082 sit
2143 1017 2275 1082 filiis
2301 1019 2384 1085 ls-

284 1118 495 1197 raelis,
548 1131 610 1185 ut
637 1120 940 1185 immunda
966 1140 1000 1183 e
1027 1121 1233 1185 castris
1263 1141 1469 1184 eorum
1502 1129 1954 1206 exportarentur
1978 1128 2144 1184 extra
2172 1128 2386 1196 castra,

285 1231 347 1286 et
398 1223 555 1309 quod
601 1228 976 1285 excrementa
1021 1221 1141 1286 alvi
1194 1219 1541 1286 defoderent
1594 1230 1653 1285 et
1702 1230 2119 1306 contegentem,
2170 1220 2379 1287 Deutr.

283 1322 529 1388 XXIII:
567 1328 664 1388 12.
703 1325 814 1394 13;
870 1312 1043 1387 causa
1081 1331 1246 1399 erat,
1302 1322 1440 1409 quia
1467 1322 1676 1386 Castra
1713 1321 1945 1386 Israelis
1981 1331 2385 1407 repraesenta-

283 1424 433 1488 bant
460 1425 734 1498 Caelum,
784 1444 859 1486 ac
887 1423 1202 1488 Desertum
1243 1431 1407 1487 extra
1448 1432 1640 1487 castra
1683 1423 2165 1510 repraesentabat
2193 1420 2382 1486 Infer-

279 1546 445 1588 num.

441 1632 584 1691 570.
656 1626 983 1705 Quartum
1033 1626 1496 1695 Mnmonsnruz..
1554 1623 1870 1705 Quondam
1925 1624 2200 1709 loquutus
2248 1644 2378 1688 sum

279 1749 415 1792 cum
440 1727 660 1814 Spiritu
700 1727 956 1801 novitio,
1007 1726 1270 1811 quidum
1302 1726 1414 1790 fuit
1456 1726 1515 1788 in
1544 1726 1802 1799 Mundo,
1857 1724 1930 1789 de
1959 1725 2139 1789 Caelo
2181 1735 2238 1789 et
2280 1723 2380 1788 In-

274 1829 451 1893 ferno
492 1829 740 1892 multum
782 1826 1105 1891 meditatus·
1133 1836 1251 1898 est;
1321 1847 1425 1914 per
1460 1826 1711 1914 Spiritus
1751 1827 2005 1890 novitios
2045 1824 2379 1911 intelligun-

276 1940 375 1995 tur
400 1928 672 1993 homines
700 1928 933 1994 noviter
959 1926 1250 2000 defuncti,
1306 1928 1405 2013 qui
1447 1928 1584 2013 quia
1617 1934 1759 1993 tunc
1793 1936 1930 1992 sunt
1956 1925 2224 1990 homines
2261 1927 2379 2013 spi·

275 2026 552 2104 rituales,
610 2037 899 2095 vocantur
934 2027 1201 2112 Spiritus,
1259 2026 1398 2101 Ille,
1452 2037 1515 2089 ut
1542 2027 1789 2115 primum
1828 2028 2068 2092 intravit
2112 2027 2171 2090 in
2200 2027 2379 2091 Mun-

275 2129 420 2193 dum
448 2129 842 2216 spiritualem,
895 2128 1085 2212 caepit
1113 2127 1185 2190 de
1213 2128 1392 2192 Caelo
1421 2136 1480 2189 et
1508 2125 1747 2193 lnferno
1790 2128 2055 2192 similiter
2088 2127 2377 2204 meditari,

277 2239 340 2293 et
365 2229 474 2317 sibi
507 2229 694 2302 visus,
749 2249 880 2291 cum
907 2228 979 2291 de
1006 2227 1218 2303 Caelo,
1268 2228 1329 2291 in
1355 2220 1613 2303 laetitia,
1656 2238 1868 2292 etcum
1908 2229 1980 2292 de
2007 2227 2268 2307 Inferna,
2311 2230 2374 2293 in

228 2328 233 2335 “
278 2329 537 2395 tristitia.
593 2328 697 2392 llle
718 2332 860 2391 'cum
889 2327 1304 2393 animadvertit
1329 2349 1392 2394 se
1421 2328 1480 2391 in
1508 2327 1734 2395 Mundo
1760 2328 2045 2417 spirituali
2076 2350 2220 2407 esse,
2257 2338 2377 2396 sta-

280 2431 386 2493 tim
415 2428 734 2515 quaesivit‚
792 2430 888 2492 ubi
918 2428 1156 2494 Caelum
1185 2438 1244 2492 et
1272 2430 1372 2494 ubi
1403 2429 1706 2496 Infernum
1724 2479 1740 2507 ,
1792 2439 1914 2495 tum
1947 2431 2085 2518 quid
2112 2441 2170 2495 et
2198 2432 2373 2520 quale

278 2552 465 2595 unum
506 2540 565 2593 et
604 2531 887 2604 alterum
939 2541 996 2594 et
1034 2531 1498 2617 responderunt,
1552 2532 1795 2596 Caelum
1834 2542 1922 2598 cst
1962 2553 2140 2620 supra
2179 2532 2371 2619 Caput

277 2642 462 2708 tuum,
517 2640 577 2694 et
604 2631 906 2698 Infernum
935 2640 1024 2698 est
1048 2632 1199 2696 infra
1228 2632 1404 2720 pedes
1431 2642 1593 2708 tuos,
1644 2653 1803 2696 nuuc
1832 2632 1986 2698 enim
2019 2655 2082 2698 es
2107 2633 2164 2696 in
2195 2636 2371 2699 Mun-

270 2734 350 2797 do
385 2733 731 2819 spirituum,
782 2735 880 2820 qui
923 2742 1010 2799 est
1049 2732 1272 2797 medius
1310 2734 1465 2798 inter
1504 2733 1747 2798 Caelum
1789 2743 1849 2797 et
1881 2732 2212 2806 Infernum;
2265 2735 2369 2799 sed

270 2835 412 2921 quid
453 2844 514 2897 et
555 2833 730 2918 quale
759 2834 999 2901 Caelum
1038 2843 1098 2898 et
1134 2833 1271 2921 quid
1299 2843 1357 2898 et
1390 2828 1896 2921 quale-*Internum
1925 2844 2044 2911 est,
2089 2855 2207 2899 non
2237 2858 2369 2923 pos·

267 2957 470 3000 snmus
507 2935 707 3022 paucis
734 2936 1099 3001 describere:
1152 2945 1210 2999 et
1240 2946 1381 3000 tunc
1405 2936 1559 3023 „quia
1598 2934 1894 3023 flagrabat
1937 2935 2226 3000 desiderio
2269 2957 2369 3001 co-

268 3036 608 3122 gnoscendi,
665 3037 910 3122 projecit
936 3059 998 3101 se
1027 3057 1202 3122 super
1232 3056 1447 3122 genua,
1499 3046 1558 3099 et
1584 3036 1780 3102 oravit
1809 3035 2022 3103 devote
2051 3036 2125 3100 ad
2154 3038 2369 3111 Deum,

268 3145 333 3200 ut
362 3136 789 3202 instrueretur:
843 3147 903 3201 et
932 3158 1068 3201 ecce
1109 3138 1384 3223 apparuit
1410 3136 1673 3222 Angelus
1717 3137 1792 3201 ad
1833 3139 2098 3201 dextram
2145 3138 2271 3223 ejus
2308 3147 2369 3201 et

263 3237 522 3322 elevavit
564 3237 758 3311 illurn,
810 3247 869 3302 et
907 3237 1084 3312 dixit,
1132 3238 1531 3324 supplicavisti
1562 3247 1625 3302 ut
1654 3238 2024 3303 instruereris
2063 3237 2142 3301 de
2182 3237 2363 3302 Caelo

264 3346 326 3402 et
354 3337 598 3403 inferno
615 3386 631 3412 ,
688 3337 960 3415 litonum
983 3359 1060 3402 ET
1086 3353 1266 3403 nisce
1292 3359 1452 3415 Qun>
1478 3338 1839 3404 Jucunmm
1880 3360 1959 3402 m·
1986 3338 2366 3417 Coenoscrs,

262 3448 324 3502 et
350 3436 615 3525 Angelus
641 3438 732 3502 his
759 3439 929 3504 dietis
953 3438 1217 3503 sublatus
1243 3448 1362 3503 est:
1418 3449 1559 3503 tunc
1585 3440 1848 3524 Spiritus¹
1867 3439 2127 3506 novitius
2164 3459 2363 3504 secum

263 3537 441 3614 dixit,
494 3539 635 3624 quid
665 3539 776 3603 hoc
795 3587 813 3616 ,
864 3539 1112 3631 Inquit-c
1145 3554 1201 3604 et
1230 3537 1395 3605 disce
1420 3539 1570 3631 quid
1594 3538 1942 3605 Iucundum
1962 3590 1975 3613 ‚
2024 3553 2080 3605 et
2108 3562 2364 3629 cognos-

262 3662 363 3703 ces
400 3638 552 3732 quid
591 3655 648 3704 et
691 3638 871 3731 quale
911 3638 1158 3706 Caelum
1201 3654 1261 3704 et
1301 3636 1619 3728 Itffemum
1660 3654 1778 3705 cst:
1833 3660 1969 3703 mox
2015 3662 2047 3731 e
2085 3640 2216 3708 loco
2260 3640 2360 3708 illo

259 3740 469 3805 abiens
512 3739 985 3826 circumvagatus
1030 3749 1153 3815 est,
1218 3750 1277 3803 et
1319 3741 1528 3805 obvios
1575 3741 1913 3827 alloquutus
1957 3739 2135 3819 dixit,
2185 3742 2361 3809 dicite

260 3861 516 3928 quaeso,
569 3841 617 3905 si
658 3841 880 3929 placet,
933 3841 1070 3930 quid
1098 3841 1478 3914 Jucundum;
1530 3850 1589 3905 et
1626 3841 1900 3907 dicebant
1941 3842 2150 3929 aliqui,
2206 3865 2359 3930 quae

257 3941 450 4028 qualis
477 3941 627 4016 haec
649 3943 939 4028 quaestio,
992 3941 1124 4029 quis
1147 3962 1266 4005 non
1296 3943 1405 4006 scit
1433 3942 1572 4030 quid
1601 3942 1639 4007 J
1648 3942 1973 4020 ucundum,
2027 3954 2190 4009 estne
2219 3965 2362 4031 gau-

258 4042 419 4107 dium
461 4052 523 4107 et
562 4043 819 4121 laetitia,
872 4064 1057 4130 quare
1093 4042 1416 4128 jucundum
1458 4052 1545 4108 est
1586 4042 1949 4126 jucundum,
1999 4066 2181 4111 unum
2209 4044 2361 4108 sicut

256 4144 550 4220 alterum,
604 4166 727 4209 non
762 4145 975 4209 seimus
1012 4142 1360 4216 discrimem
1426 4142 1525 4208 alii
1564 4143 1871 4234 dicebant,
1925 4145 2083 4231 quod
2128 4145 2357 4214 Jucun-

257 4244 394 4311 dum
425 4251 576 4313 esset
603 4245 1012 4322 risusmentis,
1066 4243 1203 4308 dum
1231 4243 1386 4308 enim
1418 4265 1581 4310 mens
1611 4243 1782 4321 ridet,
1824 4253 1910 4310 est
1935 4243 2113 4309 facies
2139 4238 2357 4306 hilaris,
