2750 4775
937 359 1032 414 IX.
1112 357 1754 412 PAENITENTIA.
2315 371 2380 421 91

289 513 615 600 sapientia,
662 523 722 576 et
749 513 1019 579 activitas
1046 511 1169 592 eius
1196 512 1257 576 in
1284 510 1525 577 Inferno
1551 522 1637 577 est
1666 534 1797 577 cum
1815 513 2082 590 insania,
2135 521 2389 601 utraque

289 616 355 678 in
400 614 518 678 suis
542 613 837 702 Subiectis
876 613 1427 685 sistithucundum3
1475 622 1612 677 sunt
1656 622 1848 681 autem
1877 613 2038 679 Caeli
2064 624 2123 678 et
2161 614 2389 681 Inferni

289 715 354 779 in
400 710 681 802 oppositis
719 714 1035 790 Jucundis,
1090 714 1251 779 Caeli
1294 715 1355 777 in
1385 710 1605 778 Amore
1645 714 1784 778 boni
1825 724 1886 778 et
1927 713 2063 779 inde
2105 716 2384 783 Jucundo

291 815 723 892 benefaciendi,
779 815 1002 881 Inferni
1030 824 1226 879 autem
1254 816 1311 879 in
1342 836 1547 879 amore
1575 815 1733 890 mali,
1777 823 1838 879 et
1864 814 1995 878 inde
2021 816 2081 879 in
2107 816 2384 882 Jucundo

290 915 735 993 malefaciendi,
788 919 835 983 si
874 918 1073 1002 itaque
1121 915 1429 1002 cognoscis
1466 916 1605 1002 quid
1641 915 2018 990 Jucundum,
2072 935 2389 1002 cognosces

292 1019 438 1106 quid
483 1027 542 1081 et
581 1019 753 1105 quale
792 1027 880 1083 est
911 1018 1151 1083 Caelum
1193 1028 1253 1081 et
1300 1015 1619 1081 Infernum.
1688 1015 1808 1080 Sed
1854 1014 2085 1103 inquire
2125 1024 2188 1079 et
2233 1016 2387 1081 disce

291 1118 490 1183 adbuc
534 1120 674 1205 quid
700 1118 1041 1184 ,Iucundum
1082 1119 1159 1182 ab
1194 1118 1337 1193 illis,
1390 1118 1492 1204 qui
1519 1117 1875 1203 investigant
1902 1138 2137 1192 causas,
2191 1125 2251 1180 et
2280 1139 2388 1181 vo-

290 1229 509 1285 cantur
550 1218 1019 1306 Intelligentiae,
1062 1230 1200 1285 sunt
1243 1219 1459 1283 abhinc
1496 1219 1572 1283 ad
1614 1220 1903 1295 dextrum,
1957 1226 2015 1280 et
2057 1217 2278 1292 abivit,
2331 1228 2391 1282 et

291 1322 572 1396 accessit,
636 1331 694 1384 et
734 1322 876 1385 dixit
919 1342 1154 1386 causam
1192 1320 1522 1397 adventus,
1575 1331 1635 1384 et
1679 1318 1877 1408 petiit,
1928 1328 1995 1381 ut
2034 1319 2392 1384 instruerent

293 1422 438 1509 quid
480 1422 854 1497 Jucundum,
906 1434 965 1486 et
1007 1420 1068 1486 bi
1105 1422 1292 1508 gavisi
1334 1421 1411 1485 ab
1441 1421 1908 1507 interrogatione
1929 1420 2233 1494 dixerunt,
2288 1441 2390 1484 ve-

289 1545 426 1588 rum
472 1532 592 1598 est,
656 1524 815 1610 quod
854 1525 955 1610 qui
998 1524 1300 1609 cognoscit
1338 1522 1717 1597 Jucundum,
1780 1529 2099 1606 cognoscat
2143 1521 2285 1608 quid
2329 1530 2390 1585 et

292 1623 468 1711 quale
508 1635 595 1688 est
634 1623 885 1709 Caelum,
923 1634 980 1689 et
1021 1623 1358 1696 Infernum;
1414 1623 1734 1699 Voluntas,
1805 1644 1880 1685 ex
1923 1642 2041 1708 qua
2081 1621 2259 1687 bomo
2300 1632 2390 1687 est

288 1725 496 1803 homo,
544 1746 618 1788 ne
646 1726 881 1811 quidem
910 1726 1250 1810 punctulum
1278 1723 1486 1803 fertur,
1540 1725 1648 1789 nisi
1675 1747 1709 1787 a
1734 1723 2048 1798 Jucundo,
2100 1743 2237 1787 nam
2269 1723 2388 1787 Vo-

286 1818 487 1893 lun‘tas
524 1829 597 1888 in‘
621 1850 685 1891 se
723 1836 1015 1914 spectata,
1070 1849 1188 1890 non
1228 1835 1318 1890 est
1340 1826 1451 1889 nisi
1478 1847 1654 1911 quam
1683 1823 1915 1889 affectio
1944 1822 2194 1910 alicujus
2219 1845 2390 1888 amo-

287 1928 406 2002 ris,
457 1928 537 1990 ita
581 1929 852 2012 jucundi,
908 1939 994 1992 est
1042 1927 1199 1991 enim
1245 1925 1488 2011 aliquod
1541 1927 1750 2013 volupe
1794 1936 1854 1990 et
1897 1924 2040 1988 inde
2091 1926 2389 2012 placitum,

284 2029 453 2115 quod
479 2027 621 2091 facit
650 2027 832 2099 velle;
885 2037 944 2091 et
972 2029 1107 2115 quia
1135 2027 1428 2092 Voluntas
1457 2026 1578 2112 agit
1604 2025 1970 2091 Intellectum
2015 2027 2088 2089 ad
2122 2027 2389 2112 cogitan-

290 2130 467 2203 dum,
522 2150 644 2190 non
670 2128 844 2192 datur
883 2128 1187 2192 minimum
1222 2126 1624 2212 cogitationis,
1680 2128 1784 2191 nisi
1825 2128 1901 2190 ab
1946 2123 2131 2192 influo
2178 2126 2389 2191 volun-

294 2228 438 2291 tatis
491 2227 781 2313 jucundo;
834 2229 991 2314 quod
1021 2228 1228 2301 ita-sit,
1276 2236 1611 2302 est-causa,
1664 2228 1799 2313 quia
1827 2228 2118 2294 Dominus
2156 2249 2262 2317 per
2299 2227 2389 2293 in·
2463 2244 2468 2259 ’

295 2326 522 2391 fluxum
552 2349 585 2391 a
612 2349 675 2391 se
702 2338 902 2393 actuat
926 2330 1122 2393 omnia
1152 2328 1413 2403 animae,
1465 2338 1523 2393 et
1552 2330 1746 2394 omnia
1773 2330 1980 2395 mentis
2008 2331 2161 2419 apud
2189 2328 2388 2417 Ange-

296 2430 423 2500 los,
462 2429 731 2517 ·spiritus'
758 2440 816 2494 et
859 2429 1154 2506 homines,
1218 2438 1279 2493 et
1323 2438 1524 2495 actuat
1563 2452 1681 2518 per
1727 2429 2006 2496 influxum
2061 2431 2279 2498 amoris
2329 2442 2390 2495 et

296 2528 652 2615 sapientiae,
704 2541 764 2594 et
803 2531 898 2594 hic
937 2530 1185 2596 influxus
1230 2541 1321 2595 est
1344 2531 1468 2616 ipsa
1497 2532 1799 2606 activitas,
1853 2552 1926 2596 ex
1953 2551 2066 2619 qua
2095 2554 2272 2598 omne
2294 2534 2387 2619 ju·

290 2631 555 2695 cundum
584 2641 727 2706 ests
754 2634 911 2717 quod
951 2633 1010 2695 in
1047 2633 1276 2719 origine
1307 2653 1413 2698 sna
1443 2643 1693 2698 vocatur
1720 2632 1993 2710 beatum,
2045 2633 2298 2699 faustum
2327 2644 2388 2698 et

289 2731 461 2804 felix,
516 2743 577 2796 et
613 2734 675 2795 in
715 2732 1083 2798 derivatione
1118 2733 1474 2820 jucundum,
1527 2754 1874 2809 amaenum,
1928 2744 1988 2797 et
2025 2735 2275 2820 volupe,
2327 2744 2388 2797 et

288 2834 355 2895 in
374 2834 700 2898 universali
728 2856 901 2899 sensu
928 2835 1194 2899 Bonum:
1245 2835 1346 2900 sed
1372 2834 1625 2924 Spiritus
1652 2833 1872 2899 Inferni
1902 2836 2205 2904 invertunt
2232 2835 2389 2922 apud

288 2956 357 2998 se
385 2936 604 3010 omnia,
657 2938 738 3000 ita
765 2935 998 3010 Bonum
1025 2936 1090 2999 in
1115 2936 1361 3010 Malum,
1414 2945 1476 3004 et
1502 2937 1721 3002 Verum
1741 2938 1802 3000 in
1831 2936 2106 3012 Falsum,
2155 2955 2387 3022 perma-

289 3043 475 3098 nente
499 3037 716 3126 jugiter
739 3037 1052 3112 Jucumlo,
1102 3058 1238 3100 nam
1278 3038 1501 3123 absque
1535 3036 1938 3124 permanentia
1964 3038 2222 3102 Jucundi
2269 3056 2385 3104 nou

290 3135 451 3200 foret
487 3137 603 3201 illis
623 3139 944 3213 Voluntas,
993 3158 1105 3200 nec
1130 3137 1434 3214 Sensatio,
1487 3138 1567 3201 ita
1611 3159 1729 3201 non
1770 3137 1925 3208 vita;
1979 3160 2051 3202 ex
2089 3137 2178 3202 bis
2206 3146 2384 3224 patet,

289 3236 436 3322 quid
475 3246 535 3300 et
573 3238 778 3324 quale,
830 3248 889 3303 et
929 3240 1084 3302 unde
1121 3237 1463 3303 Jucundum
1495 3236 1748 3313 Inferni,
1799 3248 1924 3302 tum
1965 3240 2140 3325 quid,
2189 3237 2386 3322 quale,

289 3347 355 3401 et
385 3338 541 3401 unde
569 3338 908 3405 jucundum
939 3339 1100 3404 Caeli
1137 3349 1241 3404 est.
1298 3339 1416 3404 His
1434 3339 1666 3415 auditis,
1714 3339 1998 3406 deductus
2025 3349 2113 3403 est
2138 3339 2211 3401 ad
2239 3339 2389 3402 Ter-

291 3440 442 3506 tium
474 3438 756 3516 Caetum,
824 3441 923 3504 ubi
968 3449 1137 3505 erant
1177 3441 1278 3527 qui
1315 3440 1609 3505 rimantur
1648 3439 1933 3515 Effectus,
2001 3450 2060 3504 et
2095 3448 2391 3505 vocantur

288 3538 625 3617 Scientiae,
678 3542 820 3605 ethi
863 3542 1175 3618 dicebant,
1228 3542 1515 3606 descende
1542 3540 1599 3604 in
1627 3539 1877 3606 Terram
1907 3540 2277 3610 inferiorem,
2331 3551 2391 3607 et

290 3642 543 3705 ascende
587 3642 649 3704 in
674 3644 927 3707 Terram
964 3643 1359 3728 superiorem,
1412 3643 1471 3704 in
1514 3639 1607 3706 his
1645 3652 2024 3731 percepturus
2075 3651 2134 3704 et
2187 3663 2390 3707 sensu·

290 3761 503 3806 ruses‘
533 3742 945 3807 Jucunditates
982 3754 1040 3806 et
1069 3742 1229 3807 Caeli
1261 3752 1320 3806 et
1358 3740 1600 3804 Inferni.
1670 3740 1787 3805 Sed
1831 3762 1968 3805 ecce
2008 3751 2150 3805 tunc
2188 3742 2262 3806 ad
2302 3743 2391 3807 di·

290 3842 567 3906 stantiam
607 3844 684 3908 ab
715 3844 827 3908 illis
851 3844 1055 3908 hiabat
1082 3852 1241 3908 terra
1263 3891 1281 3918 ,
1334 3852 1395 3906 et
1421 3862 1526 3928 per
1567 3842 1791 3905 hiatum
1836 3843 2231 3907 ascendebant
2270 3855 2390 3909 tres

286 3943 561 4020 Diaboli,
614 3952 965 4032 apparentes
1004 3944 1168 4032 igniti
1206 3965 1278 4008 ex
1312 3943 1570 4028 jucundo
1597 3944 1815 4008 amoris
1841 3944 2112 4020 illorum,
2165 3952 2225 4006 et
2251 3945 2388 4030 quia

285 4039 503 4131 Angeli
543 4046 862 4122 consociati
904 4067 1037 4110 cum
1080 4046 1311 4110 novitio
1346 4044 1571 4131 Spiritu
1612 4044 2044 4133 percipiebant,
2106 4045 2263 4131 quod
2306 4043 2386 4107 illi

285 4145 440 4210 Tres
481 4167 556 4210 ex
582 4147 831 4213 Proviso
869 4168 942 4211 ex
971 4145 1213 4210 Inferno
1251 4144 1653 4220 ascenderint,
1707 4144 2047 4209 clamabant
2078 4144 2388 4207 addiabo-

283 4244 409 4323 los,
460 4267 538 4311 ne
564 4248 825 4314 accedite
849 4248 1122 4338 propius,
1174 4245 1276 4312 sed
1305 4267 1337 4309 e
1367 4244 1502 4309 loco
1529 4244 1629 4309 ubi
1659 4245 1830 4320 estis,
1885 4250 2126 4308 narr-ate
2167 4237 2387 4325 aliquid
