2750 4775
415 349 484 399 53
639 333 1098 389 UNIVERSA
1153 329 1687 385 THEOLOGM
1731 332 1799 385 N.
1843 330 1911 389 C.
1952 331 2062 383 ΕΤ
2101 331 2171 389 Ν.
2214 332 2278 388 Ε.

412 491 556 568 „sua
605 497 878 576 peccata,
947 505 1130 574 quare
1184 507 1310 554 non
1366 497 1608 574 possunt
1654 487 2022 561 enumerari,
2091 493 2228 550 suut
2268 508 2512 573 quoque

410 590 733 667 „interiora
778 599 838 652 et
883 588 1215 664 recondita,
1280 609 1466 675 quare
1506 586 1796 652 confessio
1833 586 1987 651 foret
2029 587 2210 662 falsa,
2262 589 2513 665 incerta,

412 712 661 770 „manca
688 701 746 754 et
775 689 1009 761 mutila;
1063 689 1162 777 qui
1182 700 1389 753 ‘autem
1434 685 1748 753 confitetur
1785 699 1978 751 totum
2013 710 2076 754 se
2114 710 2240 752 esse
2281 709 2512 754 merum

412 801 793 879 ,·,peecatum,
845 791 893 855 is
934 790 1380 879 comprehendit
1419 791 1618 854 omnia
1658 798 1930 875 peccata,
1979 791 2206 854 nullum
2238 789 2514 867 excludit,

412 904 510 969 „et
537 892 752 957 nullius
778 891 1163 956 obliviscitur.
1234 889 1312 955 At
1340 913 1526 977 usque
1561 891 1928 954 enumeratio
1959 900 2368 977 peccatorum,
2423 900 2517 955 ta-

412 996 620 1071 „metsi
666 1015 785 1057 non
827 994 1154 1062 necessaria
1188 1002 1316 1067 est,
1371 1011 1492 1057 nou
1527 992 1784 1056 tollenda
1828 1001 1946 1066 est,
1997 1001 2237 1080 propter
2278 1000 2517 1058 teneras

411 1106 511 1171 „et
540 1093 783 1182 pavidas
811 1093 1229 1169 conscientias,
1273 1092 1374 1157 sed
1403 1093 1551 1158 haec
1577 1103 1665 1157 est
1689 1093 1869 1156 modo
1898 1093 2135 1180 puerilis
2161 1103 2220 1156 et
2237 1109 2515 1158 commu·

411 1198 541 1273 „nis
570 1197 761 1261 forma
792 1195 1174 1260 confessionis
1196 1213 1308 1283 pro
1339 1193 1792 1281 simplicioribus
1816 1204 1878 1258 et
1899 1194 2295 1258 rudioribusf‘
2346 1194 2514 1258 Fon-

414 1318 593 1363 uuLA
612 1297 1024 1363 Conconmffi
1051 1315 1180 1383 pag.
1206 1300 1354 1359 327.
1382 1298 1527 1360 331.
1552 1298 1699 1360 380.
1741 1294 1858 1359 Sed
1880 1294 2035 1361 liaeo
2047 1294 2352 1359 Confessio
2376 1295 2512 1359 loco

410 1399 814 1465 Paenitentiae
855 1397 1102 1461 actualis
1140 1417 1174 1460 a
1222 1396 1617 1472 Reformatis‚
1674 1407 1980 1485 postquam
2024 1419 2088 1462 se
2129 1417 2163 1459 a
2205 1396 2515 1461 Romano-

410 1497 730 1565 Catholicis
764 1493 1218 1582 separaverant,
1278 1507 1584 1586 acceptata
1631 1507 1753 1573 est,
1820 1499 1957 1583 qnia
1999 1496 2280 1566 fundatur
2331 1517 2514 1584 super

411 1601 554 1665 Fide
601 1600 948 1687 imputativa
991 1599 1258 1672 illorum,
1313 1619 1465 1685 quae
1505 1599 1631 1663 sola
1673 1600 1897 1684 absque
1938 1598 2269 1674 Charitate,
2321 1608 2381 1660 et
2424 1597 2512 1662 sic

411 1719 646 1789 quoque
675 1703 898 1787 absque
928 1699 1321 1776 Paenitentia,
1372 1700 1774 1764 remissionem
1805 1709 2180 1784 peccatorum
2210 1707 2516 1786 operatur,

408 1813 470 1867 et
509 1803 807 1866 bominem
847 1808 1189 1886 regenerat3
1232 1810 1302 1863 et
1328 1822 1567 1887 quoque
1606 1823 1783 1888 super
1807 1801 1953 1877 hoc,
2007 1802 2164 1887 quod
2195 1798 2510 1864 illiusfidei

409 1903 698 1969 indivulsa
729 1902 1019 1989 appendix
1049 1909 1136 1965 est
1154 1949 1170 1976 ,
1223 1903 1386 1989 quod
1415 1902 1574 1966 nulla
1599 1902 1675 1966 sit
1702 1902 2059 1989 Cooperatio
2084 1902 2337 1967 hominis
2375 1922 2516 1965 cum

408 2005 638 2093 Spiritu
675 2011 882 2068 sancto
927 2003 985 2065 in
1017 2010 1150 2066 actu
1179 2002 1634 2089 justificationis;
1688 2013 1746 2066 et
1772 2024 1950 2091 super
1979 2002 2121 2075 hoc,
2176 2002 2334 2090 quod
2365 2001 2514 2070 nulli

410 2108 486 2171 sit
526 2105 806 2168 Liberum
855 2104 1161 2168 arbitrium
1208 2105 1269 2167 in
1312 2103 1745 2192 spiritualibus;
1800 2114 1859 2167 et
1895 2125 2073 2190 super
2109 2103 2236 2168 boc
2275 2105 2512 2179 iterum,

413 2206 573 2293 quod
618 2204 813 2268 omnia
853 2204 967 2269 sint
1004 2205 1380 2269 immediatae
1410 2204 1883 2281 Misericordiae,
1938 2214 1997 2268 et
2032 2227 2147 2269 non
2176 2204 2368 2268 hilum
2391 2225 2515 2268 me-

411 2307 608 2371 diatae
636 2306 714 2368 ab
739 2305 973 2369 bomine
1000 2316 1063 2369 'et
1092 2328 1196 2394 per
1222 2306 1401 2369 illum.
2035 2323 2040 2330 ²

562 2410 709 2469 517.
765 2408 937 2489 Quod
976 2408 1107 2473 sola·
1141 2407 1318 2472 oralis
1344 2402 1679 2481 Confessio,
1732 2405 1890 2493 quod
1919 2418 2197 2495 peccator
2221 2409 2326 2481 sit,
2359 2405 2509 2470 'non

411 2510 486 2573 sit
511 2506 898 2584 Paenitentia,
950 2509 1106 2573 inter
1133 2509 1324 2597 plures
1352 2528 1558 2572 causas
1582 2517 1669 2572 est
1694 2508 1874 2583 baec,
1921 2510 2078 2594 quod
2112 2509 2511 2595 unnsquisque

413 2610 591 2674 homo
631 2609 748 2674 boc
782 2611 1111 2675 exclamare
1141 2609 1350 2697 possit,
1402 2617 1462 2671 et
1489 2609 1698 2696 impius
1727 2619 1785 2673 et
1812 2631 2049 2696 quoque.
2076 2611 2394 2684 Diabolus,
2449 2619 2507 2673 et

413 2711 952 2775 boccum-externa
982 2708 1330 2780 devotione,
1385 2711 1624 2796 quando
1652 2711 1877 2795 cogitat
1912 2712 1983 2774 de
2014 2710 2372 2776 cruciatibus
2401 2709 2511 2772 im·

413 2814 767 2878 mittentibus
809 2822 868 2876 et
894 2811 1298 2899 praesentibus
1325 2809 1385 2872 in
1414 2811 1676 2879 inferum
1727 2811 1829 2875 sed
1858 2813 1989 2898 quis
2013 2834 2132 2877 non
2161 2813 2320 2876 videt
2348 2810 2508 2899 quod

413 2912 529 2978 hoc
565 2936 683 2979 non
724 2915 795 2980 sit
826 2936 896 2977 ex
925 2913 1121 2998 aliqua
1148 2910 1465 2976 devotione
1492 2912 1755 2987 interna,
1807 2913 2238 3000 proinde'quod
2265 2912 2338 2975 sit
2364 2913 2512 2977 ima·

409 3016 764 3102 ginativum,
819 3015 1061 3079 et‘inde
1101 3014 1532 3101 pulmonicum,
1584 3035 1704 3076 non
1745 3025 1942 3077 autem
1984 3013 2386 3079 voluntarium
2429 3013 2507 3077 ab

410 3117 713 3197 interiori,
767 3127 825 3179 et
864 3117 1000 3179 inde
1038 3137 1156 3182 non
1202 3115 1568 3191 cardiacum,
1625 3136 1759 3178 nam
1794 3115 2008 3200 impius
2032 3125 2091 3178 et
2117 3114 2389 3179 diabolus
2414 3135 2511 3179 us-

412 3219 527 3309 que
575 3217 988 3283 intusardent
1033 3217 1519 3304 concupiscentiis
1563 3210 1781 3281 amoris
1824 3214 2082 3280 faciendi
2128 3216 2383 3290 malum,
2436 3236 2510 3278 ex

412 3321 625 3407 quibus
665 3319 939 3384 feruntur
978 3319 1128 3382 sicut
1162 3318 1359 3381 molae
1396 3317 1664 3400 procellis
1690 3329 1889 3394 actae,
1944 3314 2289 3404 quare‘talis
2316 3315 2512 3380 excla-

411 3421 593 3486 matio
619 3443 741 3484 non
768 3419 926 3484 aliud
955 3429 1071 3493 est,
1125 3418 1301 3505 quam
1331 3415 1690 3480 machinatio
1705 3416 1780 3481 *ut
1804 3418 1970 3482 fallat
2000 3419 2226 3493 Deum,
2277 3425 2381 3480 aut
2409 3418 2513 3482 de-

413 3521 588 3608 cipiat
624 3521 940 3608 simplices,
997 3528 1237 3604 propter
1276 3516 1718 3609 liberationem:
1772 3519 1911 3607 quid
1949 3520 2101 3583 enim
2133 3517 2361 3583 facilius
2399 3520 2510 3594 est,

412 3641 587 3708 quam
629 3616 867 3709 adigere
906 3620 1074 3684 labra
1100 3619 1188 3696 ‚ad
1221 3615 1692 3696 vociferantium,
1748 3629 1806 3684 et
1832 3618 2283 3684 accommodare
2313 3619 2368 3683 ei
2387 3618 2513 3707 spi-⁴

411 3723 587 3786 ritum
627 3720 778 3799 oris,
829 3741 898 3783 ac
939 3719 1146 3783 tollere
1197 3718 1434 3794 oculos,
1485 3729 1543 3782 et
1585 3719 1784 3786 levare
1828 3742 2036 3784 manus
2075 3741 2337 3793 sursum;
2392 3718 2511 3783 boc

408 3822 559 3888 idem
590 3830 708 3897 est,
750 3821 906 3908 quod
938 3819 1229 3886 Dominus
1256 3818 1416 3894 dicit,
1470 3819 1624 3909 apud
1652 3822 1920 3887 Marcum
1939 3869 1955 3897 ,
2007 3819 2227 3897 „Recte
2245 3818 2509 3912 prophe,-

412 3926 556 3989 tavit
582 3922 819 4012 Esajas
844 3920 920 3988 de
945 3921 1126 3989 vobis
1165 3919 1515 4014 ἢχροονίιίε,
1560 3919 1656 3989 hic
1675 3922 1945 4013 populus
1973 3919 2154 3988 labiis
2178 3921 2290 3986 Me
2316 3918 2508 3986 hono-

410 4038 524 4100 rat,
568 4046 853 4091 corvem
878 4047 1082 4092 eorum
1104 4021 1335 4116 procul
1354 4022 1523 4088 abest
1537 4032 1597 4098 ,“
1649 4021 1795 4086 vll:
1830 4029 1887 4086 6.
1942 4032 2001 4086 et
2028 4021 2183 4110 apud
2212 4020 2511 4086 Matthae-

411 4148 511 4191 um
567 4128 686 4204 „V
683 4150 756 4193 ae
780 4127 962 4194 vobis
986 4124 1230 4194 Scribae
1254 4138 1313 4191 et
1339 4121 1696 4198 Pharisaei,
1735 4127 1892 4215 quia
1923 4126 2204 4216 purgatis
2239 4123 2511 4189 exterius

404 4228 617 4321 poculi
636 4242 699 4296 et.
710 4231 989 4325 patinae,
1043 4231 1331 4301 interiora
1358 4247 1508 4290 vero
1544 4235 1685 4289 sunt
1705 4222 1895 4316 plena
1935 4224 2154 4318 rapina
2195 4238 2254 4289 et
2298 4227 2513 4311 intem-
