2750 4775
320 395 1083 452 ADDITAMENTUM.
1130 420 1194 434 -—
1240 394 1676 450 AFRICANI
1730 395 1818 452 [N
1860 395 1938 448 Μ.
1981 389 2097 449 SP.
2195 406 2301 457 357

201 551 412 617 Monte
452 550 510 612 iu
552 570 793 637 campo,
846 558 949 612 aut
979 570 1156 636 super
1183 548 1363 613 Turri
1397 549 1455 611 in
1485 549 1665 625 urbe,
1718 558 1819 613 aut
1850 571 2025 642 super
2049 549 2303 638 Specula

199 655 256 714 in
291 650 473 726 mari;
527 659 587 714 at
617 650 859 714 Externi
900 647 1169 714 homines
1205 659 1344 714 sunt
1382 651 1530 713 sicut
1567 650 1666 737 qui
1705 660 1861 714 stant
1901 651 1961 713 in
2003 651 2152 716 valle
2188 652 2301 717 sub

202 762 440 829 monte,
494 761 595 816 aut
638 752 696 814 in
745 759 951 841 crypta
993 751 1103 815 sub
1146 750 1324 825 turri,
1388 758 1493 814 aut
1535 751 1594 813 in
1638 753 1850 840 cymba
1894 750 2002 816 sub
2044 751 2303 837 specula,

200 855 455 941 quinon
487 852 688 918 vident
726 853 835 916 nisi
865 873 1041 939 quam
1071 852 1368 939 proxima:
1425 861 1487 915 et
1513 872 1713 937 porro,
1766 851 1990 915 Interni
2034 849 2303 917 homines

199 964 340 1021 sunt
366 954 515 1018 sicut
545 955 646 1039 qui
673 951 944 1018 habitant
983 954 1042 1015 in
1084 952 1342 1018 secunda
1385 962 1487 1017 aut
1529 953 1701 1017 tertia
1745 954 2047 1017 mansione
2074 951 2305 1019 Domus

195 1080 306 1123 seu
335 1053 578 1131 Palatii,
628 1054 792 1139 cujus
832 1054 1086 1142 parietes
1123 1062 1259 1118 sunt
1299 1053 1667 1117 continentes
1696 1053 1987 1120 fenestrae
2028 1075 2097 1117 ex
2139 1053 2306 1119 vitris

198 1156 590 1248 crystallinis,
644 1156 829 1241 quiin
860 1154 1026 1219 Urbe
1068 1155 1426 1241 perspiciunt
1468 1154 1683 1218 circum
1729 1156 1886 1219 circa
1928 1157 1986 1217 in
2030 1154 2304 1243 amplitu-

199 1261 372 1333 dine,
429 1267 489 1321 et
518 1265 882 1343 cognoscunt
909 1255 1180 1342 quamvis
1209 1254 1536 1319 aediculam
1578 1256 1688 1329 ibi,
1743 1265 1804 1322 at
1844 1255 2086 1319 Externi
2112 1255 2305 1320 homi·

198 1382 311 1425 nes
336 1365 473 1422 sunt
500 1359 650 1422 sicut
678 1357 777 1443 qui
808 1358 863 1420 in
892 1354 1089 1421 infima
1122 1356 1430 1421 mansione
1456 1356 1756 1432 habitant,
1809 1357 1975 1441 cujus
2013 1355 2305 1422 fenestrae

196 1469 340 1527 sunt
369 1481 441 1524 ex
469 1459 710 1549 papyris
739 1458 1183 1544 conglutinatis,
1235 1458 1332 1543 qui
1375 1480 1448 1522 ne
1489 1457 1725 1546 quidem
1764 1459 2020 1545 aliquam
2051 1456 2306 1545 plateam

195 1571 367 1628 extra
400 1561 639 1624 domum
686 1559 918 1635 vident,
968 1559 1071 1626 sed
1109 1557 1296 1623 solutu
1333 1558 1432 1623 illa
1474 1580 1626 1646 quae
1669 1560 1819 1623 intra
1863 1560 2101 1624 domum
2146 1568 2304 1636 sunt,

195 1674 259 1727 et
300 1661 449 1725 haec
491 1682 611 1725 non
653 1660 761 1724 nisi
801 1682 977 1747 quam
1021 1681 1090 1724 ex
1120 1660 1365 1725 candela
1405 1667 1506 1723 aut
1550 1659 1714 1724 foco:
1772 1659 1991 1725 Interni
2033 1658 2305 1728 homines

196 1764 380 1833 etiam
408 1771 544 1828 sunt
566 1763 717 1827 sicut
743 1761 996 1848 Aquilae
1025 1761 1082 1823 in
1112 1762 1264 1835 alto,
1319 1772 1378 1825 et
1421 1761 1619 1824 vident
1652 1761 1769 1825 late
1812 1763 2013 1826 omnia
2056 1761 2166 1828 sub
2206 1783 2302 1837 se;

196 1878 257 1930 et
290 1864 543 1929 vicissim
571 1863 815 1927 Externi
845 1863 1109 1927 homines
1136 1870 1273 1927 sunt
1298 1864 1446 1926 sicut
1476 1860 1667 1936 Galli,
1721 1863 1821 1948 qui
1862 1885 2038 1953 super
2062 1862 2304 1952 stapede

198 1968 322 2031 alta
363 1986 512 2031 voce
550 1986 752 2028 coram
796 1963 1058 2050 gallinis,
1110 1985 1265 2048 quae
1306 1964 1465 2028 humi
1506 1962 1888 2049 gradiuntur,
1942 1972 2190 2029 canunt:
2244 1975 2307 2031 et

200 2072 447 2154 insuper
474 2065 696 2130 luterni
724 2064 993 2131 homines
1022 2064 1345 2153 percipiunt
1372 2065 1531 2150 quod
1558 2063 1655 2127 illa
1685 2086 1836 2150 quae
1865 2067 2056 2131 sciunt
2090 2064 2306 2156 adina

198 2173 356 2256 quae
386 2187 506 2230 non
530 2168 755 2242 sciunt,
806 2165 922 2230 sint
966 2166 1144 2230 modo
1186 2166 1335 2232 sicut
1376 2187 1565 2251 aquae
1607 2166 1666 2228 in
1710 2185 1855 2230 urna
1899 2168 1970 2233 ad
2010 2188 2197 2253 aquas
2239 2168 2302 2233 in

196 2270 367 2339 lacus
421 2277 481 2334 at
522 2268 766 2332 Externi
808 2267 1073 2332 homines
1122 2288 1239 2329 non
1288 2266 1460 2330 aliter
1509 2266 1866 2354 percipiunt,
1920 2289 2099 2356 quam
2139 2269 2300 2356 quod

196 2372 390 2436 sciant
423 2369 636 2433 omnia.
713 2368 805 2433 Ex
832 2367 921 2434 his
947 2368 1117 2433 dictis
1156 2368 1356 2434 laetati
1397 2377 1534 2432 sunt
1563 2365 1860 2447 Africani,
1911 2372 2049 2459 quia
2093 2390 2165 2434 ex
2208 2372 2299 2436 in-

202 2470 414 2535 teriori
443 2469 603 2542 visu,
655 2491 772 2555 quo
800 2469 1192 2556 praepollent,
1246 2479 1621 2556 agnoverunt
1648 2471 1805 2556 quod
1835 2472 1914 2536 ita
1954 2474 2041 2539 sit.

367 2573 517 2632 840.
573 2567 865 2647 Quoniam
893 2568 1159 2636 Africani
1186 2570 1332 2636 tales
1356 2581 1528 2647 sunt,
1580 2571 1713 2634 ideo
1752 2574 1907 2661 apud
1952 2576 2081 2640 illos
2123 2570 2300 2640 hodie

203 2671 275 2736 fit
306 2669 647 2744 Revelatio,
697 2691 847 2756 quae
887 2673 1119 2761 incepta
1164 2674 1325 2738 vadit
1360 2696 1394 2737 e
1424 2672 1695 2761 Regione
1731 2696 1837 2739 sua
1884 2675 2101 2741 circum
2125 2723 2143 2751 ,
2195 2678 2299 2741 sed

197 2794 323 2838 non
354 2791 536 2859 usque
565 2770 637 2835 ad
665 2771 886 2843 Maria;
939 2783 1223 2861 spernunt
1263 2768 1546 2841 ‘Advenas
1586 2794 1656 2837 ex
1704 2774 1978 2862 Europa,
2028 2778 2130 2862 qui
2171 2796 2301 2840 cre-

185 2876 348 2940 dunt
378 2872 669 2938 hominem
698 2874 916 2938 salvari
946 2896 1050 2959 per
1075 2874 1261 2939 solam
1288 2874 1494 2951 fidem,
1545 2884 1603 2939 et
1640 2875 1724 2939 sic
1763 2896 1867 2961 per
1908 2877 2099 2940 solum
2139 2876 2302 2962 cogi-

197 2986 333 3041 tare
351 3022 367 3051 ‚
421 2984 478 3039 et
508 2975 699 3060 loqui,
752 2984 811 3038 et
840 2996 959 3038 non
987 2975 1161 3039 simul
1190 2997 1293 3065 per
1321 2976 1470 3041 velle
1498 2986 1555 3041 et
1586 2975 1813 3047 facere;
1856 2975 2114 3040 dicentes
2138 2975 2301 3061 quod

198 3077 400 3141 nullus
438 3076 614 3140 hoino
651 3076 758 3150 sit,
812 3076 903 3140 cui
948 3076 1157 3164 aliquis
1186 3075 1420 3150 Cultus,
1487 3076 1588 3163 qui
1630 3099 1750 3140 non
1795 3075 1938 3141 vivit
1975 3075 2300 3141 secundum

193 3177 571 3263 Religionem
604 3198 805 3252 suam,
856 3186 914 3240 et
941 3176 987 3240 si
1019 3199 1171 3253 non,
1223 3179 1382 3264 quod
1412 3199 1528 3240 non
1567 3177 1742 3263 possit
1771 3176 1943 3240 aliter
1969 3198 2144 3264 quam
2172 3174 2301 3243 fieri

188 3278 463 3367 stupidus
494 3289 550 3341 et
577 3276 795 3352 malus,
846 3279 982 3363 quia
1024 3288 1164 3342 tunc
1205 3300 1327 3342 non
1363 3278 1570 3366 recipit
1596 3277 1819 3364 aliquid·
1849 3300 1881 3340 e
1909 3276 2121 3351 Caelo;
2175 3299 2300 3345 ma-

187 3380 384 3444 litiam
415 3378 777 3465 ingeniosam
812 3388 1024 3442 vocant
1054 3379 1228 3442 etiam
1256 3377 1688 3464 stupiditatem,
1739 3379 1875 3464 quia
1901 3399 2019 3444 non
2049 3379 2166 3445 vita
2192 3380 2300 3446 sed

191 3500 359 3544 mors
386 3490 473 3543 est
502 3480 559 3542 in
589 3479 704 3543 illa.
786 3479 1094 3566 Loquutus
1121 3498 1251 3544 sum
1283 3478 1592 3566 aliquoties
1621 3501 1755 3543 cum
1785 3479 2147 3567 Augustino,
2200 3484 2302 3570 qui

188 3583 255 3646 in
294 3570 479 3645 tertio*
497 3579 749 3645 Saeculo
795 3581 992 3646 fuerat
1016 3580 1339 3667 Episcopus
1363 3580 1425 3641 in
1457 3579 1733 3668 Hippone
1772 3581 1828 3643 in
1857 3581 2092 3660 Africa,
2156 3585 2304 3650 dixit

190 3682 357 3771 quod
402 3680 577 3745 hodie
621 3678 702 3744 itii
743 3682 847 3755 sit,
902 3703 972 3745 ac
1012 3680 1252 3769 inspiret
1296 3681 1411 3747 illis
1450 3681 1668 3744 cultum
1712 3684 1983 3761 Domini,
2036 3695 2093 3750 et
2136 3685 2300 3772 quod

185 3805 326 3872 spes
354 3783 795 3870 propagationis
823 3782 993 3867 hujus
1021 3782 1179 3847 Novi
1220 3781 1528 3869 Evangelii
1570 3783 1629 3845 iu
1664 3785 2150 3872 circumjacentes
2176 3786 2299 3853 Re-

183 3885 399 3972 giones
426 3883 505 3946 ibi
533 3884 624 3947 sit.
697 3882 919 3949 Audivi
961 3882 1325 3969 Angelorum
1357 3883 1635 3972 gaudium
1685 3907 1862 3974 super
1899 3887 1995 3950 illa
2040 3887 2300 3959 Revela-

184 3987 385 4058 tione,
440 3983 598 4070 quod
644 4006 750 4070 per
792 4006 922 4049 eam
951 3985 1253 4070 aperiatur
1277 3985 1390 4050 illis
1421 3985 1876 4052 communicatio
1917 4009 2047 4051 cum
2090 3986 2298 4052 Ratio-

184 4085 311 4150 nali
365 4082 661 4161 humano,
729 4085 1018 4151 hactenus
1067 4106 1169 4173 per
1223 4083 1573 4153 Universale
1625 4086 2073 4173 Dogmaticum‚
2139 4088 2298 4177 quod

177 4186 533 4253 Intellectus
570 4187 679 4251 sub
717 4186 1052 4252 obedientia
1083 4185 1216 4255 fidei
1262 4183 1847 4264 Ecclesiasticorum‚
1899 4188 2149 4253 occluso.

1815 4287 1875 4348 Y
