2750 4775
462 387 601 445 ,108
717 371 1175 431 UNIVERSA
1229 373 1768 427 THEOLOGIA
1807 373 1877 426 N.
1920 371 1989 430 C.
2029 369 2138 424 ET
2175 372 2248 429 N.
2289 372 2353 427 E.

493 551 614 597 nou
654 550 726 592 ex
761 528 889 611 ejus
921 550 1025 592 ore
1065 528 1166 593 sed
1208 551 1280 593 ex
1307 530 1436 614 ejus
1459 526 1673 603 corde,
1724 524 1839 590 hoc
1859 535 1988 602 est,
2041 548 2160 591 non
2186 546 2260 592 ex
2295 545 2560 600 sermone,

493 631 596 696 sed
624 653 695 693 ex
722 629 923 701 factis;
979 652 1113 694 nam
1158 630 1298 694 dicit
1346 630 1637 696 Dominus
1697 628 1955 705 „Cavete
1989 630 2192 696 vvobis
2243 651 2285 692 a
2326 624 2564 721 pseudo·

490 729 836 826 prophetis,
899 735 1004 823 qui
1043 737 1294 797 veniunt
1329 729 1420 796 ad
1459 754 1580 796 vos
1615 729 2072 796 inindumentis
2098 734 2332 805 ouium,
2382 730 2565 793 intrin-

494 854 668 899 secus
703 845 901 897 autem
937 846 1079 897 sunt
1113 831 1246 926 lupi
1270 854 1554 925 rapaces-3
1606 853 1640 896 e
1666 826 1986 919 fiuctibus
2023 856 2226 898 eorum
2256 832 2567 920 cognoscite

492 943 670 1010 eos-,⁶⁸
731 930 949 1000 Matth.
989 933 1137 1000 vll:
1183 936 1281 1001 15.
1333 937 1433 997 16.

499 1159 688 1245 Quod
727 1161 1012 1225 Internus
1050 1156 1228 1225 homo
1259 1161 1519 1251 primum
1560 1154 1987 1245 reformandus
2028 1162 2142 1235 sit,
2193 1172 2250 1223 et
2295 1181 2410 1252 per
2438 1150 2572 1221 hunc

820 1255 1136 1326 Externus
1153 1309 1168 1336 ,
1192 1306 1201 1311 ,
1221 1275 1279 1325 et
1316 1259 1485 1353 quod
1532 1256 1709 1324 homo
1747 1264 1836 1324 sic
1873 1273 2264 1351 regeneretur.

651 1441 802 1505 591.
870 1438 1047 1518 Quod
1095 1437 1367 1501 Interuus
1411 1435 1596 1501 homo
1650 1436 1899 1524 primum
1947 1437 2391 1522 regenerandus
2426 1435 2493 1499 sit
2526 1440 2574 1495 et

499 1559 609 1625 per
630 1537 794 1602 illum
824 1539 1135 1611 Externus,
1189 1540 1249 1601 in
1277 1538 1541 1605 Ecclesia
1571 1536 1746 1602 bodie
1775 1540 2166 1602 communiter
2203 1540 2445 1611 dicitur,
2490 1530 2573 1599 sed

502 1661 608 1728 per
623 1638 939 1704 «Internum
970 1638 1269 1702 hominem
1298 1661 1419 1706 non
1448 1639 1605 1704 aliud
1636 1639 1961 1724 cogitatur,
2012 1661 2188 1724 quam
2222 1639 2396 1714 fides,
2446 1653 2573 1722 quae

498 1750 620 1817 est,
673 1751 737 1804 ut
767 1741 930 1806 Deus
975 1741 1156 1805 Pater
1194 1740 1442 1829 imputet
1481 1742 1753 1805 meritum
1793 1751 1852 1804 et
1890 1740 2171 1825 justitiam
2201 1742 2337 1807 Filii
2374 1740 2486 1812 sui,
2529 1743 2576 1797 et

501 1841 696 1905 mittat
723 1841 1006 1930 Spiritum
1035 1851 1359 1912 sanctumr
1387 1840 1541 1906 hanc
1568 1840 1737 1905 fidem
1765 1842 2013 1906 credunt
2052 1841 2255 1909 facere
2297 1842 2575 1906 Internum

499 1942 822 2017 hominem,
875 1951 933 2006 et
961 1963 1030 2017 ex
1062 1942 1160 2006 illo
1191 1940 1486 2027 profluere
1513 1941 1865 2018 Externum,
1922 1944 2020 2029 qui
2048 1954 2134 2007 est
2165 1945 2407 2008 moralis
2431 1947 2578 2004 natu·

498 2042 638 2108 ralis
675 2042 887 2118 homo,
940 2051 999 2104 et
1036 2043 1194 2128 quod
1235 2042 1330 2108 hic
1369 2045 1444 2109 sit
1484 2045 1771 2133 appendix
1805 2046 1961 2132 ejus,
2009 2046 2417 2132 comparative
2451 2034 2576 2105 sicut

499 2143 690 2208 cauda
729 2143 863 2231 equi
896 2153 998 2206 aut
1036 2142 1242 2220 bovis,
1293 2155 1396 2208 aut
1421 2145 1571 2209 sicut
1600 2145 1785 2208 cauda
1818 2146 2065 2232 pavonis
2091 2147 2186 2210 vel
2215 2148 2352 2210 avis
2374 2138 2578 2233 paradi-

498 2245 728 2320 siacae,
783 2265 950 2330 quae¹
977 2245 1356 2311 continuatur
1396 2245 1547 2310 volis
1578 2247 1734 2331 ejus,
1789 2255 2025 2332 praeter
2066 2245 2224 2333 quod
2269 2247 2576 2313 cohaereat,

498 2367 636 2410 nam
670 2344 915 2422 dicitur,
970 2348 1140 2433 quod·
1163 2345 1420 2411 charitas
1449 2357 1734 2434 sequatur
1763 2345 1935 2411 fidem
1966 2346 2159 2423 illam,
2210 2348 2316 2413 sed
2343 2349 2390 2413 si
2416 2341 2579 2409 chari-

496 2456 592 2510 tas
619 2466 691 2508 ex
719 2447 1022 2512 voluntate
1055 2447 1307 2512 hominis
1335 2449 1548 2524 intrat,
1604 2448 1745 2513 fides
1773 2450 1869 2512 illa
1900 2459 2119 2537 pereat.
2175 2451 2441 2514 Verbum
2468 2441 2579 2533 quia

503 2569 637 2611 nou.
655 2548 804 2612 alius
833 2548 1112 2613 luternus
1149 2549 1329 2614 homo
1370 2551 1429 2612 in
1459 2548 1720 2614 Ecclesia
1747 2549 1921 2613 hodie
1949 2552 2321 2634 agnoscitur,
2374 2570 2485 2614 non
2512 2549 2579 2606 est

504 2647 718 2735 aliquis
748 2648 1024 2715 Internus
1050 2650 1249 2724 homo,
1303 2671 1441 2713 nam
1470 2672 1644 2716 nemo
1672 2650 1800 2726 scit,
1842 2672 1980 2714 num
2010 2650 2155 2715 fides
2180 2651 2280 2715 illa
2312 2654 2364 2715 ei
2393 2651 2579 2738 donata

500 2750 606 2824 sit;
662 2752 818 2837 quod
864 2754 1042 2817 etiam
1093 2772 1212 2815 non
1271 2751 1480 2816 dabilis
1523 2752 1631 2828 sit,
1689 2762 1747 2814 et
1792 2752 1927 2816 inde
1980 2753 2364 2838 imaginaria,
2428 2763 2578 2835 supra

502 2862 806 2918 ostensum
835 2862 961 2918 estz·
1003 2853 1138 2916 inde
1163 2853 1460 2938 sequitur,
1513 2852 1672 2939 quod
1718 2852 1892 2916 hodie
1931 2854 2086 2943 apud
2114 2853 2279 2931 illos,
2335 2854 2432 2940 qui
2455 2870 2511 2916 se
2532 2846 2579 2909 in

503 2951 618 3018 fide
655 2953 753 3020 illa
803 2953 1336 3027 confirmaverunt,
1389 2975 1506 3018 non
1549 2954 1622 3018 sit
1662 2954 1810 3018 alius
1850 2954 2121 3019 luternus
2160 2953 2373 3032 homo,
2424 2964 2576 3041 quam

499 3056 786 3121 naturalis
828 3056 956 3131 ille,
1009 3057 1107 3141 qui
1136 3076 1169 3119 a
1201 3055 1515 3119 nativitate
1551 3063 1737 3117 scatet
1765 3057 1933 3119 malis
1963 3057 2020 3120 in
2062 3058 2448 3143 omni-copim
2497 3068 2575 3114 ac·

499 3156 685 3234 cedit,
738 3157 894 3245 quod
919 3156 1293 3243 regeneratio
1320 3146 1381 3220 et
1413 3155 1803 3221 sanctificatio
1831 3167 2114 3243 sequatur
2141 3156 2315 3221 fidem
2343 3158 2495 3222 illam
2519 3166 2575 3212 ex

498 3280 590 3334 se,
644 3267 701 3322 et
741 3259 899 3344 quod
939 3258 1279 3344 cooperatio
1317 3256 1603 3333 hominis,
1655 3279 1761 3345 per
1789 3280 1965 3344 quam
1994 3257 2259 3324 unicetit
2288 3269 2576 3344 regenera-

501 3353 629 3436 tio‚'
669 3358 1029 3424 excludenda
1057 3358 1162 3431 sit;
1213 3358 1349 3422 inde
1380 3368 1498 3434 est,
1553 3358 1712 3445 quod
1744 3360 2143 3444 Regeneratio
2181 3381 2298 3424 non
2327 3360 2400 3424 sit
2426 3350 2576 3421 scibi-

500 3460 569 3525 lis
608 3461 666 3524 in
693 3459 955 3525 Ecclesia
991 3460 1307 3534 hodierna,
1359 3480 1491 3522 cum
1529 3467 1726 3522 tamen
1758 3458 2050 3526 Dominus
2077 3461 2250 3536 dicit,
2303 3458 2460 3548 quod
2494 3446 2577 3540 qui

500 3583 623 3626 non
644 3570 1068 3645 regeneratur,
1121 3582 1241 3624 non
1270 3559 1678 3646 videre-possit
1706 3577 1952 3646 regnum
1982 3562 2109 3625 Dei.

628 3651 802 3726 ⁴592.
857 3660 973 3725 Sed
1003 3660 1275 3723 luternus
1297 3669 1360 3735 ‚et
1392 3658 1684 3728 Externus
1709 3660 1888 3726 homo
1917 3684 2109 3728 novae
2138 3662 2438 3728 Ecclesiae
2462 3658 2576 3721 sunl

492 3763 740 3852 *prorsus
768 3761 895 3835 alii;
951 3760 1224 3825 Internus
1252 3759 1434 3822 homo
1473 3768 1561 3824 est
1587 3762 1725 3849 ejus
1751 3762 2118 3838 Voluntatis,
2173 3786 2242 3827 ex
2284 3784 2399 3849 qua
2439 3752 2576 3840 cogi·

500 3862 747 3939 tat,dum
790 3863 913 3927 sibi·
941 3861 1177 3926 relictus
1204 3870 1322 3938 est,
1375 3861 1625 3948 quodlit
1656 3863 1812 3928 domi
1824 3878 1846 3937 ’ς
1903 3874 1964 3928 at
1993 3864 2284 3929 Externus
2310 3864 2481 3927 homo
2506 3860 2577 3918 est

499 3964 628 4052 ejus
667 3964 821 4028 actio
848 3973 922 4028 et
950 3963 1224 4051 loquela,
1292 3983 1445 4051 quae
1486 3965 1564 4029 ab
1602 3966 1701 4029 illo
1741 3963 1890 4031 fiunt
1930 3966 1988 4029 in
2029 3966 2250 4042 Gaetu,
2304 3966 2386 4030 ita
2426 3957 2571 4027 sorim

502 4064 751 4154 proinde
793 4063 1066 4132 Internus
1106 4065 1284 4131 homo
1325 4075 1412 4131 est
1454 4063 1745 4142 charitas5
1797 4069 1933 4156 quia
1962 4066 2113 4133 haec
2153 4076 2238 4132 est
2267 4058 2576 4132 voluntat-is,

499 4176 562 4260 et
589 4166 766 4234 simul
792 4166 934 4234 fides
960 4189 1111 4256 quae
1139 4178 1224 4233 est
1254 4168 1661 4255 cogitationis:
1715 4177 1963 4255 uterque
1999 4169 2095 4234 ille
2128 4178 2265 4234 ante
2292 4178 2575 4257 regeneri?

500 4268 719 4338 tionem
762 4268 904 4335 facit
943 4271 1274 4336 naturalem
1313 4265 1648 4344 hominem,
1704 4267 1929 4355 quiasic
1957 4278 2045 4335 est
2082 4269 2389 4338 divisusin
2415 4270 2571 4333 inter-
