2750 4775
907 345 1002 399 xl.
1084 345 1615 399 IMPUTATNJ.
2198 356 2303 423 ug,

243 507 474 569 aeterno
514 496 757 571 fuerint,
813 498 1089 586 apprimis
1133 507 1404 562 constare
1449 509 1636 587 potest
1676 520 1711 562 a
1737 499 1965 564 duobus
1992 497 2310 590 symbolis,

237 599 555 669 Nicaenum
585 609 642 662 et
668 597 1152 675 Athanasianum,
1183 598 1379 670 dictis;
1432 601 1491 662 in
1519 594 1787 664 Nicaeno
1826 599 2037 687 legitur
2075 600 2307 674 „Credo
2403 608 2406 611 ’

239 705 296 764 in
336 726 518 765 unum
559 699 749 765 Deum
787 700 1031 765 Patrem
1049 746 1064 774 ,
1118 699 1586 792 omnipotentem
1607 749 1622 774 ,
1688 701 1998 765 Factorem
2049 701 2216 766 Caeli
2250 715 2308 767 et

237 816 457 873 terrae:
504 814 561 865 et
587 805 648 865 in
676 826 857 875 unum
887 800 1245 876 Dominum,
1296 800 1506 865 Jesum
1551 800 1876 876 Christum,
1932 799 2152 865 Filium
2192 803 2310 868 Dei

235 908 593 995 unigenitum
633 927 674 966 a
718 902 937 976 Patre,
1000 915 1205 979 natum
1245 915 1404 971 ante,
1432 905 1634 967 omnia
1676 900 1951 977 saecula,
2003 901 2195 966 Deum
2233 903 2309 967 de

233 1004 394 1082 Deo,
449 1001 1012 1069 consubstantialem
1060 1003 1265 1080 Patri,
1335 1006 1441 1095 qui
1481 1003 1786 1068 descendit
1822 1002 1900 1068 de
1955 1000 2189 1078 Caelis,
2253 1017 2309 1068 et

226 1109 580 1177 incarnatus
607 1118 696 1169 est
723 1103 799 1169 de
822 1100 1047 1195 Spiritu
1072 1118 1282 1168 sancto
1308 1127 1390 1168 ex
1417 1103 1624 1168 Maria
1657 1104 1728 1170 V
1728 1106 1946 1193 irgine,·
1997 1117 2053 1168 et
2087 1108 2150 1167 in
2173 1101 2308 1197 Spi-

232 1212 405 1274 ritum
456 1205 770 1281 Sanctum,
835 1206 1154 1271 Dominum
1205 1220 1261 1270 et
1317 1204 1777 1295 Viuficantem,
1852 1208 1957 1296 qui
1996 1227 2079 1269 ex
2119 1206 2309 1272 Patre

229 1308 507 1400 Filioque
540 1306 842 1399 procedit,
892 1310 999 1398 qui
1023 1329 1152 1370 cum
1185 1306 1378 1372 Patre
1404 1303 1683 1398 Filioque
1710 1303 1894 1370 simul
1923 1305 2216 1371 adoratur
2252 1323 2310 1374 et

226 1409 668 1500 glorficatur.“
748 1407 812 1471 In
839 1406 1125 1496 Symbolo
1153 1404 1556 1472 Athanasiano
1585 1417 1720 1472 sunt
1746 1406 1893 1470 haec
1931 1405 2156 1481 „Fides
2195 1407 2310 1473 Ca-

231 1511 455 1576 tholica
479 1523 569 1575 est
595 1508 769 1584 haec,
823 1523 886 1573 ut
924 1533 1104 1574 unum
1146 1507 1336 1573 Deum
1384 1511 1445 1571 in
1491 1510 1812 1581 Transsate,
1861 1521 1919 1572 et
1963 1508 2311 1573 Trinitatem
2345 1506 2350 1507 ⁷

232 1616 293 1676 in
325 1612 574 1678 Unitate
598 1633 974 1684 veneremur,
1029 1632 1215 1701 neque
1256 1606 1693 1698 confundentes
1733 1610 2072 1685 Personas,
2124 1631 2313 1702 neque

227 1711 635 1780 Substantiam
675 1725 1037 1804 separantes,
1119 1708 1243 1776 Sed
1277 1713 1421 1803 quia
1461 1709 1809 1800 singulatim
1836 1730 2313 1804 unamquamque

229 1815 564 1881 Personam
616 1812 807 1879 Deum
860 1826 915 1876 et
958 1813 1278 1877 Dominum
1330 1810 1613 1903 confiteri
1661 1810 2006 1876 Christiana
2057 1814 2313 1878 veritate

228 1914 665 2007 compellimur,
720 1917 804 1977 ita
831 1927 948 1978 tres
973 1913 1140 1978 Deos
1163 1925 1269 1976 aut
1299 1926 1418 1978 tres
1445 1912 1738 1978 Dominos
1765 1912 1959 1981 dicere
1996 1909 2311 1979 Catholica

227 2014 544 2108 Religione
580 2013 999 2108 prohibemur“
1049 2012 1164 2076 hoc
1209 2021 1325 2086 est,
1380 2014 1535 2098 quod
1581 2012 1846 2077 confiteri
1889 2022 2008 2078 tres
2045 2015 2208 2079 Deos
2250 2023 2312 2079 et

225 2117 544 2192 Dominos,
572 2116 697 2179 sed
744 2136 860 2176 non
886 2114 1080 2176 dicere
1120 2112 1320 2188 liceat,
1372 2124 1432 2176 et
1471 2116 1625 2199 qnod
1667 2115 1779 2178 hoc
1815 2115 1887 2179 sit
1927 2114 2062 2200 quia
2104 2115 2309 2202 religio

223 2228 421 2294 vetat,
477 2216 615 2281 illud
646 2225 842 2278 autem
886 2217 1020 2299 quia
1068 2213 1284 2277 veritas
1324 2215 1530 2277 dictat:
1583 2214 1929 2305 Symbolum
1970 2213 2084 2280 hoc
2125 2214 2311 2281 Atha-

218 2321 535 2381 nasianum
567 2316 759 2379 statim
793 2323 927 2401 post.
947 2313 1267 2377 Concilium
1296 2314 1554 2378 Nicaeae
1593 2314 1889 2393 habitum,
1942 2317 2018 2380 ab
2048 2339 2165 2381 uno
2207 2327 2311 2382 aut

225 2417 531 2505 pluribus,
589 2417 685 2500 qui
715 2414 978 2479 Concilio
1008 2414 1428 2493 interfuerant,
1482 2419 1867 2504 conscriptum
1906 2428 2024 2492 est,
2077 2429 2133 2482 et
2163 2441 2309 2508 quo·

226 2539 352 2604 qne
380 2529 441 2582 ut
468 2517 924 2584 oecumenicum
952 2537 1054 2579 seu
1082 2515 1444 2582 Catholicum
1487 2528 1869 2603 acceptatum.
1948 2519 2037 2584 Ex
2074 2519 2164 2585 his
2209 2542 2310 2607 pa-

222 2629 351 2693 tet,
404 2620 558 2706 quod
590 2629 730 2682 tunc
754 2617 1052 2680 decretum
1096 2615 1304 2692 fuerit,
1356 2621 1515 2705 quod
1560 2629 1677 2684 tres
1718 2620 2016 2685 Personae
2056 2620 2310 2689 Divinae

220 2722 305 2786 ab
339 2731 579 2785 aeterno
608 2719 1013 2804 agnoscendae
1039 2717 1186 2793 sint,
1240 2727 1299 2785 et
1335 2722 1604 2806 quamvis
1645 2721 2005 2807 unaquaevis
2042 2720 2307 2786 Persona

217 2823 558 2909 singulatim
588 2842 691 2907 per
713 2842 775 2885 se
803 2828 950 2885 esset
981 2819 1168 2896 Deus,
1218 2822 1378 2906 quod
1408 2843 1591 2909 usque
1633 2842 1749 2910 non
1780 2821 2009 2884 dicendi
2050 2822 2163 2887 sint
2190 2831 2311 2887 tres

218 2923 323 2987 Dii
352 2932 409 2986 et
440 2922 710 2995 Domini,
763 2920 863 2985 sed
895 2921 1078 2985 Unus.

383 3028 527 3096 633.
608 3022 781 3104 Quod
829 3019 970 3086 fides
1015 3020 1188 3086 trium
1246 3022 1644 3090 Personarum
1690 3021 2040 3088 Divinarum
2086 3024 2163 3088 ab
2204 3023 2306 3088 illo

216 3134 494 3211 tempore
538 3131 773 3211 recepta
817 3124 926 3198 sit,
997 3133 1054 3186 et
1102 3124 1179 3186 ah
1223 3124 1496 3188 omnibus
1541 3124 1875 3212 EpiscopiS‚
1946 3123 2306 3200 Hierarchis‚

216 3227 509 3317 Dynastis
535 3224 860 3298 Ecclesiae,
912 3234 972 3287 et
1013 3224 1386 3314 Presbyteris
1426 3246 1609 3310 usque
1651 3225 1721 3287 ad
1767 3246 2039 3312 praesens
2078 3234 2309 3312 ternpus

212 3326 573 3392 confirmata
618 3334 677 3389 et
717 3325 1046 3411 praedicata
1087 3325 1187 3396 sit,
1242 3323 1301 3386 in
1348 3323 1679 3389 Christiano
1721 3324 1887 3390 Orbe
1936 3335 2140 3389 notum
2186 3334 2305 3397 est;

210 3440 275 3493 et
304 3427 449 3515 quia
489 3427 621 3489 inde
661 3427 958 3489 emanavit
997 3424 1293 3512 persuasio
1333 3427 1602 3488 mentalis
1639 3425 1710 3488 de
1746 3426 1934 3490 tribus
1979 3425 2137 3500 Diis,
2187 3447 2309 3491 non

211 3529 417 3618 potnit
444 3528 555 3591 alia
585 3527 1007 3596 Fides,excludi
1028 3575 1047 3600 ‚
1097 3547 1272 3613 quam
1303 3545 1455 3611 quae
1482 3527 1701 3589 Tribus
1726 3528 1835 3590 illis
1862 3529 1920 3590 in
1951 3550 2060 3593 suo
2101 3527 2307 3593 ordine

209 3630 514 3720 applicata
545 3637 722 3701 esset,
776 3649 927 3714 quae
955 3637 1076 3701 est,
1131 3626 1287 3712 quod
1330 3626 1487 3690 Deus
1525 3627 1705 3692 Pater
1745 3629 2049 3694 adeundus
2088 3630 2197 3705 sit,
2247 3638 2309 3693 et

208 3730 655 3818 implorandus,
709 3738 771 3791 ut
801 3729 1045 3816 imputet
1073 3727 1350 3814 justitiam
1381 3727 1513 3791 Filii
1548 3728 1668 3802 sui,
1719 3737 1820 3792 aut
1860 3740 1924 3793 ut
1965 3730 2310 3797 misereatur

210 3840 466 3921 propter
503 3829 828 3917 passionem
858 3829 1046 3894 crucis
1084 3828 1254 3903 Filii,
1303 3837 1362 3891 et
1405 3827 1594 3891 mittat
1617 3829 1896 3918 Spiritum
1922 3831 2201 3895 Sanctum
2243 3841 2311 3896 ut

204 3941 500 4023 operetur
524 3930 725 4006 salutis
750 3928 989 3995 effectus
1016 3929 1238 3993 medios
1265 3936 1323 3991 et
1349 3928 1601 3994 ultimos.
1682 3930 1850 3995 Haec
1890 3930 2034 3997 fides
2062 3943 2148 3997 est
2187 3930 2309 3996 fae-

204 4044 308 4102 tus
335 4054 411 4097 ex
440 4033 667 4096 duobus
691 4031 803 4096 illis
827 4030 1124 4122 Symbolis
1153 4039 1388 4103 enatus;
1442 4031 1542 4094 sed
1584 4030 1721 4094 dum
1762 4030 1977 4097 fasciae
2020 4032 2309 4098 evolvun-

204 4146 346 4211 tur,
393 4134 457 4197 in
487 4143 861 4221 conspectum
890 4153 1008 4197 non
1037 4132 1197 4196 venit
1226 4151 1375 4194 unus
1402 4130 1503 4194 sed
1531 4140 1684 4206 tres,
1732 4132 1981 4218 primum
2013 4132 2311 4214 conjuncti

204 4237 366 4300 sicut
391 4235 695 4324 amplexu,
749 4243 809 4298 at
836 4254 973 4298 mox
999 4231 1287 4319 separati,
1331 4238 1596 4293 statuunt
1622 4231 1813 4303 enim,
1836 4230 2012 4385 Ῑεέιιοό
2042 4227 2308 4290 Essentia
