2750 4775
464 354 742 408 INDEX
783 356 1302 411 GENERALIS
1345 356 2062 415 CONTENTORUM.
2221 372 2329 423 365

212 511 317 579 11.
383 506 564 586 Quod
594 508 997 594 Regeneratio
1045 531 1167 573 non
1207 510 1418 575 dabilis
1458 512 1532 575 sit
1569 511 1791 598 absque
1818 513 2039 580 Libero
2068 514 2336 581 Arbitrio

423 608 484 670 in
510 607 963 693 spiritualibus,
1017 632 1088 672 n:
1142 614 1292 673 615.
1326 614 1473 674 616.
1510 614 1655 674 61Ἰ.

209 712 316 775 12,
380 708 561 788 Quod
589 708 989 794 Regeneratio
1033 732 1154 776 non
1184 711 1394 775 dabilis
1422 713 1494 775 sit
1525 712 1749 800 absque
1776 713 1979 790 Veris,
2030 737 2135 800 per
2181 739 2333 803 quae

275 819 282 824 ’
420 807 715 873 formatur
753 809 958 886 Fides,
1027 820 1085 874 et
1132 833 1266 876 cum
1317 812 1533 900 quibus
1580 834 1641 876 se
1691 814 1997 899 conjungit
2043 814 2336 891 Charitas,

422 930 494 970 n:
544 912 689 973 618.
721 915 869 974 619.
908 916 1059 976 620.

313 1041 415 1058 --
473 1004 688 1097 Aliqua
733 1013 807 1074 de
834 1012 991 1079 Sexu
1020 1012 1344 1076 masculino
1371 1022 1430 1076 et
1459 1007 1783 1076 faeminino
1816 1015 1875 1076 in
1909 1014 2123 1100 Regno
2160 1034 2336 1101 vege·

385 1109 621 1184 “tabili,
675 1133 746 1173 n:
797 1116 941 1177 585.

574 1280 847 1350 CAPUT
899 1285 1124 1350 Xl¹¹¹¹¹¹¹¹.
1212 1287 1321 1353 DE
1373 1284 1973 1354 IMPUTATIONE.

207 1494 214 1499 .
260 1416 323 1475 1.
384 1408 562 1489 Quod
609 1411 785 1475 Fides
827 1411 1149 1476 hodiernae
1195 1413 1535 1488 Ecclesiae,
1603 1428 1759 1499 quae
1816 1411 2164 1501 perhibetur
2207 1413 2330 1478 sola

416 1509 766 1595 justificare,
820 1521 876 1576 et
915 1512 1266 1601 Imputatio,
1319 1535 1504 1577 unum
1536 1514 1788 1590 faciant,
1841 1535 1915 1576 nt
1979 1517 2127 1576 626.
2179 1518 2326 1577 627.

253 1610 559 1692 ‘LQuod
611 1612 968 1702 Imputatio,
1021 1636 1174 1701 quae
1220 1625 1307 1680 est
1353 1614 1678 1678 hodiernae
1727 1614 1924 1688 Fidei,
1978 1615 2051 1677 sit
2098 1614 2331 1701 duplex,

415 1733 531 1774 una
576 1714 774 1780 Meriti
807 1714 1075 1791 Christi,
1128 1725 1185 1779 et
1233 1717 1423 1780 altera
1471 1717 1692 1781 Salutis
1739 1716 1907 1789 inde,
1965 1737 2031 1776 n:
2099 1719 2226 1779 628
2258 1714 2333 1779 ad

420 1815 563 1877 681.
1303 1842 1318 1853 ·*

259 1918 320 1977 3.
381 1912 558 1990 Quod
588 1915 795 1990 Fides,
850 1938 1005 2002 quae
1034 1925 1120 1980 est
1161 1916 1515 2003 imputativa
1547 1915 1740 1978 meriti
1781 1924 1840 1977 et
1880 1914 2134 2000 justitiae
2165 1911 2334 1977 Chri-

419 2016 491 2091 sti
531 2014 986 2100 Redemptoris,
1043 2018 1294 2102 primum
1340 2025 1546 2079 exorta
1591 2017 1664 2080 sit
1710 2037 1742 2078 a
1792 2014 2063 2079 Decretis
2107 2015 2333 2105 Synodi

299 2152 308 2161 „
419 2113 726 2179 Nicaenae
754 2116 827 2179 de
856 2117 1045 2179 tribus
1071 2116 1354 2179 I'ersonis
1381 2115 1614 2179 Divinis
1641 2115 1717 2178 ab
1745 2124 2010 2191 aeterno,
2053 2136 2208 2200 quae
2238 2114 2336 2179 Fi-

422 2216 526 2278 des
556 2209 642 2305 [a]
686 2224 956 2300 tempore
982 2214 1084 2276 illo
1116 2215 1189 2276 ad
1226 2234 1507 2300 praesens
1546 2234 1579 2276 a
1622 2224 1747 2280 toto
1793 2215 2128 2280 Christiano
2171 2216 2338 2280 Orbe

423 2323 666 2400 recepta
698 2323 818 2389 est,
872 2335 944 2377 n:
997 2317 1122 2376 632
1155 2313 1230 2376 ad
1262 2317 1410 2376 635.
1818 2340 1825 2343 ·

270 2417 330 2478 4.
385 2414 567 2492 Quod
606 2412 785 2477 Fides
826 2411 1175 2500 imputativ'a
1218 2415 1410 2477 meriti
1447 2414 1660 2479 Christi
1704 2438 1824 2481 non
1866 2418 2045 2482 fuerit
2086 2429 2230 2484 nota
2272 2419 2331 2482 in

428 2510 691 2576 Ecclesia
719 2510 1089 2601 Apostolica,
1146 2535 1296 2600 quae
1325 2517 1669 2602 praecessit;
1716 2529 1776 2581 et
1802 2520 2005 2583 nullibi
2036 2521 2329 2585 intellecta

313 2649 320 2657 -
390 2613 485 2675 in
516 2612 752 2686 Verb0,
807 2635 878 2676 n.
930 2618 1051 2678 636
1085 2615 1157 2678 ad
1190 2618 1336 2679 639.

277 2719 358 2787 5.
394 2707 584 2793 Quod
607 2712 928 2800 Imputatio
958 2715 1147 2779 meriti
1181 2725 1242 2779 et
1281 2716 1541 2838 justitiae
1568 2717 1785 2783 Christi
1825 2720 1897 2784 sit
1943 2720 2334 2807 impossibilis,

424 2836 494 2876 n:
547 2817 692 2878 6210
730 2818 875 2878 641.
910 2819 1056 2880 642.

270 2920 325 2978 6.
364 2913 557 2993 Quod
586 2915 660 2979 sit
690 2915 1046 3002 imputatio,
1102 2918 1205 2983 sed
1233 2918 1372 2981 boni
1403 2927 1461 2981 et
1495 2919 1665 2993 mali,
1721 2940 1788 2980 n.
1840 2920 1966 2981 643
1997 2918 2069 2982 ad
2105 2920 2253 2982 646.

268 3019 326 3078 Ἶ.
384 3014 559 3093 Quod
590 3016 766 3082 Fides
794 3027 853 3080 et
883 3016 1203 3105 Imputatio
1225 3018 1440 3096 Novae
1461 3015 1762 3083 Ecclesiae
1793 3029 2166 3104 nequaquam
2199 3042 2331 3107 pos—

416 3117 533 3180 sint
572 3138 686 3179 una
730 3139 856 3182 esse
885 3140 1018 3182 cum
1050 3120 1195 3183 Fide
1226 3128 1284 3182 et
1315 3117 1714 3203 imputatione
1757 3121 1968 3208 prioris
1998 3121 2330 3193 Ecclesiae,-

419 3225 479 3279 et
505 3218 665 3302 quod
706 3219 750 3281 si
797 3240 910 3281 una
959 3228 1127 3293 sunt,
1178 3218 1282 3281 fiat
1324 3219 1550 3282 collisio
1594 3228 1652 3281 et
1700 3219 1994 3283 conflictio
2045 3220 2213 3294 talis,
2267 3230 2331 3282 ut

420 3327 624 3402 pereat
676 3339 851 3382 omne
906 3319 1205 3383 Ecclesiae
1264 3318 1420 3404 apud
1465 3317 1795 3394 hominem,
1818 3307 1919 3380 Ιἠ.
1972 3323 2123 3383 647.-
2183 3324 2328 3385 648.

426 3421 574 3480 649.

269 3523 328 3582 8.
387 3517 574 3597 Quod
614 3518 906 3581 Dominus
952 3517 1110 3581 omni
1160 3516 1387 3579 homini
1435 3519 1682 3603 imputet
1737 3519 2000 3595 bonum,
2038 3529 2125 3582 et
2171 3521 2331 3607 quud

420 3617 728 3706 Infernum
759 3618 922 3681 omni
951 3618 1175 3681 homini
1220 3618 1470 3704 imputet
1500 3619 1738 3694 malum,
1785 3642 1856 3682 n:
1911 3625 2036 3685 650
2069 3622 2142 3684 ad
2177 3626 2328 3687 653.

266 3723 323 3781 9
380 3718 562 3799 Quod
616 3701 850 3794 Fides,
880 3741 1009 3781 cum
1056 3741 1174 3805 quo
1222 3742 1284 3782 se
1332 3720 1671 3807 conjungit,
1735 3719 1912 3783 faciat
1953 3723 2333 3798 sententiam,

418 3821 467 3886 si
509 3819 685 3883 Fides
726 3840 870 3884 vera
907 3842 969 3883 se
1015 3819 1316 3907 conjungit
1358 3842 1492 3884 cum
1535 3822 1728 3895 bono,
1782 3820 1847 3883 fit
1887 3822 2177 3885 sententia
2218 3841 2327 3908 pro

357 3975 362 3984 .
409 3919 557 3987 ‘Vita
586 3927 860 3996 aeterna,
916 3931 979 3985 at
1004 3921 1054 3984 si
1079 3920 1255 3985 Fides
1283 3942 1344 3986 se
1375 3923 1680 4008 conjungit
1707 3943 1839 3986 cum
1871 3922 2056 3998 malo,
2104 3921 2168 3985 fit
2196 3945 2331 3988 sen—

420 4017 604 4084 tentia
634 4043 742 4109 pro
772 4015 970 4084 Morte
999 4031 1275 4097 aeterna,
1330 4043 1398 4082 n:
1453 4021 1686 4085 estad
1720 4026 1843 4084 657
1954 4057 1971 4068 .

209 4124 319 4185 «10.
349 4120 553 4201 *Quod
607 4122 750 4185 nulli
800 4121 1121 4209 imputetur
1167 4120 1497 4205 Cogitatio,
1551 4121 1651 4185 sed
1686 4122 2006 4195 VoluntaS,
2055 4146 2123 4185 n:
2183 4128 2328 4186 658.

426 4226 569 4286 659.
619 4227 767 4285 660.
