2750 4775
401 406 467 455 16
627 395 1088 449 UNIVERSA
1132 393 1668 446 THEOLOGIA
1713 395 1779 450 N.
1826 393 1888 445 C.
1933 393 2041 445 ET
2083 394 2151 449 N.
2193 394 2260 448 E.

398 551 694 637 sapiendi,
745 561 804 612 et
847 550 905 612 in
946 547 1389 612 inclinationem
1432 548 1507 612 ad
1548 546 1866 611 amandum
1898 567 1961 611 se
1989 556 2046 612 et
2074 547 2391 624 mundum,
2444 559 2505 613 et

400 671 642 738 quoque
671 649 1000 737 proximum
1030 657 1091 711 et
1116 647 1343 723 Deum,
1397 669 1579 735 quare
1609 647 1824 711 dicitur
1864 646 1912 711 si
1939 647 1994 712 ei
2020 647 2302 712 Liberum
2342 649 2503 713 arbi-

401 753 582 817 trium
623 752 960 816 auferretur
986 749 1047 811 in
1073 749 1318 834 singulis
1344 769 1501 836 quae
1528 748 1654 816 vult
1682 757 1742 812 et
1769 748 2023 834 cogitat,
2081 770 2201 813 non
2241 750 2369 838 plus
2406 771 2501 814 re-

399 854 650 940 spiraret
680 873 856 940 quam
886 858 1113 926 statua,
1167 860 1228 914 et
1255 872 1374 915 non
1403 848 1618 914 dicitur
1646 871 1764 913 non
1795 847 1925 935 plus
1951 869 2131 936 quam
2159 849 2365 915 bestia.

556 954 703 1017 481.
758 950 935 1031 Quod
963 949 1189 1015 bomini
1228 951 1303 1016 sit
1332 950 1613 1015 Liberum
1642 946 1971 1015 Arbitrium
2012 950 2072 1013 in
2112 950 2500 1029 naturalibus,

402 1076 521 1118 non
568 1064 856 1141 negatur,
907 1052 1008 1116 sed
1053 1050 1167 1115 boc
1204 1050 1433 1115 homini
1469 1060 1567 1115 “est
1609 1072 1681 1115 ex
1725 1050 1943 1115 Libero
1984 1050 2111 1134 ejus
2151 1052 2398 1118 arbitrio
2441 1054 2503 1116 in

399 1154 833 1242 spiritualihus;
907 1174 1042 1216 nam
1090 1153 1382 1217 Dominus
1426 1174 1461 1216 a
1504 1151 1796 1240 superiori
1844 1172 1951 1216 seu
1996 1152 2264 1217 interiori
2309 1151 2506 1218 influit

402 1254 557 1344 apud
600 1274 833 1318 omnem
876 1253 1176 1318 hominem
1219 1274 1353 1316 cum
1384 1252 1605 1318 Divino
1637 1252 1809 1317 Bono
1850 1262 1911 1315 et
1938 1252 2160 1317 Divino
2188 1253 2381 1329 Vero,
2438 1264 2503 1319 ut

404 1357 566 1444 prius
604 1363 900 1420 ostensum
942 1363 1059 1430 est,
1110 1362 1169 1418 et
1208 1375 1313 1440 per
1339 1353 1400 1417 id
1426 1352 1675 1438 inspirat
1704 1352 1885 1418 vitam
1915 1352 2139 1417 homini
2167 1352 2501 1420 distinctam

403 1478 438 1521 a
485 1457 604 1521 vita
647 1453 1003 1528 bestiarum,
1057 1463 1117 1517 et
1142 1454 1217 1517 ad
1246 1453 1649 1540 recipiendum
1694 1452 1826 1529 illa,
1878 1462 1937 1516 et
1979 1453 2055 1518 ad
2095 1454 2388 1539 agendum
2431 1476 2506 1519 ex

406 1556 536 1632 illis,
591 1555 692 1621 dat
720 1556 773 1618 ei
803 1576 971 1644 posse
999 1562 1058 1618 et
1087 1554 1272 1629 velle,
1320 1564 1379 1617 et
1406 1553 1519 1617 hoc
1549 1574 1852 1639 nunquam
1882 1554 2055 1618 alicui
2084 1554 2311 1628 aufert;
2364 1555 2504 1621 inde

402 1659 689 1744 sequitur,
743 1657 902 1742 quod
932 1654 1174 1719 Domini
1204 1663 1485 1741 perpetua
1515 1654 1907 1731 voluntassit,
1959 1664 2023 1719 ut
2050 1653 2229 1720 bomo
2258 1657 2502 1744 recipiat

399 1779 606 1823 verum
651 1768 708 1820 et
766 1755 945 1819 faciat
986 1754 1208 1819 bonum
1250 1767 1308 1818 et
1351 1756 1436 1819 sic
1478 1754 1582 1818 fiat
1623 1754 1968 1842 spiritualis,
2021 1754 2095 1819 ad
2139 1756 2296 1842 quod
2327 1767 2501 1824 natus

401 1868 524 1931 est;
579 1877 651 1921 ac
685 1857 1004 1943 spiritualis
1043 1854 1170 1920 fieri
1214 1855 1440 1940 absque
1480 1855 1667 1919 libero
1710 1855 1958 1920 arbitrio
1994 1857 2052 1920 in
2080 1856 2503 1942 spiritualibus,

403 1968 523 2021 tam
569 1945 928 2044 impossibile
969 1965 1089 2031 est,
1158 1957 1306 2021 sicut
1343 1965 1432 2020 est
1472 1954 1710 2020 trudere
1751 1958 2039 2021 camelum
2083 1979 2189 2045 per
2230 1956 2502 2022 foramen

402 2080 548 2123 acus
592 2058 892 2133 netoriae,
965 2065 1067 2120 aut
1109 2060 1258 2121 sicut
1304 2078 1482 2121 manu
1542 2064 1789 2142 tangere
1846 2057 2104 2143 aliquam
2161 2057 2390 2122 stellam
2440 2058 2501 2123 in

399 2159 600 2222 Caelo.
673 2157 849 2237 Quod
894 2178 1059 2244 posse
1099 2157 1431 2244 intelligere
1463 2179 1669 2221 verum
1710 2166 1768 2220 et
1796 2156 1851 2218 id
1882 2158 2034 2223 velle
2062 2158 2250 2222 cuivis
2276 2160 2502 2226 homini

399 2259 602 2334 detur,
655 2266 713 2320 et
751 2279 988 2345 quoque
1028 2257 1307 2334 diabolis,
1359 2267 1419 2322 et
1448 2277 1738 2343 nusquam
1767 2251 2109 2333 auferatur,
2164 2280 2268 2345 per
2294 2261 2495 2326 vivam

395 2359 818 2445 experientiam
860 2356 1002 2424 mihi
1046 2368 1339 2425 ostensum
1372 2369 1503 2433 .est;
1558 2379 1711 2425 unus
1754 2379 1826 2423 ex
1862 2359 1976 2425 illis
2014 2359 2110 2447 qui
2151 2361 2214 2423 in
2252 2359 2497 2429 Inferno

394 2472 600 2536 erant,
655 2459 953 2548 quondam
994 2460 1263 2526 sublatus
1299 2471 1389 2525 est
1426 2461 1485 2524 in
1518 2460 1800 2523 mundum
1829 2461 2174 2547 spirituum,
2228 2473 2284 2524 et
2311 2462 2392 2526 ibi
2417 2462 2497 2528 ab

392 2559 633 2647 Angelis
673 2583 706 2624 e
747 2560 926 2625 Caelo
967 2560 1401 2646 interrogatus,
1455 2583 1594 2625 num
1626 2562 1804 2647 possit
1833 2561 2159 2648 intelligere
2202 2562 2297 2627 illa
2341 2583 2497 2650 quae

392 2661 792 2748 loquebantur
845 2683 976 2726 cum
1027 2662 1168 2739 illo,
1238 2674 1410 2726 erant
1463 2662 1682 2727 Divina
1742 2662 2101 2751 spiritualia,
2172 2664 2498 2751 respondit,

391 2764 551 2851 quod
581 2762 899 2848 intelligat;
954 2771 1013 2826 et
1053 2765 1352 2850 quaesitus
1392 2785 1498 2828 cur
1539 2782 1662 2827 non
1703 2763 1993 2849 receperit
2033 2762 2277 2840 similia,
2330 2764 2498 2841 dixit,

392 2865 714 2951 quod-non
764 2864 1053 2930 amaverit
1095 2864 1223 2940 illa,
1291 2872 1349 2929 et
1390 2865 1527 2928 iude
1567 2862 1726 2949 quod
1776 2885 1895 2928 non
1941 2862 2225 2936 voluerit;
2279 2867 2497 2930 iterum

392 2963 613 3027 dictum
658 2974 746 3029 est
786 2964 867 3028 illi
908 2964 1066 3051 quod
1112 2966 1370 3052 potuerit
1403 2965 1584 3039 velle,
1638 2961 1755 3027 boc
1792 2964 2038 3028 miratus
2082 2974 2200 3041 est,
2253 2973 2312 3028 et
2350 2966 2497 3030 dixit

391 3064 550 3151 quod
597 3086 748 3141 non,
803 3085 986 3151 quare
1028 3063 1238 3152 Angeli
1291 3065 1664 3154 inspirabant
1709 3063 2195 3148 intellectui-ejus
2242 3065 2493 3152 gloriam

389 3164 581 3229 famae
621 3188 755 3230 cum
792 3167 918 3252 ejus
946 3187 1215 3241 amaeno,
1271 3188 1390 3252 quo
1420 3172 1695 3251 accepto,
1749 3165 1927 3228 etiam
1973 3165 2191 3241 voluit,
2244 3175 2304 3229 et
2343 3187 2496 3254 quo—

387 3286 500 3352 que
530 3268 781 3333 amavit:
835 3266 937 3331 sed
968 3288 1103 3330 mox
1130 3266 1409 3330 remissus
1455 3272 1542 3328 est
1586 3265 1645 3326 in
1688 3274 1902 3329 statum
1934 3264 2226 3353 priorem,
2277 3267 2340 3330 in
2366 3289 2487 3354 quo

386 3364 496 3443 fuit
541 3366 966 3454 depraedator,
1035 3365 1268 3428 adulter
1310 3375 1369 3428 et
1419 3364 1861 3450 blasphemator
1905 3366 2185 3453 proximi,
2241 3377 2301 3432 et
2344 3377 2488 3432 tunc

385 3465 522 3552 quia
551 3488 666 3531 non
698 3466 906 3539 voluit,
959 3482 1070 3527 nec
1094 3463 1382 3528 intellexit
1407 3465 1504 3529 illa
1535 3465 1800 3553 amplius.
1858 3465 1946 3529 Ex
1972 3464 2063 3530 bis
2092 3475 2273 3553 patet,
2326 3467 2492 3553 quod

383 3564 564 3632 bomo
588 3568 660 3631 sit
689 3566 868 3631 bomo
897 3585 969 3627 ex
996 3564 1185 3628 libero
1213 3565 1461 3629 arbitrio
1490 3566 1551 3628 in
1576 3565 2015 3653 spiritualibus,
2057 3574 2116 3629 et
2148 3567 2374 3654 absque
2417 3589 2495 3633 eo

384 3665 565 3732 bomo
607 3666 763 3731 foret
810 3673 1081 3740 truncus,
1134 3665 1313 3754 lapis,
1365 3675 1470 3731 aut
1501 3675 1695 3732 statua
1733 3688 1883 3731 uxor
1911 3666 2064 3730 Loti.

539 3770 686 3829 482.
754 3764 934 3845 Quod
976 3764 1198 3829 homini
1238 3788 1358 3829 non
1398 3768 1639 3854 aliquod
1682 3767 1936 3831 liberum
1981 3767 2290 3831 arbitrium
2333 3778 2492 3835 esset

383 3867 445 3930 in
474 3865 776 3940 civilibus,
825 3865 1148 3931 moralibus
1175 3877 1234 3930 et
1264 3869 1671 3943 naturalibus,
1723 3867 1772 3932 si
1798 3867 1882 3931 illi
1913 3888 2035 3932 non
2065 3865 2222 3932 foret
2251 3868 2497 3954 aliquod

384 3965 635 4028 liberum
676 3964 983 4030 arbitrium
1013 3967 1074 4029 in
1099 3967 1538 4055 spiritualibus,
1595 3977 1825 4034 constat
1856 3988 1930 4031 ex
1956 3988 2059 4046 eo,
2114 3968 2272 4055 quod
2318 3968 2497 4055 spiri-

381 4064 595 4140 tualia,
651 4086 805 4152 quae
850 4075 1142 4132 vocantur
1180 4067 1582 4155 Theologica,
1634 4068 1931 4133 resideant
1974 4068 2034 4131 in
2079 4089 2355 4158 suprema
2397 4089 2496 4132 re-

383 4164 559 4249 gione
601 4166 808 4230 mentis
845 4165 1130 4244 bominis,
1179 4167 1331 4232 sicut
1359 4170 1556 4238 anima
1585 4168 1645 4230 in
1673 4189 1957 4256 corpore;
2016 4169 2174 4256 quod
2216 4170 2298 4233 ibi
2343 4168 2492 4233 resi-

384 4263 589 4343 deant,
634 4276 722 4333 est
750 4268 886 4355 qnia
913 4268 995 4332 ibi
1035 4276 1125 4332 est
1148 4267 1362 4332 ostium
1381 4314 1398 4344 ,
1443 4289 1545 4354 per
1573 4266 1733 4354 quod
1760 4268 2055 4334 Dominus
2081 4269 2157 4335 ad
2184 4267 2493 4341 hominem
