2750 4775
496 352 601 399 25&
722 337 1182 393 UNIVERS⁸A
1223 338 1761 393 THEOLOGIA
1804 339 1872 395 N.
1917 337 1979 390 C.
2020 337 2126 390 ET
2165 338 2233 391 N.
2269 337 2331 390 Ε.

494 515 566 558 ex
608 491 823 557 borum
864 489 1191 576 magnificis
1230 491 1688 567 investimentis,
1740 490 2093 558 circumfluit
2133 492 2263 558 illos
2295 489 2471 552 bonor
2500 498 2551 553 et

501 593 719 680 gloriaz
771 592 873 658 sed
901 591 1173 680 Supremi
1199 591 1285 656 illi
1309 602 1444 658 suut
1472 593 1644 657 electi
1671 614 1745 656 ex
1767 593 1909 668 illis,
1962 615 2214 681 quorum
2256 613 2358 656 cor
2391 600 2471 654 est
2503 590 2554 653 in

498 695 689 761 salute
716 694 947 781 publica
964 743 981 770 ,
1033 704 1092 757 et
1116 694 1307 759 solum
1344 715 1549 760 sensns
1575 694 1842 781 corporis
1871 696 1932 757 in
1960 694 2337 783 amplitudine
2361 690 2555 779 magni·

500 796 774 862 ficentiae
800 805 1044 884 propter
1067 794 1497 859 obedientiam:
1548 805 1610 859 et
1634 797 1776 883 quia
1811 796 2017 862 salutis
2049 796 2320 884 publicae
2353 803 2462 868 est,
2504 801 2557 856 ut

500 899 750 987 quisque
785 897 860 962 sit
898 895 1109 983 aliquis
1144 917 1283 961 usus
1319 896 1382 959 in
1410 896 1725 972 societate,
1777 907 1844 962 ut
1885 897 1948 960 in
1987 895 2288 962 communi
2325 913 2556 981 corpore,

500 1009 562 1064 et
587 1000 725 1086 quia
752 998 943 1063 omnis
969 1019 1108 1062 usus
1132 1008 1221 1063 est
1246 1019 1281 1060 a
1313 998 1570 1062 Domino
1587 1045 1604 1072 ,
1654 1006 1717 1061 et
1755 997 1821 1062 lit
1849 1019 1956 1085 per
1980 998 2227 1086 angelos
2261 1006 2319 1060 et
2357 1016 2451 1081 per
2472 993 2556 1057 bo-

502 1101 689 1165 mines
713 1099 863 1164 sicut
888 1099 967 1163 ab
992 1097 1135 1174 illis,
1188 1108 1349 1184 patet
1389 1098 1550 1184 quod
1590 1096 1706 1163 boc
1738 1100 1815 1164 sit
1859 1119 2110 1187 regnare
2143 1119 2278 1164 cum
2319 1092 2554 1161 Domino.

502 1200 617 1265 nis
644 1199 855 1265 auditis
880 1223 914 1263 e
941 1198 1149 1276 Caelo,
1204 1200 1502 1286 personati
1526 1199 1609 1264 illi
1642 1220 1813 1286 reges
1849 1210 1908 1265 et
1947 1202 2246 1287 principes
2282 1194 2557 1262 descende·

501 1312 646 1368 runt
690 1321 725 1365 e
767 1301 995 1367 thronis
1036 1309 1097 1364 et
1138 1300 1330 1376 soliis,
1391 1310 1455 1363 et
1496 1299 1843 1385 abjecerunt
1886 1312 2155 1390 sceptra,
2209 1320 2470 1373 coronas,
2510 1302 2557 1359 et

426 1438 451 1463 ι
502 1400 875 1494 chlamydes,
926 1413 989 1467 et
1013 1401 1252 1467 recessit
1274 1402 1354 1467 ab
1382 1401 1496 1466 illis
1521 1401 1784 1479 nimbus,
1835 1403 1895 1467 in
1936 1425 2057 1490 quo
2095 1404 2209 1469 fuit
2239 1422 2386 1468 aura
2410 1399 2557 1487 pban-

452 1523 463 1530 ⁷
498 1506 716 1582 tasiae,
767 1514 828 1569 et
854 1503 1155 1569 obvelavit
1179 1503 1311 1568 illos
1337 1504 1525 1568 nubes
1551 1502 1832 1580 candida,
1887 1504 1947 1568 in
1989 1527 2106 1593 qua
2149 1513 2283 1570 erat
2317 1520 2456 1566 aura
2484 1517 2555 1563 sa·

501 1606 753 1694 pientiae
773 1656 789 1682 ,
842 1625 914 1669 ex
942 1626 1059 1692 qua
1085 1604 1257 1668 rediit
1283 1605 1504 1670 sanitas
1527 1604 1821 1669 mentibus
1846 1604 2101 1670 illorum.

654 1711 829 1773 737:
855 1705 997 1771 Post
1036 1703 1187 1772 baec
1209 1704 1471 1792 Angelus
1506 1705 1680 1770 rediit
1726 1707 1802 1771 ad
1841 1706 2104 1772 Domum
2141 1712 2457 1773 conventus
2484 1719 2552 1764 sa·

499 1809 759 1895 pientum
789 1829 859 1871 ex
888 1805 1223 1871 Christiano
1248 1806 1435 1882 Orbe,
1477 1816 1538 1869 et
1560 1806 1638 1871 ad
1661 1828 1725 1872 se
1753 1810 1991 1874 vocavit
2015 1810 2173 1885 illos,
2215 1808 2316 1894 qui
2351 1804 2450 1870 sibi
2482 1801 2551 1864 in·

499 1909 789 1974 duxerant
813 1905 1018 1982 fidem,
1070 1908 1227 1992 quod
1255 1908 1470 1994 gaudia
1498 1907 1662 1972 Caeli
1699 1918 1760 1973 et
1799 1909 2073 1975 Felicitas
2111 1919 2356 1975 aeterna
2391 1908 2549 1969 essent

495 2011 732 2075 delitiae
758 2008 1196 2074 Paradisiacae:
1252 2009 1341 2074 his
1366 2009 1541 2085 dixit,
1594 2011 1903 2096 sequimini
1952 2033 2077 2088 me,
2130 2021 2193 2077 et
2219 2007 2548 2075 introducam

495 2134 606 2176 vos
631 2112 691 2174 in
721 2108 1102 2183 Paradisum,
1153 2107 1396 2174 Caelum
1441 2119 1738 2188 vestrum,
1794 2120 1857 2175 ut
1900 2111 2291 2178 exordiamini
2335 2107 2546 2171 beatita-

496 2213 660 2277 dines
687 2207 979 2274 felicitatis
1019 2219 1297 2276 aeternae
1331 2219 1593 2284 vestrae;
1638 2220 1698 2276 et
1736 2211 2061 2278 introduxit
2084 2214 2221 2279 illos
2259 2231 2363 2301 per
2394 2200 2547 2271 excel-

493 2334 619 2378 sam
646 2311 922 2387 Portam,
972 2331 1043 2373 ex
1070 2311 1248 2377 ramis
1274 2321 1332 2376 et
1361 2313 1778 2401 propaginibus
1805 2313 2088 2379 nobilium
2117 2316 2394 2380 arborum
2420 2324 2544 2371 com·

495 2413 784 2499 paginatis
820 2422 1210 2478 exstructam:
1264 2424 1393 2502 post
1419 2416 1723 2480 introitum
1764 2416 2149 2481 circumduxit
2175 2418 2309 2481 illos
2333 2433 2432 2501 per
2452 2424 2545 2471 am·

494 2515 679 2598 bages
715 2535 748 2577 a
791 2513 962 2600 plaga
1002 2514 1064 2577 in
1107 2515 1373 2601 plagam;
1427 2527 1555 2579 erat
1593 2516 1905 2582 actualiter
1938 2517 2261 2587 Paradisus
2295 2517 2355 2579 in
2392 2510 2541 2598 prim

491 2615 757 2701 ingressu
794 2616 871 2678 ad
897 2614 1169 2691 Caelum,
1219 2617 1281 2679 in
1308 2638 1485 2702 quem
1524 2617 1921 2683 immittuntur
1959 2620 2075 2693 illi,
2125 2620 2230 2706 qui
2270 2619 2330 2680 in
2356 2606 2539 2679 Mundo

492 2715 866 2781 crediderant
892 2717 1050 2803 quod
1089 2719 1426 2784 universum
1459 2717 1700 2782 Caelum
1744 2720 1818 2784 sit
1861 2738 2013 2784 unus
2037 2719 2386 2790 Paradisus,
2431 2706 2539 2797 quia

492 2827 741 2883 vocatur
766 2817 1111 2893 Paradisus;
1165 2840 1238 2883 ac
1266 2820 1365 2907 qui
1404 2818 1821 2904 impresserant
1854 2816 1964 2886 sibi
1989 2820 2215 2897 ideam,
2271 2814 2419 2907 quod
2441 2813 2541 2899 posi

492 2930 744 2984 mortem
770 2921 846 2987 sit
874 2918 1133 3007 plenaria
1161 2920 1397 3007 requies
1424 2942 1459 2984 a
1489 2918 1823 2999 laboribus,
1873 2932 1934 2985 et
1964 2922 2120 3007 quod
2163 2920 2392 3009 requies
2424 2913 2537 2976 haec

490 3042 611 3085 non
652 3021 813 3086 aliud
847 3031 1032 3098 esset,
1085 3040 1263 3108 quam
1305 3021 1531 3085 animas
1555 3022 1888 3087 delitiarum
1916 3008 2535 3108 trahere.superros1s

489 3123 826 3199 ambulare,
877 3143 949 3185 ex
989 3123 1191 3187 mustis
1228 3121 1651 3188 delicatissimis
1702 3145 1952 3189 uvarum
1990 3124 2330 3199 laetificari,
2381 3138 2443 3181 ac
2472 3109 2535 3175 fe·

488 3224 640 3289 stiva
679 3223 908 3309 repotia
950 3225 1285 3295 celebrare;
1350 3233 1410 3286 et
1453 3222 1611 3309 quod
1651 3223 1800 3288 haec
1837 3224 1956 3289 vita
1996 3248 2114 3290 non
2149 3224 2326 3290 detur
2359 3217 2452 3283 nisi
2485 3212 2529 3275 in

489 3324 741 3391 Caelesti
778 3323 1082 3389 Paradiso.
1149 3324 1326 3389 Ducti
1355 3325 1434 3388 ab
1461 3323 1688 3412 Angelo
1733 3325 2013 3390 videbant
2052 3328 2347 3413 ingentem
2378 3311 2529 3385 multi-

486 3425 749 3490 tudinem
795 3434 916 3488 tam
951 3446 1156 3489 senum
1194 3447 1370 3514 quam
1397 3424 1712 3511 juvenum,
1763 3437 1823 3491 et
1850 3448 2202 3516 puerorum,
2253 3437 2313 3492 et
2335 3431 2526 3512 quoque

486 3520 898 3589 mulierum'et
937 3526 1292 3613 puellarum
1351 3525 1571 3592 triades
1606 3537 1667 3590 et
1702 3528 1952 3603 triades,
2000 3550 2073 3593 ac
2094 3529 2346 3593 decades
2380 3529 2431 3586 el
2450 3516 2527 3579 ἅθ’

487 3624 692 3700 cades,
745 3623 1013 3689 sedentes
1053 3648 1230 3714 super
1266 3627 1504 3692 Rosetis
1541 3626 1842 3694 flectentes
1890 3638 2085 3706 serta,
2138 3630 2347 3716 quibus
2386 3635 2523 3686 01112·

484 3733 618 3789 rent
670 3724 862 3811 capita
905 3745 1149 3801 senum,
1218 3727 1514 3793 brachia
1497 3748 1818 3813 Juvenum,
1873 3751 1972 3794 ac
1992 3729 2303 3795 fasciatim
2333 3729 2524 3830 pectori

482 3842 833 3942 puerorum
886 3823 1030 3891 alias
1068 3827 1458 3914 exprimentes
1486 3842 1742 3896 mustum
1770 3852 1842 3895 ex
1866 3833 2015 3908 uvis,
2056 3833 2271 3897 cerasis
2294 3850 2362 3894 ex
2385 3815 2522 3890 aciuss

480 3927 544 3990 in
587 3923 873 4016 cyathos,
923 3936 985 3990 et
1029 3927 1339 4012 genialiter
1382 3929 1681 4007 bibentes,
1734 3931 1879 3997 alias
1918 3930 2283 3997 attrahentes
2328 3922 2522 3995 naribtss

479 4026 838 4115 fragrantias
870 4047 941 4091 ex
962 4027 1244 4107 floribus,
1297 4028 1584 4099 fructibus
1622 4054 1696 4096 ac
1732 4033 2041 4099 odoriferis
2079 4032 2233 4100 foliis
2268 4028 2518 4098 exhalata
2631 4116 2632 4129 χ

478 4137 539 4192 et
566 4131 1051 4217 circumsparsas;
1104 4130 1247 4195 alias
1275 4145 1554 4198 canentes
1580 4132 1780 4200 dulces
1803 4134 1950 4200 odas
1976 4135 2184 4223 quibus
2213 4123 2519 4200 mulciebant

476 4229 871 4317 praesentium
899 4231 1163 4306 auditus3
1214 4231 1358 4296 alias
1384 4232 1652 4298 sedentes
1688 4233 1765 4299 ad
1792 4235 2003 4313 fontes,
2019 4254 2022 4261 ·
2039 4238 2115 4300 “et
2141 4252 2324 4324 aquas
2351 4229 2513 4302 salian·

2627 4248 2630 4293 1
