2750 4775
74 1 343 9 -——-—---—---⁷
360 3 381 6 rr
390 3 429 6 -Ὕ
478 3 637 8 ’.ᾖ

1846 20 1851 27 ο
1983 1 2016 10 ¹⁷
2029 1 2126 18 Τῖσ-

1754 34 1809 63 f
2136 12 2247 79 5⁸0,-

1706 202 1961 269 uffiw„
2045 112 2325 305 {22:51⁴}

718 383 993 439 mnex
1033 62 1869 457 MEMORAMLNJLQ
1902 308 2304 457 ,ΕΜ

304 559 499 614 mare,
554 537 714 624 quod
752 537 943 602 omnis
983 534 1374 624 Intelligentia
1425 548 1484 601 et
1520 559 1759 625 qnoque
1797 538 2119 604 Prudentia
2157 541 2232 605 sit
2272 563 2307 607 a

300 639 466 703 Deo:
542 647 601 702 et
646 647 848 726 postea
893 639 1070 703 etiam
1112 639 1479 725 rogabantur
1515 638 1868 703 Sacerdotes
1917 649 1976 703 ut
2024 653 2309 708 exuerent

304 750 498 805 vestes
538 759 711 814 suas,
765 761 836 803 ac
879 738 1192 804 induerent
1232 749 1424 805 vestes
1465 740 1872 806 Ministrorum
1916 740 2308 827 politicorum,

304 862 422 926 quo
450 839 645 914 facto,
696 840 1095 926 loquebantur
1118 840 1473 905 Sacerdotes
1500 863 1571 905 ex
1598 841 1862 905 interiori
1890 863 1983 915 se,
2026 840 2309 923 dicentes,

305 941 464 1028 quod
494 941 687 1006 omnis
715 939 1105 1027 Intelligentia
1138 951 1196 1005 et
1222 941 1545 1007 Prudentia
1572 942 1646 1006 sit
1685 942 1760 1006 ab
1799 941 2070 1006 homine:
2126 964 2307 1010 eausa

306 1042 463 1128 quod
510 1044 590 1107 ita
635 1042 863 1130 loquuti
891 1042 1039 1118 sint,
1090 1053 1249 1117 erat,
1302 1044 1438 1130 quia
1476 1042 1727 1131 Spiritus
1765 1043 1986 1129 cogitat
2027 1064 2089 1107 se
2129 1044 2307 1111 talem

304 1164 429 1208 esse
457 1144 648 1229 qualis
677 1152 768 1208 est
801 1165 977 1231 super
1014 1143 1116 1207 iilo
1159 1144 1362 1208 vestis:
1418 1154 1548 1230 post
1589 1143 1767 1220 haec,
1819 1145 1971 1209 Tres
2008 1145 2091 1209 illi
2133 1146 2308 1210 amici

304 1245 501 1309 cordis
538 1243 679 1309 facti
716 1254 881 1320 sunt,
947 1253 1005 1308 et
1043 1244 1198 1308 inter
1239 1244 1598 1332 loquendum
1638 1244 1811 1311 simul
1853 1246 2090 1310 iverunt
2130 1248 2306 1323 viam,

304 1366 460 1431 quae
518 1344 762 1409 tetendit
806 1347 1115 1418 deorsum;
1168 1349 1269 1410 sed
1318 1355 1521 1433 postea
1568 1346 1684 1409 vidi
1731 1346 1861 1411 iilos
1905 1347 2181 1424 reduces,
2228 1372 2306 1413 n:

309 1450 459 1510 ⁶63.
1788 1466 1793 1473 ·

205 1546 489 1613 valn.
539 1544 752 1634 Agitur
779 1547 1031 1636 primum
1061 1547 1135 1612 de
1160 1547 1271 1611 illis
1298 1548 1483 1635 quiin
1510 1548 1709 1617 Verbo
1741 1556 2030 1613 vocantur
2057 1549 2306 1629 Emer-1,

306 1656 366 1710 et
395 1648 557 1735 quod
582 1650 730 1723 sint,
783 1649 883 1735 qui
911 1657 1045 1735 post
1072 1658 1321 1739 mortem
1361 1648 1744 1713 inveniuntur
1781 1650 1961 1713 vitam
1989 1649 2310 1718 charitatis

306 1758 366 1812 et
391 1750 559 1813 Fidei
590 1751 830 1826 vixisse,
884 1761 941 1813 et
967 1759 1318 1838 separantur
1358 1751 1436 1814 ab
1473 1751 1583 1817 illis
1620 1751 1720 1836 qui
1762 1750 1919 1815 illam
1962 1750 2145 1815 vitam
2170 1773 2308 1831 ¹non

309 1851 615 1927 vixerunt,
667 1861 726 1915 et
762 1853 845 1917 sic
883 1851 983 1938 qui
1024 1861 1165 1914 tunc
1204 1850 1611 1926 Ennomon,
1665 1861 1723 1914 et
1768 1862 2196 1939 praeparantur
2231 1852 2309 1921 ad

308 1950 584 2024 Caelum;
638 1962 1000 2042 quapropter
1026 1952 1266 2016 credere
1297 1951 1472 2015 modo
1509 1952 1738 2038 aliquos
1776 1961 1911 2016 ante
1938 1953 2311 2020 nativitatem

311 2053 406 2115 vel
435 2053 751 2141 postillam
783 2054 919 2139 eligi
947 2062 1005 2118 et
1034 2052 1458 2140 praedestinari
1489 2055 1562 2116 ad
1595 2054 1869 2128 Caelum,
1921 2063 1980 2118 et
2024 2075 2143 2118 non
2182 2076 2310 2129 om-

309 2173 414 2217 nes
459 2142 595 2241 quia
636 2176 840 2220 omnes
885 2156 1079 2221 vocati
1120 2162 1286 2228 sunt,
1339 2152 1492 2217 soret
1539 2155 1730 2218 Deum
1774 2155 2152 2243 impotentiae
2195 2157 2310 2221 sal—

316 2255 524 2330 vandi,
577 2265 637 2320 et
663 2276 899 2342 quoque
930 2254 1250 2341 injustitiae
1274 2274 1561 2340 arguere,
1616 2277 1686 2318 n:
1737 2260 1882 2321 664.

212 2350 426 2424 LXIX.
481 2355 535 2421 A
559 2357 818 2445 quodam
848 2357 1076 2422 advena
1108 2356 1326 2420 dictum
1357 2365 1445 2419 est
1483 2356 1540 2419 in
1577 2355 1789 2433 Caelo,
1843 2357 2000 2445 quod
2042 2380 2160 2423 non
2205 2358 2310 2424 ali—

312 2458 440 2544 quis
465 2458 526 2521 in
556 2458 889 2523 Christiano
916 2458 1083 2522 Orbe
1121 2458 1268 2552 sciat
1305 2458 1443 2543 quid
1474 2459 1921 2533 consensum,
1974 2461 2132 2546 quod
2174 2462 2311 2549 quia

311 2557 523 2646 Angeli
553 2581 673 2623 non
702 2560 1109 2634 crediderunt,
1162 2559 1550 2623 dixerunt-ad
1592 2559 1844 2645 aliquem
1877 2561 2187 2648 Spiritum,
2243 2572 2311 2626 ut

314 2660 853 2727 tubaconvocaret
900 2660 1333 2745 Intelligentes,
1391 2684 1536 2744 quos
1574 2661 1911 2725 sciscitarer
1940 2683 2079 2726 num
2117 2664 2310 2727 sciunt
2348 2731 2357 2738 ,

312 2762 450 2847 quid
479 2762 881 2835 Conscientia;
934 2770 994 2825 et
1021 2762 1241 2827 sactum
1271 2772 1357 2825 est
1385 2761 1497 2835 ita,
1543 2772 1603 2824 et
1629 2762 2030 2838 advenerunt,
2070 2772 2127 2825 et
2154 2763 2312 2828 inter

275 2857 440 2928 -illos
465 2874 636 2927 erant
664 2862 928 2939 Politiei,
969 2861 1244 2938 ·Eruditi;
1281 2864 1532 2938 Medici,
1573 2862 2038 2937 et‘SacerdoteS,
2079 2847 2137 2926 et
2166 2873 2313 2927 tunc

312 2961 563 3048 primum
590 2963 1034 3029 sciscitabantur
1059 2963 1321 3038 Politici,
1375 2964 1515 3049 quid
1544 2962 1915 3028 Conscientia
1936 3012 1950 3035 ‚
1992 2962 2310 3050 responde-

309 3073 470 3140 runt,
498 3065 656 3149 quod
682 3065 755 3129 sit
784 3065 955 3129 dolor
980 3086 1053 3129 ex
1080 3076 1510 3152 praeconcepto
1540 3074 1642 3127 aut
1670 3071 1868 3151 postea
1899 3072 2071 3150 capto
2100 3064 2311 3128 timore

279 3189 288 3206 ··
310 3164 713 3231 discriminum
741 3165 984 3229 honoris
1013 3165 1104 3231 vel
1130 3187 1306 3254 opum
1326 3211 1343 3239 ,
1397 3165 1491 3229 vel
1523 3165 1680 3249 quod
1708 3164 1780 3227 sit
1808 3184 1878 3225 ex
1908 3159 2157 3228 humore
2184 3186 2312 3228 me-

310 3265 643 3332 lancholico
667 3266 923 3342 ¹oriundo
951 3288 1021 3330 ex
1046 3265 1345 3351 indigestis
1374 3266 1433 3327 in
1465 3264 1822 3338 Ventricu10,
1857 3275 2092 3349 praeter
2121 3267 2307 3354 plura.

311 3367 528 3433 Postea
557 3368 883 3456 percontati
909 3377 1047 3436 sunt
1073 3366 1424 3440 Enunrros‚
1480 3364 1618 3452 quid
1663 3365 1852 3429 sciunt
1893 3366 1965 3429 de
1995 3366 2312 3432 Conscien-

309 3469 429 3543 tia,
497 3469 958 3557 responderunt,
1026 3467 1183 3553 quod
1227 3466 1302 3530 sit
1341 3487 1578 3530 maeror
1624 3478 1681 3529 et
1716 3467 1991 3532 anxietas
2025 3468 2311 3554 infestans

310 3591 532 3657 corpus
556 3571 778 3658 et-inde
817 3578 1021 3657 caput,
1073 3579 1175 3635 aut
1216 3578 1392 3656 caput
1439 3578 1496 3631 et
1538 3568 1672 3630 inde
1717 3590 1960 3655 corpus,
2014 3592 2086 3633 ex
2134 3571 2313 3638 variis

309 3672 531 3747 causis,
582 3671 867 3759 imprimis
894 3692 962 3735 ex
992 3670 1133 3746 bac,
1187 3671 1343 3757 quod
1389 3671 1646 3734 animum
1685 3670 2044 3735 intenderint
2081 3673 2184 3735 uni
2223 3672 2311 3736 rei

308 3773 533 3848 solum,
587 3773 745 3859 quod
786 3770 849 3834 fit
886 3774 1175 3857 imprimis
1193 3773 1339 3835 ‘dum
1371 3791 1629 3858 regnans
1655 3792 1823 3835 amor
1851 3773 2102 3858 patitur,
2154 3773 2313 3838 unde

309 3871 668 3960 quandoque
698 3872 1042 3960 phantasiae
1068 3882 1125 3937 et
1153 3873 1356 3936 deliria
1376 3920 1393 3948 ,
1445 3883 1503 3937 et
1538 3871 1693 3960 apud
1723 3872 2005 3960 quosdam
2036 3876 2314 3940 cerebro-

306 3974 512 4039 sitates
552 3975 613 4037 in
659 3973 1000 4060 Religiosis,
1066 3995 1219 4058 quae
1273 3983 1565 4038 vocantur
1619 3995 1845 4039 morsus
1899 3976 2307 4052 conscientiae.

306 4075 456 4140 Post
482 4074 587 4141 hus
614 4075 968 4162 interrogati
1004 4084 1143 4140 sunt
1170 4075 1444 4148 Memor,
1495 4073 1633 4158 quid
1666 4073 2076 4152 Conscientia,
2125 4086 2184 4139 et
2225 4074 2313 4139 di·-

227 4195 234 4202 *
309 4185 542 4253 xerunt,
578 4177 737 4263 quod
762 4176 834 4240 sit
865 4175 1040 4252 modo
1068 4174 1237 4240 dolor
1263 4173 1547 4239 oriundus
1581 4194 1651 4236 ex
1680 4175 2124 4254 variis-morbis,
2164 4196 2312 4264 quos

309 4276 370 4339 in
398 4278 568 4367 copia
594 4281 1127 4351 enumeraverunt,
1181 4286 1240 4339 et
1280 4273 1439 4363 quod
1480 4273 1562 4337 illi
1605 4275 1802 4362 plures
1841 4297 1947 4361 per
1995 4276 2310 4365 pharmaca

1727 4371 1889 4437 Cc*
