2750 4775
451 371 555 420 2³2
676 356 1133 412 UMVERSA
1179 355 1712 412 THEOLOGIA
1765 356 1833 412 N.
1879 355 1944 409 C.
1987 355 2095 407 ΕΤ
2135 356 2197 408 Ν.
2239 355 2306 410 Ε.

449 515 650 578 Caena
678 511 829 577 haec
854 510 1000 575 Tria
1030 508 1277 573 includit
1304 517 1365 572 et
1405 510 1698 584 continet,
1751 510 2020 596 sequitur
2063 509 2216 597 quod
2251 509 2428 573 etiam
2466 509 2548 571 in-

450 614 650 679 cludat
679 622 739 677 et
770 611 1071 676 contineat
1103 609 1482 676 Universalia
1509 608 1671 675 Caeli
1714 619 1772 673 et
1801 610 2131 676 Ecclesiae:
2182 620 2243 675 et
2272 610 2408 698 quia
2434 632 2549 674 om·

451 717 547 780 nia
593 713 914 800 singularia
969 713 1046 775 ab
1094 710 1549 776 Universalihus
1592 710 1953 796 dependent,
2003 714 2153 776 sicut
2196 720 2474 775 contenta
2515 732 2548 774 a

451 819 572 882 suis
601 813 1076 887 continentibus,
1128 812 1397 899 sequitur
1437 813 1648 885 etiam,
1704 813 1862 898 quod
1890 813 2108 877 Sancta
2138 812 2339 877 Caena
2381 811 2548 876 inclu-

451 917 557 982 dat
604 928 661 980 et
709 915 1012 980 contineat
1053 913 1252 976 omnia
1295 912 1620 1000 singularia
1649 911 1811 977 Caeli
1858 922 1915 976 et
1953 912 2273 979 Ecclesiae.
2341 914 2426 978 Ex
2468 912 2547 976 his

452 1018 708 1107 primum
738 1024 1005 1090 constat,
1049 1014 1208 1102 quod
1236 1014 1375 1100 quia
1407 1035 1513 1100 per
1543 1013 1784 1077 Domini
1812 1013 2065 1079 Carnem
2094 1025 2154 1079 et
2179 1013 2552 1100 Sanguinem,

454 1130 514 1182 et
543 1117 813 1183 similiter
841 1137 944 1203 per
969 1115 1195 1180 Panem
1225 1124 1282 1178 et
1309 1115 1564 1190 Vinum,
1616 1114 1963 1200 intelligitur
2001 1115 2288 1180 Divinum
2330 1115 2546 1179 Bonum

452 1228 513 1283 et
559 1218 839 1284 Divinum
886 1218 1143 1294 Verum,
1197 1226 1511 1302 utrumque
1555 1238 1591 1279 a
1633 1216 1890 1279 Domino
1930 1226 1988 1279 et
2018 1217 2347 1292 Dominu5‚
2407 1217 2543 1281 San·

454 1331 553 1383 cta
580 1318 781 1384 Caena
811 1319 1109 1384 contineat
1155 1317 1572 1382 universaliter
1597 1325 1654 1379 et
1682 1316 2062 1405 singulariter
2089 1319 2290 1382 omnia
2322 1318 2476 1382 Caeli
2501 1326 2551 1379 et

455 1419 774 1486 Ecclesiae.

611 1525 755 1588 712.
828 1523 1054 1587 Notum
1109 1521 1285 1585 etiam
1331 1530 1450 1596 est,
1506 1518 1663 1605 quod
1716 1520 2042 1585 Essentalia
2097 1521 2407 1585 Ecclesiae
2449 1519 2550 1583 sint

455 1624 635 1699 Tria,
692 1644 901 1711 nempe
930 1623 1135 1698 Deus,
1188 1619 1464 1686 Charitas
1488 1631 1547 1685 et
1580 1620 1786 1698 Fides,
1839 1632 1897 1686 et
1941 1622 2099 1708 quod
2139 1621 2346 1686 omnia
2378 1622 2455 1684 ibi
2495 1642 2550 1684 se

458 1724 721 1790 referant
751 1724 999 1789 ad'Tria
1030 1722 1126 1787 illa
1145 1774 1158 1797 ,
1213 1733 1275 1786 ut
1305 1722 1379 1787 ad
1406 1745 1512 1788 sna
1540 1717 1920 1789 Universalia
1946 1748 1960 1784 ε
2011 1723 2160 1787 haec
2189 1722 2401 1787 eadem
2428 1729 2548 1785 sunt

459 1847 591 1890 cuin
635 1846 813 1913 supra
861 1825 1062 1899 dictis,
1133 1845 1267 1887 nam
1308 1824 1478 1888 Deus
1512 1825 1571 1885 in
1614 1823 1832 1888 Sancta
1875 1824 2073 1889 Caena
2120 1835 2209 1889 est
2257 1824 2549 1896 Dominus,

464 1925 738 1991 Charitas
775 1935 862 1990 est
900 1925 1181 1990 Divinum
1218 1923 1486 2000 Bonum,
1540 1933 1599 1987 et
1638 1925 1816 1989 Fides
1855 1936 1942 1989 est
1982 1925 2270 1992 Divinum
2316 1926 2547 1995 Verum

460 2027 599 2115 quid
628 2026 896 2093 Charitas
922 2024 1079 2090 aliud
1117 2047 1295 2112 quam
1336 2027 1559 2090 honum
1600 2026 1759 2111 quod
1802 2024 1979 2090 homo
2020 2026 2161 2091 facit
2205 2050 2239 2091 a
2289 2025 2549 2098 Domino,

459 2140 519 2191 et
553 2128 689 2218 quid
730 2127 905 2192 Fides
945 2126 1055 2191 nisi
1098 2148 1301 2191 verum
1341 2127 1501 2213 quod
1540 2126 1718 2191 homo
1760 2127 1946 2190 credit
1986 2149 2020 2191 a
2060 2123 2344 2192 Domino.
2420 2125 2549 2191 Inde

458 2237 584 2306 est,
638 2228 794 2314 quod
831 2226 976 2291 Tria
1016 2229 1130 2293 sint
1171 2226 1228 2291 in
1271 2226 1512 2292 homine
1552 2228 1747 2314 quoad
1792 2228 2096 2293 Internum
2137 2230 2305 2315 ejus,
2359 2249 2549 2314 nempe

459 2331 674 2395 Anima
702 2349 804 2393 seu
832 2327 1031 2406 Mens,
1085 2329 1374 2394 Voluntas
1404 2339 1462 2393 et
1488 2328 1857 2406 Intellectus,
1910 2328 2057 2395 haec
2092 2331 2241 2397 Tria
2285 2338 2419 2395 sunt
2446 2328 2548 2395 Re-

467 2428 774 2518 ceptacula
812 2430 989 2493 trium
1030 2431 1268 2496 illorum
1310 2430 1765 2508 universalium,
1832 2432 1955 2519 ipsa
1995 2429 2212 2496 Anima
2253 2453 2358 2496 seu
2398 2431 2548 2496 Mens

438 2519 554 2596 'est
580 2531 1044 2619 Receptaculum
1084 2532 1356 2607 Domini,
1407 2532 1543 2596 inde
1583 2532 1740 2596 enim
1783 2533 1962 2608 vivit,
2014 2534 2307 2599 Voluntas
2349 2541 2433 2596 est
2470 2553 2547 2594 re·

466 2632 836 2720 ceptaculutn
878 2633 1095 2698 amoris
1133 2655 1234 2697 seu
1276 2632 1451 2707 boni,
1505 2653 1578 2697 ac
1616 2633 1962 2699 Intellectus
1999 2644 2086 2697 est
2126 2632 2546 2720 receptaculum

467 2734 791 2819 sapientiae
816 2755 919 2798 seu
949 2736 1105 2810 veri,
1149 2754 1335 2820 quare
1363 2734 1562 2798 omnia
1588 2745 1648 2797 et
1675 2735 1903 2822 singula
1936 2735 1991 2797 in
2022 2734 2237 2801 Anima
2261 2758 2368 2800 seu
2399 2735 2548 2800 Men·

373 2871 380 2878 ·
468 2844 526 2898 te
545 2884 562 2910 ,
605 2856 719 2898 non
752 2834 928 2899 modo
953 2856 1017 2900 se
1045 2835 1310 2900 referunt
1335 2835 1414 2899 ad
1439 2836 1552 2898 tria
1579 2835 1677 2899 illa
1708 2836 2064 2901 universalia
2091 2837 2253 2901 Caeli
2284 2847 2343 2902 et
2371 2833 2549 2900 Eccle-

464 2937 618 3011 siae,
665 2937 766 3001 sed
794 2938 968 3000 etiam
1002 2936 1327 3023 procedunt
1356 2957 1428 3000 ex
1458 2935 1597 3005 illis;
1652 2937 1745 3000 dic
1771 2938 2084 3024 quicquam
2118 2939 2278 3025 quod
2308 2934 2549 3024 procedit

470 3058 542 3101 ex
583 3036 861 3113 homine,
915 3038 973 3100 in
1017 3052 1136 3121 quo
1177 3058 1296 3100 non
1336 3039 1538 3114 Mens,
1602 3037 1894 3103 Voluntas
1929 3048 1988 3100 et
2032 3038 2377 3104 Intellectus
2414 3043 2547 3107 sunt,

468 3141 515 3203 si
546 3137 883 3203 auferretur
913 3160 1091 3202 unum
1120 3158 1191 3201 ex
1220 3136 1366 3213 illis,
1414 3156 1554 3201 num
1581 3137 1761 3203 homo
1790 3138 1920 3226 plus
1949 3149 2133 3215 esset,
2176 3163 2358 3227 quam
2386 3134 2548 3225 quod-

470 3238 605 3305 dam
659 3239 937 3305 inanime.
1017 3239 1301 3304 Similiter
1326 3249 1461 3303 sunt
1504 3238 1617 3303 tria
1659 3239 1717 3301 in
1760 3238 1998 3304 homine
2037 3241 2231 3326 quoad
2261 3250 2546 3306 externum

469 3342 627 3426 ejus,
680 3340 755 3404 ad
785 3362 934 3427 quae
964 3342 1141 3405 etiam
1172 3341 1367 3403 omnia
1406 3350 1463 3403 et
1503 3340 1732 3426 singula
1776 3362 1840 3404 se
1881 3340 2143 3405 referunt
2186 3352 2244 3406 et
2284 3363 2319 3406 a
2360 3338 2548 3426 quihus

467 3441 830 3530 dependent,
889 3441 1156 3507 videlicet
1187 3440 1443 3526 Corpus,
1496 3439 1644 3517 Cor,
1698 3450 1755 3503 et
1782 3441 2028 3507 Pulmo:
2086 3442 2236 3506 haec
2274 3443 2382 3506 tria
2420 3439 2545 3503 Cor-

468 3542 630 3626 poris
675 3544 850 3605 etiam
902 3541 1362 3629 correspondent
1407 3541 1593 3606 trihus
1631 3543 1878 3617 Mentis,
1945 3541 2065 3608 Cor
2110 3541 2449 3615 Voluntati,
2494 3545 2541 3598 et

468 3641 684 3706 Pulmo
724 3663 825 3705 seu
868 3643 1202 3725 Respiratio
1246 3640 1605 3729 Intellectui:
1663 3644 1818 3730 quod
1866 3642 1995 3708 talis
2034 3637 2539 3732 Correspondentia

466 3742 572 3816 sit,
623 3741 684 3803 in
725 3742 1011 3805 anteactis
1055 3742 1225 3829 plene
1254 3753 1551 3807 ostensum
1597 3753 1696 3808 est.
1780 3744 1870 3807 lta
1916 3766 2070 3809 nunc
2107 3746 2303 3808 omnia
2345 3754 2402 3807 et
2441 3740 2539 3805 sin·

468 3843 604 3929 gula
654 3842 713 3904 in
757 3841 993 3905 homine
1040 3852 1157 3905 tam
1209 3843 1626 3927 universaliter·
1666 3867 1840 3931 quam
1885 3844 2264 3933 singulariter
2310 3844 2534 3908 formata

465 3953 603 4008 suut
631 3951 692 4007 ut
720 3943 1092 4029 receptacula
1125 3944 1296 4007 trium
1327 3943 1561 4009 illorum
1605 3946 2021 4012 universalium
2063 3947 2225 4012 Caeli
2265 3958 2320 4010 et
2361 3940 2535 4009 Eccle—

466 4045 606 4108 siae.
687 4043 876 4109 Causa
924 4055 1040 4121 est,
1093 4045 1230 4132 quia
1277 4042 1457 4109 homo
1494 4056 1727 4113 creatus
1771 4059 1859 4112 est
1904 4047 2099 4137 imago
2144 4057 2205 4111 et
2245 4039 2532 4113 similitudo

470 4145 614 4221 Dei,
670 4144 911 4232 proinde
941 4158 1002 4211 ut
1029 4146 1099 4212 sit
1127 4146 1188 4210 in
1216 4147 1476 4211 Domino
1503 4157 1560 4210 et
1588 4145 1877 4214 Dominus
1903 4148 1961 4212 in
1991 4150 2107 4222 illo.

627 4246 770 4310 713.
810 4246 879 4311 .E
907 4258 1111 4314 contra
1139 4257 1277 4314 sunt
1305 4247 1418 4313 tria
1452 4247 1896 4317 Universalihus
1924 4250 2035 4318 illis
2061 4249 2355 4338 opposita,
2405 4258 2526 4331 ΨΒ*
2642 4270 2644 4329 4
