2750 4775
453 393 557 444 m
677 379 1138 436 uuivssnea
1193 379 1735 435 Tussoroou
1788 356 1853 433 ni.
1896 381 1961 437 o.
2007 380 2115 433 m·
2156 379 2221 436 u.
2264 381 2325 432 E.

545 535 622 601 ad
651 554 866 623 agmen
898 533 1058 622 prius
1087 534 1147 597 in
1175 534 1447 607 aethere,
1504 545 1559 598 et
1590 534 1726 598 inde
1755 535 1998 597 redeant
2031 534 2091 596 in
2123 533 2296 607 alioS,
2347 555 2531 598 secun·

543 637 688 702 dum
728 644 999 703 veterum
1043 634 1604 724 metempsychosin.
1688 637 1829 701 Post
1854 635 2021 698 'haec
2067 635 2302 722 quidam
2346 634 2531 697 Sacer-

545 737 653 803 dos
683 756 787 824 per
812 734 1028 801 solidas
1056 736 1320 801 rationes
1361 758 1468 822 pro
1499 736 1815 801 Creatione
1848 734 2129 800 Universi
2159 757 2192 797 a
2222 735 2348 798 Deo
2384 733 2532 799 rede-

545 839 632 925 gir
657 837 855 903 omnia
881 836 981 901 illa
1009 857 1162 924 quae
1191 837 1345 899 dicta
1373 846 1510 900 sunt
1536 839 1596 900 in
1626 838 1904 900 insulsam
1941 835 2302 922 farraginem
2323 885 2337 907 ‚
2387 844 2442 897 et
2474 833 2532 896 il-

546 939 636 1005 los
675 939 734 1002 in
774 937 1093 1026 pudorem,
1157 938 1260 1002 sed
1303 958 1487 1025 usque
1526 937 1901 1002 retinuerunt
1944 939 2155 1025 priora
2195 958 2296 1001 sua
2336 936 2531 1007 deliria,

552 1063 624 1104 n:
677 1044 780 1104 7⁹.

447 1138 619 1204 XIII.
675 1139 824 1204 Cum
852 1137 1109 1225 quodam
1137 1138 1359 1203 Satana
1390 1138 1464 1202 de
1502 1139 1666 1214 Deo,
1712 1139 1785 1201 de
1814 1138 1996 1202 Caelo
2034 1136 2347 1224 Angelico,
2395 1145 2448 1199 et
2472 1135 2533 1214 de

546 1239 895 1325 Religione,
942 1239 1041 1325 qui
1070 1240 1207 1325 quia
1240 1259 1358 1302 non
1385 1239 1555 1304 scivit
1582 1241 1788 1313 aliter,
1842 1260 2027 1323 quam
2063 1239 2224 1325 quod
2268 1236 2449 1302 adbuc
2482 1235 2532 1296 in

546 1340 728 1430 priori
757 1340 990 1406 Mundo
1016 1349 1198 1414 esset,
1252 1341 1431 1416 dixit,
1462 1342 1643 1425 *quod
1672 1340 1833 1404 Deus
1865 1342 1938 1404 sit
1969 1340 2347 1414 Universum,
2394 1335 2534 1422 quod

545 1440 790 1506 Caelum
847 1436 1194 1525 Angelicum
1248 1441 1322 1505 sit
1376 1439 1815 1504 firmamentum
1870 1440 2429 1527 atmosphaericum,
2484 1444 2533 1498 et

546 1541 706 1629 quod
735 1541 970 1626 Religio
1009 1542 1079 1604 sit
1122 1541 1411 1605 fascinum
1446 1542 1661 1627 plebis,
1716 1549 1953 1628 praeter
1996 1541 2171 1628 plura
2216 1540 2398 1611 satua;
2446 1535 2531 1600 sed

547 1663 679 1706 cum
720 1643 780 1703 in
827 1642 1321 1707 reminiscentiam
1367 1642 1494 1725 ejus
1543 1643 1965 1728 repro-luctum
2020 1652 2145 1716 est,
2200 1639 2349 1726 quod
2402 1655 2532 1701 uum:

547 1753 674 1828 post
707 1749 956 1806 mortem
989 1742 1186 1817 vivat,
1238 1752 1296 1805 et
1325 1741 1484 1830 quod
1525 1742 1686 1806 illam
1719 1741 1899 1806 vitam
1944 1763 2066 1804 non
2113 1743 2277 1829 prius
2301 1738 2531 1804 credide-

547 1843 656 1918 rit,
699 1864 771 1907 eo
802 1853 1104 1907 momento
1133 1843 1319 1908 fassus
1346 1853 1433 1907 est
1461 1841 1621 1928 quod
1651 1842 1997 1906 insaniverit
2018 1890 2034 1917 ‚
2082 1843 2189 1908 sed
2221 1851 2281 1904 ut
2309 1841 2528 1927 primum

535 1962 609 2008 se
663 1943 958 2009 convertit
1020 1950 1079 2005 et
1131 1943 1404 2019 recessit,
1476 1942 1858 2008 consimiliter
1927 1942 2211 2007 insanivit
2264 1953 2325 2005 ut
2380 1939 2529 2028 prius,

503 2076 510 2083 ·
548 2065 626 2106 n:
683 2048 789 2108 80.

447 2143 604 2210 XIV.
664 2142 841 2223 Quod
890 2143 949 2204 in
1004 2152 1175 2208 nocte
1225 2144 1472 2213 viderim
1522 2145 1727 2230 Ignem
1766 2144 2032 2220 fatuum,
2100 2143 2446 2209 defluentem
2480 2138 2531 2199 in

545 2253 800 2317 terram,
855 2243 954 2329 qui
984 2263 1015 2305 a
1063 2246 1259 2308 inultis
1300 2255 1548 2309 vocatur
1576 2246 1810 2321 Draco,
1848 2247 2184 2311 ‘observavi
2226 2245 2409 2309 locum
2448 2235 2530 2303 ubi

521 2344 790 2419 decidit,
843 2355 973 2407 erat
1013 2344 1093 2407 ibi
1141 2356 1299 2410 terra
1337 2345 1656 2431 sulphurea
1700 2348 1881 2412 mixta
1929 2347 2180 2432 pulvere
2224 2342 2436 2414 serrem
2482 2346 2530 2401 et

544 2461 677 2508 cum
726 2463 900 2506 mane
947 2448 1209 2531 spectavi
1256 2448 1425 2521 illuc,
1480 2447 1600 2512 vidi
1646 2447 1727 2511 ibi
1774 2448 1894 2518 duo
1937 2449 2266 2521 Tentoria;
2317 2456 2372 2508 et
2412 2452 2529 2506 tuuc

544 2564 681 2607 mox
711 2561 742 2606 e
771 2543 952 2608 Caelo
982 2545 1252 2633 delapsus
1269 2558 1364 2611 ‘est
1389 2548 1672 2633 Spiritus,
1722 2548 1798 2612 ad
1829 2571 2001 2634 quem
2034 2550 2254 2613 accessi
2283 2555 2340 2611 et
2377 2560 2530 2629 quae·

536 2644 689 2719 sivi,
742 2665 848 2710 cur
875 2668 908 2709 e
937 2646 1118 2712 Caelo
1157 2649 1430 2736 delapsus
1456 2658 1576 2724 est,
1630 2650 1964 2736 respondit,
2019 2650 2178 2736 quod
2217 2650 2292 2713 ab
2320 2640 2535 2729 Angelis

537 2744 851 2812 ‘Michaelis
881 2748 1145 2833 dejectus
1171 2750 1275 2824 sit,
1330 2749 1465 2834 quia
1495 2748 1644 2822 dixi,
1694 2750 1854 2833 quod
1886 2751 2051 2814 Deus
2075 2751 2261 2815 Pater
2285 2757 2340 2812 et
2369 2742 2527 2831 Ipsius

500 2885 506 2890 ·
544 2846 727 2913 Filius
749 2847 867 2912 sint
898 2849 1016 2913 duo
1056 2858 1114 2911 et
1160 2871 1278 2912 non
1312 2870 1528 2922 unum,
1582 2860 1639 2912 et
1684 2849 1828 2913 dixit
1877 2851 2033 2936 quod
2079 2860 2270 2914 totum
2312 2843 2522 2912 Caelum

543 2948 891 3035 Angelicum
935 2948 1168 3025 credat,
1223 2951 1384 3037 quod
1423 2950 1585 3014 Deus
1625 2950 1815 3015 Pater
1858 2960 1916 3014 et
1970 2951 2166 3036 Ipsius
2216 2950 2392 3015 Filius
2432 2942 2526 3009 sint

539 3070 774 3124 unum,
813 3049 965 3113 sicut
992 3049 1185 3114 anima
1218 3060 1276 3114 et
1304 3072 1521 3136 corpus
1551 3072 1731 3114 unum
1774 3061 1943 3128 sunt,
1998 3061 2056 3114 et
2100 3053 2260 3137 quod
2299 3049 2406 3112 hoc
2440 3058 2527 3129 per

487 3183 494 3188 ·
542 3150 727 3215 multa
758 3150 1108 3214 confirment
1134 3171 1204 3213 ex
1230 3151 1463 3226 Verbo,
1521 3161 1579 3214 et
1614 3161 1927 3239 praeterea
1964 3173 2037 3216 ex
2082 3153 2341 3225 ratione,
2391 3139 2524 3233 quod

541 3251 739 3318 anima
768 3249 871 3315 filii
904 3274 1021 3315 non
1045 3251 1122 3316 sit
1149 3250 1257 3315 nisi
1288 3273 1359 3316 ex
1388 3251 1566 3316 Patre
1588 3300 1603 3327 ,
1656 3260 1717 3314 et
1742 3252 1904 3337 quod
1935 3253 2034 3316 illa
2066 3253 2292 3316 et-inde
2320 3251 2373 3313 in
2400 3246 2525 3311 cor·

541 3370 684 3435 pore
712 3351 999 3415 sit-instar
1027 3353 1241 3435 patris:
1284 3363 1340 3416 et
1370 3352 1613 3428 addidit,
1660 3353 1817 3437 quod
1847 3354 2084 3439 quidem
2110 3355 2173 3414 in
2204 3352 2385 3416 Caelo
2404 3363 2524 3409 con-

465 3495 470 3500 .
523 3446 725 3513 fessus
750 3450 843 3525 sit,
884 3453 1032 3513 sicut
1061 3454 1222 3537 prius
1247 3454 1305 3516 in
1336 3453 1528 3526 terris,
1569 3453 1726 3539 quod
1767 3452 1923 3516 Deus
1958 3475 2108 3518 unus
2145 3452 2238 3528 sit,
2282 3452 2377 3520 sed
2407 3444 2520 3532 quia

461 3577 465 3588 ⁴
541 3548 834 3613 confessio
874 3551 993 3612 oris
1031 3561 1088 3612 et
1136 3553 1417 3636 cogitatio
1451 3554 1658 3618 mentis
1697 3555 1753 3614 in
1793 3553 1908 3617 hoc
1946 3554 2338 3627 dissidebant,
2386 3547 2522 3612 dixe·

540 3657 677 3710 runt
706 3648 864 3734 quod
895 3669 1014 3711 non
1043 3651 1342 3716 crederem
1373 3654 1431 3715 in
1465 3655 1721 3739 aliquem
1751 3654 1959 3726 Deum,
1992 3655 2135 3741 quia
2169 3676 2281 3715 una
2312 3648 2519 3731 dissipat

536 3745 816 3819 alteram
874 3757 933 3809 et
960 3748 1150 3824 dixit,
1189 3753 1352 3838 quod
1387 3752 1534 3817 haec
1576 3753 1754 3818 fuerit
1802 3775 1979 3818 causa
2022 3753 2364 3838 dejectionis
2401 3747 2517 3831 ejus.

538 3846 683 3911 Post
724 3847 874 3912 diem
922 3850 1105 3914 redux
1144 3851 1215 3914 ad
1259 3854 1511 3918 eundem
1563 3855 1788 3929 locum,
1849 3854 1968 3919 vidi
2017 3855 2165 3918 duas
2203 3854 2428 3918 Statuas
2460 3863 2517 3935 ‚³¹

536 3945 708 4012 simili
754 3948 1028 4036 pulvere,
1083 3973 1236 4040 qnae
1277 3961 1411 4016 erat
1450 3954 1685 4019 miscela
1735 3953 2031 4037 sulphuris
2081 3965 2140 4017 et
2187 3953 2354 4040 ferri,
2408 3949 2516 4011 loco

536 4047 790 4114 duorum
818 4052 1206 4117 tentoriorum
1226 4101 1243 4131 ,
1285 4075 1536 4140 quarum
1568 4076 1683 4118 una
1713 4055 2203 4140 repraesensabat
2231 4052 2515 4118 hodiernae

536 4145 835 4213 Ecclesiae
864 4151 1072 4215 Fidem
1114 4162 1173 4216 et
1221 4153 1404 4217 altera
1451 4155 1576 4238 ejus
1605 4154 2006 4233 Char-itatem,
2062 4153 2367 4241 utramque
2410 4144 2511 4235 pul·

536 4242 676 4310 chre
709 4250 1015 4329 vestitam,
1068 4252 1169 4321 sed
1215 4262 1406 4320 vestes
1433 4254 1706 4318 inductae·
1739 4267 1909 4321 erant
1934 4280 2046 4344 per
2071 4256 2422 4344 phantasiam
2465 4251 2515 4308 δῖ
