2750 4775
452 395 559 444 1⁵⁰
675 380 1139 436 umvEnsA
1186 380 1722 433 ἰἰιεοιοθιι
1768 383 1834 438 Ν,
1880 381 1946 440 c,
1988 383 2095 434 εἰ
2136 381 2204 436 Ν,
2249 381 2310 436 Ε,

448 533 776 600 nuditatem
808 534 1044 598 illorum
1075 533 1425 619 intelligitur
1461 534 1795 601 innocentia
1836 536 1896 599 in
1932 557 2049 622 qua
2089 535 2249 621 prius
2287 533 2557 610 fuerunt,

451 647 513 701 et
541 656 643 724 per
669 634 811 701 folia
840 633 989 700 ficus
1009 655 1153 700 vera
1179 635 1465 699 naturalis
1495 635 1780 712 bominis,
1833 658 1988 723 quae
2024 635 2352 701 successive
2395 635 2559 700 falsi-

450 737 629 803 ficata
656 746 825 822 sunt.
917 737 1226 802 Primitiva
1262 735 1361 800 illa
1409 736 1672 803 Ecclesia
1717 739 1896 802 etiam
1944 736 2313 824 aequiparari
2363 746 2576 824 potest

449 839 707 905 diluculo
734 849 793 903 et
824 848 1113 912 matutae,
1167 858 1238 902 ex
1267 858 1382 925 qua
1413 837 1537 902 dies
1566 839 1848 926 processit
1874 840 1948 905 ad
1988 840 2273 903 decimam
2317 837 2557 912 horam,

447 942 551 1008 sed
596 952 740 1006 tunc
784 940 965 1006 densa
1010 940 1197 1005 nubes
1240 939 1588 1017 intervenit,
1640 940 1751 1004 sub
1805 961 1920 1026 qua
1974 941 2097 1004 dies
2149 939 2434 1027 processit
2481 939 2560 1002 ad

451 1064 788 1131 vesperam,
841 1051 929 1106 est
957 1050 1083 1131 post
1109 1041 1263 1107 hanc
1290 1042 1351 1104 in
1381 1052 1644 1116 noctem,
1700 1042 1902 1129 in-qua
1933 1064 2039 1130 pro
2069 1041 2420 1129 quibusdam
2456 1061 2559 1103 ex·

453 1153 583 1208 orta
610 1154 696 1207 est
725 1144 926 1217 Luna,
976 1163 1048 1204 ex
1080 1144 1244 1229 cujus
1272 1141 1494 1206 lumine
1522 1142 1704 1227 aliqui
1734 1143 1952 1230 aliquid
1992 1143 2264 1206 viderunt
2295 1162 2376 1204 ex
2402 1141 2560 1204 Ver-

452 1244 569 1319 bo,
619 1254 681 1307 et
723 1245 928 1330 reliqui
957 1245 1017 1306 in
1046 1243 1351 1329 caliginem
1384 1253 1733 1309 nocturnam
1766 1245 2053 1330 progressi
2082 1253 2217 1308 sunt
2243 1265 2318 1306 eo
2345 1263 2558 1328 usque,

453 1355 520 1408 ut
564 1342 711 1409 nibil
753 1345 1072 1410 Divintatis
1117 1344 1176 1406 in
1227 1342 1613 1408 Humanitate
1657 1345 1897 1409 Domini
1947 1346 2251 1419 viderent,
2319 1344 2559 1406 tametsi

451 1445 674 1512 Paulus
697 1446 870 1520 dicit,
925 1447 1079 1532 quod
1107 1446 1166 1508 in
1194 1444 1347 1509 Jesu
1376 1442 1614 1511 Christo
1639 1449 1835 1511 omnis
1855 1445 2173 1537 plenitudo
2198 1444 2557 1510 Divinitaris

451 1545 676 1612 habitet
703 1545 1112 1640 corporaliter,
1152 1545 1371 1613 Coloss.
1419 1547 1509 1610 ll:
1555 1553 1646 1620 9.;
1698 1556 1758 1610 et
1787 1547 2111 1622 Johannes,
2156 1546 2318 1632 quod
2347 1542 2557 1608 Filius

453 1648 576 1717 Dei
597 1652 817 1713 missus
845 1653 908 1713 in
934 1646 1238 1714 Mundum
1267 1652 1346 1713 sit
1370 1672 1560 1713 verus
1584 1648 1753 1714 Deus
1777 1663 1834 1713 et
1860 1653 1994 1714 vita
2021 1662 2281 1721 aeterna,
2316 1651 2347 1709 1
2367 1645 2559 1733 Epist.

451 1750 537 1813 V:
588 1753 688 1815 20.
723 1755 824 1812 21.
893 1750 1155 1814 Ecclesia
1186 1749 1480 1833 primitiva
1512 1771 1616 1814 seu
1642 1748 1999 1837 Apostolica,
2041 1769 2330 1834 nusquam
2361 1747 2560 1835 potuit

452 1851 740 1927 ominari,
793 1851 950 1939 quod
977 1872 1315 1917 successura
1343 1850 1418 1915 sit
1447 1851 1743 1926 Ecclesia,
1796 1873 1948 1936 quae
1994 1853 2189 1936 plures
2218 1849 2382 1913 Deos
2421 1870 2558 1912 cor-

451 1953 560 2027 de,
611 1963 670 2015 et
713 1974 894 2014 unum
940 1972 1045 2012 ore
1084 1951 1335 2022 coleron
1389 1973 1543 2037 quae
1579 1963 1881 2040 separaret
1927 1951 2275 2016 charitatem
2326 1971 2362 2012 a
2404 1947 2558 2018 fide;

446 2042 849 2118 remissionem
891 2060 1261 2141 peccatorum
1303 2075 1337 2117 a
1380 2053 1733 2138 paenitentia
1774 2063 1833 2114 et
1877 2055 2071 2116 studio
2115 2071 2308 2115 novae
2357 2050 2556 2121 vitae;

450 2175 722 2241 quaeque
747 2153 1052 2216 induceret
1080 2155 1325 2221 totalem
1355 2155 1760 2242 impotentiam
1787 2155 1848 2217 in
1875 2154 2303 2240 spiritualibus;
2351 2160 2411 2214 et
2447 2149 2557 2212 mi-

450 2256 645 2330 nime,
696 2254 852 2339 quod
883 2253 1094 2339 aliquis
1122 2255 1296 2320 Arius
1323 2256 1586 2319 elevaret
1629 2263 1831 2342 caput,
1886 2266 1945 2317 et
1984 2255 2220 2342 quando
2261 2257 2350 2315 est
2394 2274 2557 2315 mor·
2590 2286 2598 2297 ι
2699 2240 2700 2249 “

451 2365 624 2432 tuuS,
676 2365 1043 2442 resurgeret,
1096 2367 1155 2421 et
1183 2350 1589 2434 dominaretur
1617 2357 1947 2421 clanculum
1979 2378 2161 2443 usque
2191 2355 2263 2418 ad
2293 2351 2503 2416 finem.

549 2493 561 2505 ·
608 2462 756 2522 639.
811 2457 985 2539 Quod
1014 2460 1356 2544 non-aliqua
1382 2457 1563 2523 Fides
1601 2460 1947 2544 imputativa
1988 2458 2178 2521 meriti
2205 2454 2427 2518 Christi
2467 2456 2556 2517 in·

450 2556 687 2621 tellecta
714 2559 787 2623 sit
812 2559 870 2620 in
899 2559 1097 2640 Verbo
1115 2608 1130 2634 ,
1183 2569 1342 2648 patet
1372 2559 1529 2622 clare
1558 2560 1800 2635 exinde,
1839 2560 2010 2646 ‘quod
2052 2559 2149 2622 illa
2178 2556 2322 2620 fides
2350 2557 2407 2617 in
2443 2555 2556 2619 Ec-

455 2658 632 2723 clesia
664 2661 822 2747 prius
848 2682 967 2723 non
997 2670 1136 2725 nota
1168 2660 1343 2724 suerit
1362 2707 1380 2735 ‚
1435 2682 1610 2746 qnam
1654 2670 1957 2747 postquam
1984 2660 2244 2724 Nicaena
2273 2657 2557 2746 Synodus

451 2769 573 2824 tres
598 2761 890 2826 Personas
915 2761 1160 2825 Divinas
1191 2762 1268 2825 ab
1295 2770 1539 2826 aeterno
1568 2759 1920 2834 introduxit:
1971 2771 2030 2824 et
2068 2783 2198 2825 cum
2229 2757 2380 2821 haec
2405 2756 2558 2821 fides

450 2861 787 2926 introducta
816 2873 932 2937 est,
986 2872 1043 2927 et
1083 2863 1338 2948 pervasit
1381 2872 1569 2927 totum
1598 2866 1823 2930 Orbem
1852 2862 2277 2936 Christianum,
2314 2860 2558 2942 rejecta

457 2970 542 3025 est
585 2963 773 3027 omnis
810 2963 925 3027 alia
968 2959 1164 3027 fides
1149 2984 1209 3025 ln
1249 2963 1554 3039 tenebras3
1612 2987 1795 3050 quare
1841 2966 2176 3052 quicunque
2221 2971 2363 3025 tunc
2407 2959 2561 3044 legit

453 3062 752 3140 Verbum,
806 3074 865 3127 et
901 3065 1062 3128 videt
1105 3064 1313 3140 tidem,
1365 3064 1845 3151 imputationem,
1898 3076 1956 3129 et
1995 3067 2268 3129 meritum
2310 3060 2557 3136 Christi,

454 3185 524 3227 ex
548 3185 610 3229 se
636 3164 884 3228 incidit·
869 3186 929 3228 ιιι
959 3166 1133 3240 illud,
1186 3166 1342 3253 quod
1373 3165 1619 3230 credidit
1647 3169 1928 3240 unicum3·
1968 3166 2118 3230 sicut
2158 3165 2256 3251 qui
2294 3163 2556 3246 scriptu-

451 3286 580 3329 ram
609 3266 779 3330 unius
810 3266 1056 3354 paginae
1085 3267 1274 3343 videt,
1324 3276 1388 3329 et
1426 3266 1506 3329 ibi
1545 3268 1839 3346 subsistit,
1891 3276 1950 3331 et
1991 3288 2110 3331 non
2149 3265 2327 3333 vertit
2365 3263 2555 3338 illam,

451 3376 508 3430 et
538 3367 697 3434 videt
725 3368 901 3431 aliud.
960 3364 1076 3430 Aut
1101 3368 1251 3430 sicut
1277 3367 1378 3451 qui
1408 3367 1718 3453 persuadet
1744 3367 1870 3442 sibi,
1902 3368 2057 3455 quod
2086 3368 2198 3430 boc
2224 3366 2297 3430 sit
2318 3386 2556 3438 verum,

453 3469 685 3533 tametsi
723 3467 966 3542 falsum,
1022 3478 1080 3533 et
1124 3467 1178 3529 id
1219 3468 1409 3530 solum
1453 3467 1796 3547 confirmat,
1848 3478 1989 3533 tunc
2029 3468 2190 3534 videt
2229 3466 2441 3530 falsum
2489 3472 2556 3527 ut

454 3590 695 3643 verum,
747 3578 807 3631 et
846 3590 1049 3633 vorum
1095 3578 1158 3631 ut
1201 3567 1444 3645 falsum,
1494 3568 1590 3640 hic
1629 3580 1829 3658 postea
1871 3568 2285 3654 comprimeret
2321 3566 2558 3639 dentes,

453 3678 513 3732 et
540 3668 807 3733 sibilaret
848 3691 951 3733 ore
993 3669 1066 3732 ad
1108 3690 1340 3732 omnem
1371 3670 1468 3754 qui
1497 3669 1556 3733 id
1586 3673 1921 3758 impugnat,
1975 3680 2032 3732 et
2064 3670 2281 3732 diceret
2309 3687 2432 3729 non
2465 3668 2558 3728 in-

449 3767 714 3855 telligens
741 3791 833 3842 es;
890 3791 1053 3834 mens
1080 3770 1207 3854 ejus
1234 3778 1356 3832 tota
1386 3780 1472 3834 est
1497 3771 1556 3833 in
1587 3771 1685 3835 illo
1705 3813 1721 3846 ,
1782 3772 2179 3835 circumducta
2211 3767 2393 3841 callo,
2449 3766 2552 3853 qui

450 3870 601 3935 sicut
625 3869 984 3936 heterodoxa
1016 3871 1202 3957 rejicit
1229 3872 1425 3935 omnia
1456 3895 1606 3959 quae
1634 3896 1765 3937 cum
1794 3874 1912 3938 suis
1947 3863 2285 3937 orthodoxis
2325 3869 2403 3931 ita
2443 3891 2556 3933 vo·

452 3971 596 4035 catis
624 3993 745 4035 non
773 3982 1136 4045 consonant;
1189 3982 1276 4036 est
1305 3973 1458 4037 enim
1498 3975 1782 4037 memoria
1820 3976 1947 4061 ejus
1977 3975 2126 4038 sicut
2169 3971 2401 4043 tabula,
2457 3969 2558 4033 cui

450 4073 688 4134 unicum
728 4071 842 4137 hoc
884 4074 1312 4161 Theologicum
1357 4074 1665 4140 dominans
1709 4075 2053 4160 inscriptum
2097 4082 2215 4146 est;
2279 4071 2325 4136 si
2364 4072 2561 4133 intrat

452 4170 691 4257 aliquod
718 4172 910 4249 aliud,
960 4196 1080 4240 non
1108 4175 1301 4240 locum
1330 4174 1511 4237 habet
1547 4175 1647 4239 nbi
1689 4176 2011 4250 inseratur,
2066 4191 2248 4263 quare
2292 4171 2353 4234 id
2392 4171 2561 4258 eiicit

453 4272 604 4335 sicut
632 4295 698 4338 os
725 4296 1009 4363 spumam.
1086 4277 1205 4341 Pro
1234 4273 1533 4361 exemplo,
1587 4274 1676 4339 dic
1717 4275 1790 4338 ad
1834 4274 2243 4340 confirmatum
2284 4272 2561 4337 Natura-
