2750 4775
459 401 570 453 108
690 390 1144 445 umvssflsa
1204 389 1733 443 THEOLOGM
1782 391 1847 444 δ’.
1891 388 1956 444 C.
2000 389 2116 440 ΕΤ
2159 390 2226 440 N.
2274 390 2338 444 E.

561 566 714 633 qnae
741 545 924 608 exivit
952 566 1059 631 pro
1096 540 1328 606 Influxu
1355 542 1678 630 spirituali,
1734 563 1886 629 qnae
1922 542 2116 630 quoad
2161 550 2389 630 partem
2431 563 2551 607 cnm

563 643 795 710 Influxu
825 644 1539 719 occasionalicoincidit,
1593 662 1665 706 n:
1722 649 1871 708 ⁶96.

458 746 699 814 LXXV.
755 746 933 829 Quod
963 747 1278 834 perductus
1301 746 1411 811 sim
1451 746 1508 808 in
1542 745 1839 830 quoddam
1878 743 2307 835 Gymnasium,
2362 746 2421 808 in
2448 769 2557 832 quo

560 849 829 914 Juvenes
867 848 1256 911 initiabantur
1307 847 1366 908 in
1414 845 1583 911 varia
1622 867 1776 932 quae
1810 846 2137 932 sapientiae
2181 856 2360 923 sunt,
2415 848 2557 934 quod

563 947 744 1014 fiebat
789 970 894 1038 per
939 949 1380 1012 ventilationem
1422 946 1668 1033 alicujus
1702 947 1954 1032 objecti,
2006 947 2167 1034 qnod
2209 969 2242 1011 a
2285 948 2559 1012 Praesule

562 1052 642 1114 ibi
673 1049 1147 1139 proponebatur,
1197 1059 1256 1113 et
1283 1047 1577 1131 objectum
1608 1048 2006 1112 ventilationis
2031 1059 2174 1112 tunc
2202 1058 2357 1124 erat,
2399 1050 2562 1128 Qum

563 1152 779 1219 Anum
799 1200 817 1228 ,
867 1171 944 1215 m·
967 1170 1191 1229 onnus
1219 1169 1395 1221 ιιιΔς
1448 1157 1576 1213 erat
1605 1149 1899 1215 Cathedra
1922 1199 1938 1225 ‚
1991 1151 2051 1212 in
2077 1171 2259 1235 quam
2288 1150 2561 1214 ascende-

564 1253 706 1317 bant
739 1254 1105 1341 responsuri3
1159 1261 1218 1313 et
1247 1273 1383 1319 mox
1409 1249 1588 1313 Unus
1626 1251 1890 1314 ascendit
1918 1251 2146 1326 dicens,
2202 1251 2366 1337 quod
2396 1273 2560 1314 nemo

565 1375 600 1419 a
631 1353 945 1418 Creatione
971 1351 1176 1417 Mundi
1206 1352 1459 1440 potuerit
1486 1351 1801 1437 indagare,
1856 1351 1994 1438 qnid
2021 1348 2238 1415 Anima
2280 1362 2340 1413 et
2384 1351 2559 1438 qualis

563 1453 701 1527 illu
753 1464 815 1519 at
855 1455 994 1539 quia
1030 1454 1362 1528 sciverunt,
1415 1451 1575 1538 quod
1615 1449 1830 1542 Anima
1868 1462 2023 1517 esset
2056 1452 2113 1515 in
2154 1452 2435 1529 homine,
2482 1455 2560 1516 iu·

563 1555 843 1644 quisitum
871 1565 991 1629 est,
1044 1555 1282 1618 ubinam
1311 1554 1440 1629 illa,
1493 1563 1549 1615 et
1578 1554 1737 1638 quod
1773 1552 1981 1629 fuerit,
2032 1554 2134 1642 qui
2160 1554 2441 1640 opinatus
2466 1565 2560 1626 est,

565 1656 724 1744 quod
752 1657 908 1743 apud
935 1656 1230 1721 hominem
1258 1651 1512 1719 resideat
1538 1654 1598 1719 in
1628 1654 1880 1741 quadam
1908 1653 2239 1730 Glandula‚
2285 1677 2441 1742 quae
2469 1678 2560 1717 vo·

568 1767 740 1821 catur
778 1755 1065 1829 Pinealis,
1115 1765 1178 1821 et
1223 1755 1387 1820 sedet
1431 1757 1584 1817 inter
1626 1755 1743 1820 duo
1787 1755 2049 1820 Cerebra
2094 1755 2152 1818 iu
2197 1756 2440 1841 Capite3
2506 1767 2556 1817 et

566 1858 725 1946 quod
753 1857 868 1923 hoc
897 1859 1148 1945 primum
1179 1855 1524 1930 crediderit,
1562 1856 1664 1919 sed
1693 1858 1828 1943 quia
1861 1879 1893 1919 a
1922 1856 2119 1921 multis
2149 1858 2437 1942 rejectum
2466 1867 2561 1929 est,

568 1969 697 2050 post
728 1959 904 2025 etiam
932 1960 1052 2045 ipse
1079 1956 1405 2022 recesserit.
1482 1958 1626 2022 Post
1652 1955 1810 2020 hunc
1832 1958 2158 2022 Sceunnns
2187 1958 2474 2033 ascendit,
2505 1967 2558 2020 et

568 2059 727 2134 dixit,
757 2060 918 2146 quod
937 2058 1146 2122 credat
1176 2058 1336 2146 quod
1365 2058 1536 2122 sedes
1558 2057 1805 2122 Animae
1834 2060 1892 2123 in
1919 2058 2125 2145 Capite
2152 2059 2248 2132 sit,
2286 2059 2556 2145 quoniam

557 2159 908 2227 Intellectus
946 2159 1027 2222 ibi
1067 2170 1185 2238 est,
1236 2158 1340 2223 sed
1381 2160 1519 2244 quia
1548 2178 1663 2222 non
1696 2161 1884 2245 potuit
1914 2159 2179 2223 divinare
2210 2160 2311 2223 ubi
2342 2162 2443 2224 illa
2468 2159 2560 2234 ibi,

567 2261 880 2327 accesserit
907 2282 1064 2324 nunc
1090 2262 1163 2325 ad
1190 2260 1541 2325 sententiam
1569 2259 1824 2335 illorum,
1864 2261 1961 2348 qui
1990 2261 2264 2326 dixerunt
2290 2262 2453 2348 quod
2480 2282 2564 2324 se-

568 2361 671 2427 des
697 2362 823 2448 ejus
850 2371 1001 2427 esset
1028 2362 1085 2426 in
1114 2363 1303 2428 tribus
1329 2360 1573 2427 Cerebri
1604 2361 1988 2437 ventriculis,
2042 2382 2196 2425 nunc
2226 2362 2300 2427 ad
2332 2363 2563 2427 illorum
2696 2439 2697 2450 χ

564 2463 667 2549 qui
695 2462 970 2530 dixerunt
999 2463 1156 2527 illam
1201 2485 1327 2529 esse
1372 2464 1433 2525 in
1468 2462 1829 2550 Corporibus
1868 2464 2087 2528 striatis
2128 2464 2239 2539 ibi,
2292 2486 2456 2526 nunc
2492 2464 2560 2526 ad
2651 2467 2661 2472 ’
2696 2493 2697 2516 1

563 2562 800 2627 illorum
829 2565 930 2650 qui
958 2565 1230 2628 dixerunt
1257 2566 1318 2628 in
1343 2563 1685 2628 Substantia
1713 2564 2019 2629 medullari
2048 2575 2149 2628 aut
2176 2565 2469 2638 corticali,
2509 2574 2562 2629 et

570 2686 729 2729 nunc
756 2665 832 2729 ad
857 2664 1092 2730 illorum
1118 2667 1216 2752 qui
1245 2666 1519 2730 dixerunt
1544 2666 1604 2727 in
1634 2665 1801 2729 Dura
1826 2667 2043 2741 Matre,
2082 2666 2298 2749 quibus
2325 2666 2560 2742 addidit,

565 2766 726 2854 quod
756 2768 1052 2855 relinquat
1082 2768 1289 2854 cuique
1318 2766 1615 2841 arbitrari,
1652 2768 1809 2852 quod
1840 2766 1997 2830 tibet.
2051 2768 2338 2831 Tmrrws
2369 2787 2560 2831 ascen-

567 2869 711 2934 dens
738 2869 898 2942 dixit,
945 2870 1102 2956 quod
1131 2869 1313 2933 Sedes
1339 2866 1572 2931 animae
1600 2878 1750 2931 esset
1777 2861 1835 2930 in
1865 2867 2055 2932 Corde
2083 2877 2142 2930 et
2168 2868 2303 2931 inde
2336 2869 2394 2930 in
2423 2869 2560 2933 San·

565 2970 773 3056 guine,
823 2979 885 3034 et
931 2968 1047 3033 hoc
1092 2968 1464 3034 confirmavit
1505 2989 1579 3031 ex
1626 2968 1863 3045 Verbo,
1932 2969 2031 3032 ubi
2078 2970 2295 3032 dicitur
2335 2969 2460 3033 Cor
2507 2978 2559 3030 et

565 3071 795 3142 Anima.
879 3071 1183 3153 Quam-us
1223 3077 1425 3157 postea
1455 3069 1775 3134 ascendens
1808 3069 1980 3146 dixit,
2034 3069 2189 3155 quod
2236 3092 2269 3133 a
2312 3069 2556 3154 pueritia

567 3194 700 3236 cum
745 3169 1021 3259 Antiquis
1061 3171 1404 3246 crediderit,
1458 3171 1615 3257 quod
1657 3170 1869 3236 Anima
1915 3192 2032 3235 non
2071 3182 2222 3235 esset
2268 3172 2328 3233 in
2381 3180 2559 3256 parte,
2603 3187 2609 3193 ·

566 3273 666 3337 sed
695 3274 760 3336 in
788 3276 982 3348 Toto,
1031 3275 1165 3361 quia
1197 3283 1282 3338 est
1310 3272 1632 3336 substantia
1661 3271 1974 3359 spiritualis
2002 3273 2074 3334 de
2100 3293 2216 3357 qua
2247 3293 2369 3335 non
2401 3292 2560 3357 prae·

566 3373 749 3438 dicari
796 3383 984 3461 potest
1031 3374 1224 3450 locus,
1293 3372 1395 3437 sed
1436 3374 1743 3461 impletio,
1792 3383 1920 3448 tuni
1969 3373 2105 3460 quia
2150 3393 2258 3457 per
2302 3376 2555 3435 animam

564 3474 743 3538 etiam
770 3475 1117 3560 intelligitur
1144 3476 1295 3549 vita,
1347 3494 1419 3537 ac
1457 3474 1576 3540 vita
1607 3485 1692 3537 est
1720 3474 1778 3536 in
1807 3484 1952 3538 toto.
2034 3472 2323 3552 Qunrrus
2364 3494 2560 3538 ascen·

565 3574 710 3640 dens
748 3577 919 3649 dixit,
986 3576 1143 3661 quod
1192 3575 1396 3639 credat
1445 3577 1714 3638 Animam
1760 3596 1884 3639 esse
1931 3596 2140 3662 purum
2186 3575 2330 3660 quid
2377 3573 2559 3640 simile>

566 3674 792 3740 aetheri
822 3685 924 3737 aut
964 3675 1115 3749 aeti,
1168 3685 1227 3737 et
1265 3676 1423 3761 quod
1461 3675 1574 3741 boc
1613 3676 1925 3741 crediderit
1963 3675 2097 3761 quia
2142 3675 2377 3760 opinati
2411 3683 2559 3748 sunt,

566 3776 724 3860 quod
768 3774 980 3839 Anima
1027 3774 1157 3839 talis
1197 3773 1381 3846 foret.
1438 3788 1740 3863 postquam
1783 3785 2171 3864 separata‘est
2215 3798 2247 3838 a
2291 3795 2553 3862 corpore.

565 3876 680 3940 Sed
710 3877 845 3961 quia
885 3875 1192 3962 Sapientes
1232 3878 1289 3938 in
1319 3876 1651 3942 Orchestra
1692 3886 2108 3965 perceperunt.
2167 3878 2323 3963 quod
2371 3876 2558 3939 nullus

565 3997 639 4039 ex
689 3976 801 4040 illis
851 3976 1027 4041 sciret
1080 3977 1218 4063 quid
1277 3974 1523 4051 Anima,
1590 3979 1881 4064 rogabant
1914 3978 2303 4066 jl‘raesulem,
2358 3978 2457 4064 qui
2502 3975 2554 4037 id

567 4076 868 4163 problema
899 4086 1327 4167 proposuerat,
1367 4088 1433 4141 ut
1474 4078 1857 4144 descenderet
1891 4089 1951 4144 et
1991 4077 2270 4154 doceret,
2320 4078 2420 4142 hic
2454 4078 2557 4140 ita-

565 4199 680 4262 que
709 4178 1063 4264 descendens
1103 4180 1279 4254 dixit,
1334 4178 1490 4265 quod
1532 4180 1745 4243 Anima
1781 4182 1860 4247 sit·
1892 4181 2016 4267 ipsa
2061 4180 2330 4245 Essentia
2373 4178 2559 4244 bomi-

478 4305 482 4316 ἱ
566 4278 685 4353 nis,
738 4281 795 4343 et
822 4278 1258 4366 quiassssentia
1297 4278 1534 4363 absque·
1566 4277 1755 4345 forma
1805 4267 1929 4346 non'
1964 4291 2052 4348 est
2086 4279 2348 4367 aliquid,
2404 4271 2557 4366 quod
