2750 4775
482 382 552 434 ⁸3
712 357 1159 425 umvensA
1218 370 1749 424 Tussonoola
1809 374 1872 423 α.
1916 373 1979 424 (3.
2024 373 2126 423 m·
2170 373 2234 428 m.
2274 373 2334 427 E.

475 524 735 612 jucunda
765 525 983 589 amoris
1007 532 1065 588 et
1089 544 1337 588 amaena
1367 525 1740 611 cogitationis
1774 527 1900 612 ejus
1939 527 2114 614 plene
2143 526 2453 590 sentiuntur
2483 535 2533 587 et

477 626 898 714 percipiuntur,
951 636 1010 689 et
1039 624 1197 711 quod
1226 625 1529 700 mirabile,
1582 628 1939 714 quandoque
1965 627 2372 698 sicutodores;
2421 625 2534 689 inde

478 735 600 801 est,
652 725 810 813 quod
839 747 1054 790 omnes
1091 727 1148 788 in
1191 725 1419 790 Mundo
1457 727 1757 813 spirituali
1801 729 2214 793 consocientur
2250 727 2536 791 secundum

478 848 711 893 amores
746 849 912 903 suos,
968 828 1024 889 in
1059 827 1240 890 Caelo
1281 828 1602 892 secundum
1646 851 1814 902 suos,
1868 830 1924 893 in
1966 828 2205 893 Inferno
2243 827 2534 892 secundum

474 951 640 1001 suos;
707 929 952 1004 odores,
1007 929 1065 992 in
1106 948 1254 1013 quos
1294 937 1610 993 vertuntur
1649 929 1901 1013 jucunda
1948 951 2216 995 amorum
2265 930 2321 992 in
2362 928 2536 1002 Caelo,

471 1032 805 1095 sentiuntur
832 1050 1037 1094 omnes
1063 1029 1213 1092 sicut
1241 1030 1389 1093 tales
1414 1028 1796 1115 fragrantiae,
1848 1031 2313 1104 suaveolentiae,
2368 1051 2538 1092 amae-

470 1153 583 1196 nae
620 1131 1000 1219 spirationes,
1063 1140 1120 1192 et
1163 1129 1464 1194 delitiosae
1502 1132 1937 1219 perceptiones,
1989 1133 2193 1220 quales
2234 1131 2537 1196 sentiuntur

470 1234 530 1296 in
557 1232 778 1305 hortis,
828 1230 1088 1305 floretis,
1139 1231 1297 1316 agris
1336 1239 1396 1293 et
1439 1231 1622 1321 sylvis
1659 1236 1718 1296 in
1763 1233 2032 1308 matutis,
2084 1244 2346 1320 tempore
2373 1233 2535 1298 veris:

469 1331 685 1397 odores
716 1340 912 1396 autem
943 1332 1002 1395 in
1030 1355 1178 1417 quos
1204 1341 1516 1396 vertuntur
1553 1333 1807 1419 jucunda
1841 1355 2109 1398 amorum
2145 1335 2404 1408 illorum,
2452 1331 2538 1418 qui

470 1435 532 1497 in
578 1432 817 1499 Inferno
859 1445 1027 1510 sunt,
1077 1433 1413 1498 sentiuntur
1457 1442 1519 1496 ut
1564 1433 1835 1510 nidores,
1900 1435 2156 1500 faetores
2202 1445 2261 1498 et
2306 1444 2538 1523 putores,

470 1535 672 1622 quales
701 1554 734 1596 e
763 1534 1018 1610 latrinis,
1071 1535 1490 1609 cadaveribus,
1543 1542 1602 1599 et
1627 1527 1850 1619 stagnis
1878 1536 2201 1622 quisquiliis
2228 1547 2287 1600 et
2312 1533 2539 1619 sterqui-

467 1636 621 1700 liniis
659 1637 937 1724 oppletis;
991 1647 1049 1697 et
1077 1635 1236 1720 quod
1273 1634 1572 1709 mirabile,
1624 1636 1842 1700 diaboli
1883 1647 1941 1701 et
1982 1646 2222 1701 satanae
2266 1637 2344 1699 ihi
2383 1635 2540 1699 seuti-

465 1746 581 1800 unt
611 1736 706 1800 illa
754 1746 829 1800 ut·
860 1737 1156 1808 balsama,
1212 1746 1481 1800 aromata
1521 1747 1578 1799 et
1624 1736 1830 1812 thura,
1885 1759 2036 1824 quae
2066 1759 2244 1801 nares
2283 1747 2339 1800 et
2379 1734 2536 1799 corda

464 1836 696 1902 illorum
730 1835 1078 1900 refocillant.
1135 1834 1202 1898 ln
1232 1837 1461 1900 Mundo
1488 1837 1740 1901 naturali
1770 1838 1970 1902 datum
2012 1838 2187 1902 etiam
2230 1849 2319 1903 est
2345 1835 2538 1908 hestiis,

460 1938 669 2003 avibus
696 1945 755 2000 et
787 1935 1084 2002 vermibus
1111 1938 1435 2001 consociari
1460 1937 1781 2002 secundum
1809 1939 2041 2015 odores,
2092 1940 2193 2004 sed
2223 1960 2346 2014 non
2374 1936 2541 2001 homi-

461 2040 635 2104 nibus
667 2048 844 2113 tunc,
898 2037 1232 2124 priusquam
1273 2039 1653 2125 deposuerint
1699 2061 1949 2126 corpora
1997 2050 2061 2104 ut
2099 2041 2356 2105 exuvias.
2413 2037 2538 2101 Inde

461 2149 568 2216 est,
625 2139 784 2227 quod
811 2138 1053 2202 Caelum
1083 2140 1510 2204 distinctissime
1541 2140 1875 2205 ordinatum
1904 2142 1979 2205 sit
2004 2142 2328 2206 secundum
2357 2158 2540 2221 omnes

461 2242 780 2306 varietates
830 2239 1048 2305 amoris
1091 2241 1268 2315 boni,
1322 2261 1393 2303 ac
1446 2239 1750 2312 Infernum
1804 2263 1874 2304 ex
1915 2243 2184 2328 opposito
2232 2241 2535 2307 secundum

461 2362 666 2407 omnes
707 2338 1021 2411 varietates
1057 2342 1275 2406 amoris
1315 2341 1484 2415 mali;
1540 2351 1781 2431 propter
1811 2341 1965 2408 hanc
1992 2344 2416 2439 oppositionem
2444 2349 2535 2413 est,

459 2442 617 2530 quod
661 2441 814 2505 inter
843 2440 1084 2506 Caelum
1129 2452 1187 2506 et
1228 2441 1532 2506 Infernum
1576 2445 1647 2508 sit
1694 2445 1942 2519 Hiatus,
2015 2445 2115 2530 qui
2158 2446 2392 2509 transiri
2433 2460 2537 2505 non

458 2550 684 2631 potest;
735 2541 816 2605 illi
859 2543 1009 2606 enim
1055 2545 1154 2631 qni
1194 2544 1251 2605 in
1281 2543 1463 2607 Caelo
1502 2554 1640 2609 sunt
1670 2567 1784 2609 non
1812 2545 2099 2612 sustinent
2126 2546 2379 2631 aliquem
2408 2544 2538 2608 odo-

457 2664 582 2707 rem
623 2642 880 2719 Inferni,
934 2646 1148 2708 excitat
1194 2645 1348 2706 enim
1398 2666 1674 2709 nauseam
1722 2656 1777 2710 et
1824 2647 2138 2723 vomitum,
2192 2657 2248 2709 et
2295 2648 2537 2711 minatur

457 2743 808 2829 deliquium,
862 2745 907 2809 si
951 2744 1289 2812 attrahunt;
1340 2744 1527 2810 simile
1556 2744 1619 2809 fit
1656 2747 1768 2811 illis
1795 2747 1895 2834 qui
1925 2747 1981 2810 in
2012 2747 2252 2811 Inferno
2281 2757 2447 2820 sunt,
2492 2742 2534 2807 si

456 2845 838 2910 meditullium
891 2848 1053 2911 istius
1104 2846 1319 2909 Hiatus
1365 2850 1829 2912 transscendunt.
1912 2850 2224 2929 Quondam
2277 2850 2393 2911 vidi
2441 2846 2535 2912 ali-

455 2967 628 3034 quem
656 2947 953 3013 diabolum
987 2956 1367 3034 apparentem
1415 2970 1446 3009 e
1491 2948 1811 3036 longinquo
1849 2959 1912 3012 ut
1938 2950 2229 3026 Pardum,
2283 2949 2534 3035 quiante

454 3047 678 3133 aliquot
716 3050 840 3113 dies
875 3049 1028 3112 inter
1053 3046 1312 3133 Angelos
1353 3048 1541 3112 ultimi
1572 3049 1734 3113 Caeli
1765 3050 1921 3115 visus
1956 3061 2072 3125 est,
2124 3060 2183 3113 et
2211 3050 2415 3114 calluit
2449 3068 2537 3111 ar-

451 3158 569 3213 tem
608 3172 669 3213 se
717 3150 1010 3234 Angelum
1066 3148 1208 3215 lucis
1249 3147 1481 3224 facere,
1551 3159 1949 3215 transeuntem
1998 3150 2425 3227 Meditullium,
2479 3154 2533 3210 et

448 3259 698 3316 stantem
746 3251 899 3313 inter
944 3249 1109 3311 binas
1149 3250 1345 3323 oleaS,
1400 3260 1458 3313 et
1487 3272 1606 3314 non
1631 3252 1978 3322 sentientem
2016 3252 2270 3339 aliquem
2297 3252 2533 3315 odorem

448 3353 606 3415 vitae
632 3372 772 3416 suae
800 3349 1105 3417 infestum
1161 3369 1333 3412 causa
1364 3362 1522 3427 erat,
1579 3353 1716 3437 quia
1744 3350 1953 3438 Angeli
1989 3374 2109 3416 non
2150 3354 2426 3417 aderaut:
2478 3356 2533 3413 at

453 3474 594 3517 vero
633 3462 698 3515 ut
738 3450 987 3538 primum
1020 3449 1299 3525 aderant,
1352 3453 1829 3518 convulsionibus
1853 3463 2019 3517 actus
2044 3461 2163 3528 est,
2215 3474 2287 3517 ac
2322 3448 2530 3517 decidit

449 3551 643 3639 quoad
683 3570 885 3616 omnes
921 3558 1086 3612 artus
1128 3560 1493 3628 contractus,
1546 3561 1604 3615 et
1645 3563 1786 3618 tunc
1815 3554 1971 3618 visus
2002 3563 2088 3618 est
2115 3556 2264 3618 sicut
2290 3571 2530 3640 magnus

446 3654 699 3738 Serpens
727 3674 787 3710 se
819 3658 1210 3735 t=ontnrquens
1249 3652 1305 3714 in
1336 3653 1639 3729 volvulos,
1691 3665 1750 3718 et
1778 3655 2011 3718 tandem
2058 3676 2120 3718 se
2160 3676 2262 3741 per
2292 3654 2528 3719 Hiatum

446 3754 787 3822 devolverifi,
843 3762 899 3810 et
931 3761 1202 3837 exceptus
1227 3775 1259 3816 a
1286 3755 1424 3830 suis,
1478 3766 1535 3818 et
1562 3754 1902 3843 deportatus
1930 3756 1987 3818 in
2017 3754 2378 3829 Cavernam,
2437 3750 2530 3815 ubi

444 3878 474 3914 a
518 3850 899 3934 graveolente
943 3851 1118 3917 nidore
1150 3855 1237 3918 sui
1266 3855 1524 3920 Jucnndi
1560 3856 1786 3919 revixit.
1844 3855 2154 3935 Quondam
2200 3856 2374 3919 etiam
2419 3850 2528 3916 vidi

442 3950 739 4039 *luendam
771 3954 1048 4017 Salariam
1094 3956 1357 4043 punitum
1398 3977 1434 4018 a
1471 3955 1618 4031 suis,
1675 3956 1937 4042 quaesivi
1974 3978 2242 4032 causam,
2296 3965 2355 4020 et
2380 3954 2528 4017 dice·

442 4055 639 4127 hatur,
699 4055 851 4139 qnod
883 4055 975 4119 ille
1002 4056 1291 4121 obturatis
1318 4054 1559 4118 naribus
1585 4057 1891 4121 accesserit
1919 4057 1993 4121 ad
2019 4056 2151 4123 illos
2178 4058 2277 4145 qui
2303 4057 2361 4120 in
2390 4053 2527 4119 odo·-

442 4176 506 4215 ιττ
538 4155 695 4219 Caeli
739 4171 931 4235 erant,
991 4166 1047 4220 et
1085 4156 1244 4241 quod
1287 4154 1560 4230 redierit,
1611 4166 1671 4221 et
1697 4155 1942 4222 odorem
1968 4158 2130 4223 illum
2159 4179 2336 4247 super
2363 4153 2528 4220 vesti-

442 4255 550 4319 }ms
591 4259 703 4324 suis
747 4283 939 4324 mcum
983 4255 1192 4321 tulerit.
1261 4252 1588 4341 Aliquoties
1632 4259 1909 4344 contigit,
1964 4258 2121 4344 quod
2162 4281 2232 4325 ex
2262 4259 2527 4325 Caverna
