2750 4775
433 366 504 415 1⁸2
661 351 1121 406 UNIVERSA
1173 351 1708 406 THEOLOGIA
1755 353 1825 406 N.
1867 351 1933 408 C.
1973 351 2085 404 ET
2122 347 2191 409 N.
2233 352 2299 405 E.

431 506 687 573 infundit
731 504 989 572 calorem
1025 528 1195 572 suum
1222 502 1441 571 Arbori
1475 516 1538 570 et
1576 505 1820 592 singulis
1854 507 2012 592 ejus,
2065 515 2125 570 et
2151 506 2313 572 Deus
2338 505 2439 570 dat
2463 515 2528 571 ut

431 607 615 674 bomo
651 608 868 673 sentiat
907 608 1066 672 illam
1109 608 1287 672 vitam
1327 609 1390 672 iu
1428 628 1492 672 se
1531 616 1596 672 ut
1633 625 1830 686 suam,
1881 629 1952 674 ac
1988 608 2071 672 ita
2099 608 2353 684 sentire,
2402 607 2528 672 vult

432 708 633 787 Deus,
702 718 944 797 propter
989 730 1257 785 causam,
1327 718 1393 773 ut
1447 699 1646 773 bomo*
1678 710 1997 774 secundum
2044 708 2233 796 Leges
2290 708 2528 785 ordinis,

431 832 585 898 quae
622 810 866 875 totidem
905 819 1042 875 suut
1083 818 1228 896 quot
1257 818 1572 899 praecepta
1601 809 1658 873 in
1687 809 1923 887 Verbo,
1975 810 2130 874 sicut
2156 831 2227 874 ex
2251 831 2315 874 se
2345 811 2525 888 vivat,

429 921 492 977 et
534 933 596 978 se
637 912 909 999 disponat
962 911 1038 975 ad
1081 910 1478 999 recipiendum
1525 907 1805 976 Amorem
1847 911 1989 985 Dei;
2042 920 2103 975 at
2143 932 2328 997 usque
2370 912 2531 976 Deus

431 1021 716 1101 perpetuo
755 1021 916 1076 tenet
943 1011 1127 1099 digito
1157 1011 1638 1103 perpendiculum
1666 1034 1844 1101 supra
1871 1012 2117 1089 libram,
2168 1022 2225 1076 et
2258 1012 2529 1077 modera-

429 1123 557 1191 tur,
607 1123 669 1178 at
695 1135 985 1201 nusquam
1030 1114 1214 1179 violat
1242 1113 1525 1178 Liberum
1565 1113 1873 1178 arbitrium
1901 1111 2201 1200 cogendo:
2255 1134 2374 1178 non
2403 1122 2529 1201 pot-

431 1225 521 1282 est
544 1215 743 1281 Arbor
771 1214 989 1303 aliquid
1017 1216 1301 1302 recipere,
1354 1213 1515 1301 quod
1544 1212 1723 1279 Calor
1747 1214 1885 1280 solis
1916 1235 2019 1302 per
2044 1214 2303 1278 radicem
2333 1213 2530 1291 infert,

432 1316 539 1382 nisi
578 1324 837 1404 tepescat
879 1338 949 1380 ae
995 1316 1245 1381 calescat
1289 1315 1486 1402 quoad
1528 1314 1757 1399 singula
1802 1314 1901 1379 fila
1945 1336 2082 1390 sua,
2135 1336 2246 1379 nec
2289 1325 2531 1401 possunt

428 1418 720 1483 elementa
770 1399 873 1505 per
918 1416 1175 1481 radicem
1216 1436 1565 1502 exsurgere,
1616 1416 1727 1479 nisi
1760 1416 1989 1501 singula
2029 1415 2125 1482 fila
2166 1417 2291 1503 ejus
2321 1437 2393 1481 ex
2430 1438 2525 1481 re·

428 1527 599 1606 cepto
626 1518 825 1582 calore
854 1518 1030 1582 etiam
1060 1517 1318 1582 calorem
1345 1516 1662 1605 exspirent,
1699 1526 1759 1579 et
1784 1516 1868 1581 sic
1893 1517 2205 1582 conferant
2231 1518 2307 1582 ad
2333 1526 2525 1583 trans·

426 1621 609 1695 itum;
659 1619 926 1684 similiter
965 1617 1145 1682 bomo
1184 1638 1251 1681 ex
1279 1627 1518 1703 recepto
1556 1616 1762 1682 calore'
1799 1618 1957 1683 vitae
1995 1640 2028 1683 a
2056 1619 2219 1692 Dem
2284 1619 2386 1683 sed
2430 1616 2526 1683 bic

426 1741 596 1787 secus
637 1743 707 1786 ac
731 1720 933 1786 Arbor
967 1718 1143 1782 sentit
1182 1719 1344 1783 illum
1382 1728 1447 1783 ut
1473 1737 1643 1784 suum
1665 1767 1680 1792 ‚
1736 1721 1963 1784 tametsi
1993 1741 2111 1783 non
2139 1729 2225 1785 est
2251 1720 2407 1804 ejus;
2463 1729 2526 1785 at

428 1833 713 1911 quantum
758 1819 946 1892 credit
986 1819 1143 1905 quod
1182 1820 1307 1907 ejus
1333 1820 1443 1897 sit,
1493 1830 1551 1884 et
1580 1841 1699 1883 non
1726 1819 1872 1895 Dei,
1925 1830 2151 1884 tantum
2190 1821 2397 1908 recipit
2435 1821 2525 1888 lu·

427 1936 556 1989 'cem
607 1924 792 1994 vitae,
859 1941 980 1984 non
1021 1928 1217 1988 autem
1260 1922 1519 1986 calorem
1565 1922 1784 1986 amoris
1822 1944 1857 1986 a
1901 1922 2066 1996 Deo,
2119 1922 2221 1987 sed
2267 1921 2524 1986 calorem

424 2024 647 2090 amoris
683 2023 760 2087 ab
799 2019 1077 2098 lnserno,
1129 2023 1227 2109 qni
1266 2026 1405 2110 quia
1437 2043 1668 2089 crassus
1693 2032 1818 2100 est,
1871 2023 2125 2089 obstruit
2168 2031 2227 2088 et
2269 2021 2527 2088 occludit

425 2127 695 2213 puriores
723 2123 1087 2189 ramusculos
1113 2124 1380 2211 organi,
1429 2124 1581 2190 sicut
1615 2124 1854 2210 sanguis
1886 2125 2149 2209 impurus
2173 2146 2314 2189 vasa
2344 2124 2526 2211 capil-

425 2226 572 2292 laria
614 2225 909 2312 corporis;
974 2226 1054 2289 ita
1100 2225 1278 2290 bomo
1314 2247 1380 2291 se
1419 2226 1560 2290 facit
1599 2246 1635 2290 a
1665 2225 1952 2312 spirituali
1980 2246 2139 2288 mere
2169 2222 2521 2290 naturalem.

424 2327 703 2393 Liberum
731 2324 1058 2392 Arbitrium
1089 2324 1311 2392 homini
1339 2327 1477 2392 inde
1503 2335 1627 2402 est,
1679 2328 1837 2413 quod
1881 2326 2093 2393 sentiat
2131 2326 2311 2392 vitam
2352 2326 2414 2390 in
2458 2346 2524 2392 se

419 2430 570 2493 sicut
609 2448 812 2504 suam,
864 2437 923 2493 et
958 2427 1117 2515 qnod
1145 2428 1304 2493 Deus
1343 2427 1635 2515 relinquat
1663 2427 1884 2492 homini
1911 2428 1992 2492 ita
2017 2428 2271 2500 sentire,
2327 2437 2391 2490 ut
2418 2426 2525 2493 liat

424 2529 781 2616 conjunctio,
834 2549 989 2616 quae
1016 2550 1134 2592 non
1162 2527 1370 2594 dabilis
1397 2538 1484 2594 est
1510 2528 1618 2594 nisi
1646 2529 1720 2593 sit
1750 2531 2074 2616 reciproca,
2119 2550 2190 2594 ae
2214 2529 2526 2617 reciproca

421 2629 488 2694 lit
514 2629 653 2694 dum
683 2630 862 2695 bomo
893 2650 964 2693 ex
988 2630 1206 2693 Libero
1233 2650 1472 2717 prorsus
1502 2638 1566 2693 ut
1593 2650 1626 2693 3
1654 2650 1717 2693 se
1743 2630 1894 2716 agit:
1945 2630 1993 2694 si
2021 2629 2183 2694 Deus
2210 2630 2267 2693 id
2290 2628 2521 2693 bomini

421 2731 944 2820 nonaereliquisset,
1016 2728 1197 2794 homo
1243 2750 1355 2793 nec
1407 2729 1561 2795 foret
1599 2729 1811 2803 homo,
1872 2751 2063 2817 neque
2103 2730 2258 2796 foret
2297 2730 2354 2793 ei
2393 2731 2521 2794 vita

386 2842 717 2907 ‘aeterum¹
750 2853 887 2897 nam
919 2831 1254 2918 conjunctio
1280 2832 1585 2918 reciproca
1617 2850 1748 2895 cum
1776 2832 1910 2896 Deo
1941 2832 2084 2897 facit
2119 2842 2183 2897 ut
2225 2831 2404 2895 homo
2446 2832 2523 2896 sit

420 2931 598 2998 homo
647 2943 706 3007 et
744 2955 861 2997 non
904 2932 1120 3008 bestia,
1186 2940 1247 2995 et
1289 2953 1527 3019 quoque
1571 2930 1728 3020 quod
1785 2943 1916 3018 post
1959 2942 2210 2998 mortem
2253 2933 2419 2996 vivat
2454 2931 2520 2996 in

420 3043 761 3107 aeternum;
815 3035 1094 3101 Liberum
1121 3031 1472 3099 Arbitrium
1490 3034 1550 3097 in
1576 3032 1976 3120 spiritualibus
2001 3034 2112 3099 boc
2138 3033 2327 3099 efficit.
2382 3033 2523 3099 Hoc

422 3136 656 3212 audito,
708 3135 898 3203 malus
935 3136 1035 3200 ille
1058 3134 1308 3224 Spiritus
1343 3154 1409 3199 se
1446 3135 1699 3200 removit
1740 3136 1816 3200 ad
1856 3135 2223 3210 distantiam,
2273 3143 2333 3199 et
2375 3144 2521 3199 tuno

422 3236 543 3303 vidi
584 3247 919 3322 serpentem
959 3236 1289 3312 velantem,
1342 3235 1444 3324 qui
1472 3246 1722 3301 vocatur
1748 3246 2003 3323 prester,
2054 3255 2231 3325 super
2258 3234 2518 3322 quadam

421 3337 669 3414 arbore,
722 3338 823 3424 qrii
858 3337 1120 3426 porrexit
1158 3336 1389 3401 cuidam
1421 3334 1676 3401 fructum
1702 3337 1869 3411 inde;
1924 3345 1982 3402 et
2023 3347 2165 3402 tunc
2210 3337 2271 3399 in
2307 3335 2518 3425 spiritu

420 3439 637 3504 accessi
664 3440 738 3503 ad
766 3439 991 3515 locum,
1042 3448 1102 3502 et
1129 3438 1210 3501 ibi
1239 3437 1370 3503 loco
1397 3438 1684 3526 serpentis
1714 3439 1873 3504 visus
1899 3449 1990 3503 est
2016 3446 2383 3502 monstrosus
2408 3435 2519 3502 hoe

418 3560 548 3617 mo,
603 3540 768 3626 cujus
795 3540 1006 3604 faciem
1035 3538 1260 3604 obtexit
1288 3538 1475 3603 barba
1503 3539 1689 3615 adeo,
1743 3548 1807 3604 ut
1835 3561 1953 3604 non
1986 3547 2243 3604 exstaret
2272 3538 2383 3602 nisi
2409 3558 2517 3602 naa-

416 3662 533 3717 snS,
587 3662 659 3706 ac
687 3641 819 3704 loco
848 3639 1080 3705 arboris
1105 3647 1235 3705 erat
1261 3640 1439 3705 torris
1464 3638 1700 3727 ignitus,
1751 3639 1829 3704 ad
1854 3660 2027 3728 quem
2056 3641 2216 3705 stetit
2243 3636 2343 3703 ilte'
2357 3688 2374 3715 ,
2412 3656 2520 3703 cn·-

415 3741 508 3829 jus
533 3750 790 3805 mentem
815 3741 977 3827 prius
1002 3739 1245 3805 intravit
1282 3739 1511 3818 fumus,
1560 3750 1620 3806 et
1645 3750 1850 3827 postea
1876 3741 2156 3806 Liberum
2183 3739 2514 3806 Arbitrium

417 3843 479 3905 iu
502 3842 905 3931 spiritualibus
932 3841 1164 3928 rejecit;
1206 3851 1279 3906 ·et
1304 3842 1502 3908 subito
1540 3841 1741 3906 similis
1776 3839 1970 3906 fumus
2002 3842 2179 3908 exivit
2214 3863 2284 3906 ex
2328 3850 2516 3916 torre,

417 3951 480 4007 et
506 3942 881 4008 circumfudit
908 3952 1254 4029 utrumque;
1308 3952 1368 4008 et
1396 3942 1532 4030 quia
1558 3942 1642 4008 sic
1666 3941 1939 4007 subducti
1975 3951 2112 4007 sunt
2136 3964 2172 4007 3
2199 3943 2331 4011 visu
2358 3950 2516 4019 meo,¹

416 4043 610 4120 abivi;
663 4044 815 4110 alter
839 4065 1018 4119 vero,
1064 4043 1165 4132 qui
1204 4044 1447 4109 amabat
1484 4043 1713 4107 bonum
1751 4053 1811 4108 et
1848 4064 2090 4121 verum,
2146 4053 2206 4110 et
2243 4042 2518 4119 asseruit,·¹

418 4146 578 4233 quod
602 4146 824 4211 bomini
850 4146 928 4213 sit
952 4145 1204 4212 liberum
1231 4144 1547 4211 arbitrium
1571 4143 1632 4209 in
1660 4143 2091 4237 spiritualibus,
2144 4167 2239 4212 me
2267 4144 2515 4213 comita·-

416 4256 511 4314 tus
536 4258 624 4315 est
640 4248 905 4315 domum.
2495 4272 2502 4281 “
