2750 4775
477 359 585 409 2⁰8
704 346 1166 402 uulvssnsa
1210 343 1746 399 ‘ruEOLOGIA
1789 344 1857 402 N.
1902 343 1968 402 C.
2011 344 2114 397 ΕΤ
2158 344 2228 399 Ν.
2269 342 2332 397 Ε.

478 500 775 592 paradoxa
825 499 974 566 sicut
1013 499 1475 565 contradictoria
1519 496 1877 583 dissipantur
1917 520 1950 563 a
1992 497 2225 586 seipsis,
2278 505 2337 559 et
2374 506 2547 562 tamen

479 602 655 668 hodie
681 602 741 666 in
761 600 988 669 Mundo
1013 622 1137 665 non
1158 601 1425 691 dissipari
1455 610 1694 689 possunt
1711 621 1747 664 a
1774 621 1916 666 sana
1945 600 2206 673 ratione,
2242 598 2379 687 quid
2407 621 2550 685 para·

480 705 688 769 doxius
715 702 876 769 credi
916 711 1105 789 potest
1132 724 1308 793 quam
1347 702 1404 766 id
1433 701 1592 790 quod
1635 709 1915 766 narratur
1942 701 2014 764 de
2055 701 2284 765 Ultimo
2323 701 2551 780 Judicio,

483 804 639 895 quod
671 814 809 870 tunc
837 803 1191 868 Universum
1221 803 1548 891 periturum
1574 802 1680 880 sit,
1733 812 1791 866 et
1831 803 1990 891 quod
2019 811 2160 867 tunc
2187 800 2404 866 Stellae
2428 803 2554 867 caeli

482 906 825 994 delapsurae
862 903 978 971 siut
1018 925 1196 992 super
1237 914 1490 982 terram,
1538 924 1692 991 quae
1720 905 1913 969 minor
1937 904 2119 968 stellis
2135 912 2267 976 θείς
2320 913 2380 966 et
2418 903 2552 990 quod

483 1027 739 1097 corpora
766 1004 1067 1070 homiuum
1095 1015 1238 1070 tunc
1266 1006 1360 1071 vel
1388 1004 1701 1082 cadavera,
1734 1006 1828 1071 vel
1859 1006 2111 1069 mumiae
2136 1005 2217 1068 ab
2244 1001 2554 1069 hominibus

482 1128 712 1182 exesae,
753 1106 847 1171 vel
874 1103 1077 1184 flocci,
1115 1106 1405 1172 coalitura
1436 1106 1551 1171 sint
1581 1128 1713 1170 cum
1751 1106 1872 1172 suis
1899 1105 2244 1177 animabus;
2299 1127 2403 1170 nos
2436 1106 2554 1171 dum

484 1209 702 1273 fuimus
725 1209 785 1270 in
813 1208 1035 1272 mundo
1052 1256 1070 1284 ,
1122 1207 1476 1274 credidimus
1501 1207 2003 1273 immortalitatem
2031 1207 2367 1271 animarum
2393 1205 2556 1270 homi·

486 1331 658 1385 num,
709 1330 779 1374 ex
805 1308 1238 1374 inductionibus
1267 1330 1413 1397 quas
1438 1308 1589 1374 ratio
1617 1309 1790 1374 uobis
1813 1307 2315 1383 subministravit,
2351 1318 2408 1373 et
2431 1329 2555 1394 quo·

486 1432 600 1497 que
644 1408 1075 1497 designavimus
1120 1432 1227 1498 pro
1269 1409 1460 1474 beatis
1508 1411 1672 1487 loca,
1727 1431 1879 1496 quae
1934 1409 2281 1474 vocavimus
2331 1409 2555 1497 Campos

484 1511 746 1602 Elysios,
798 1519 858 1574 et
898 1512 1252 1577 credidimus
1293 1511 1424 1575 illas
1461 1532 1587 1577 esse
1625 1511 1844 1598 effigies
1879 1532 1985 1575 seu
2023 1509 2253 1600 species
2279 1509 2556 1586 humanas,

481 1614 583 1678 sed
612 1622 816 1679 tenues
838 1613 975 1699 quia
1001 1612 1347 1701 spirituales.
1419 1611 1741 1701 Postquam
1768 1611 1917 1677 haec
1941 1612 2095 1677 dicta
2120 1620 2296 1689 sunt,
2336 1631 2556 1678 couver-

485 1723 683 1779 teruut
710 1734 772 1778 se
798 1714 874 1778 ad
911 1714 1163 1780 alterum
1191 1712 1530 1790 Advenam,
1583 1713 1682 1801 qui
1722 1713 1780 1775 in
1819 1713 2048 1778 Mundo
2085 1711 2289 1777 fuerat
2332 1713 2553 1779 Poun-

487 1833 631 1890 cus;
684 1814 780 1879 hic
808 1813 1108 1879 coufessus
1134 1823 1252 1890 est,
1302 1814 1459 1903 quod
1503 1836 1623 1878 uon
1665 1813 1977 1878 crediderit
2020 1814 2204 1892 vitam
2253 1825 2383 1901 post
2421 1833 2553 1878 mor-

484 1925 635 1992 tem;
679 1925 737 1980 et
766 1916 922 2003 quod
953 1915 1303 2001 cogitaverit
1328 1916 1403 1982 de
1435 1915 1608 1980 novis
1633 1936 1785 2002 quae
1811 1914 2123 1980 audiverat
2149 1914 2228 1979 de
2254 1915 2384 1992 illa,
2420 1911 2553 2002 quod

484 2025 676 2082 essent
716 2014 994 2103 figmenta
1032 2025 1091 2079 et
1136 2015 1413 2092 inventa;
1467 2016 1756 2082 meditans
1801 2017 1874 2080 de
1921 2017 2019 2081 illa
2071 2015 2225 2093 dixi,
2283 2013 2553 2105 quomodo

484 2127 727 2206 possunt
752 2117 982 2181 animae
1012 2137 1263 2205 corpora
1292 2140 1451 2195 esse,
1479 2140 1701 2183 annon
1740 2138 1914 2181 omne
1955 2117 2209 2182 hominis
2242 2118 2394 2205 jacet
2421 2135 2554 2179 mor-

484 2219 737 2298 tuumRin
768 2214 1113 2304 sepulchro,
1166 2229 1328 2284 estne
1373 2219 1579 2285 oculus
1617 2218 1733 2294 ihi,
1786 2219 2082 2304 quomodo
2122 2227 2323 2305 potest
2361 2218 2552 2292 videre,

484 2329 651 2385 estne
678 2318 835 2382 auris
863 2318 964 2396 ihi,
992 2319 1288 2408 quomodo
1319 2329 1510 2410 potest
1538 2320 1779 2395 audire;
1834 2318 1990 2384 uude
2018 2319 2099 2387 illi
2128 2340 2195 2383 os
2220 2342 2345 2409 quo
2376 2319 2553 2406 loqua-

484 2430 614 2491 tur;
676 2421 725 2484 si
769 2419 990 2507 aliquid
1034 2420 1286 2487 hominis
1329 2423 1563 2489 viveret
1606 2431 1738 2511 post
1779 2431 2061 2499 mortem,
2130 2419 2470 2486 uum-foret
2506 2417 2552 2482 id

482 2519 644 2585 aliud
672 2541 850 2606 quam
876 2521 1061 2585 simile
1102 2523 1333 2599 larvae,
1387 2524 1689 2610 quomodo
1729 2531 1920 2610 potest
1963 2523 2130 2589 larva
2170 2523 2353 2588 edere
2390 2531 2444 2586 et
2483 2519 2552 2585 bi·

485 2621 659 2698 bere,
713 2628 770 2682 et
797 2622 1092 2708 quomodo
1123 2633 1313 2709 potest
1329 2624 1539 2691 ,delitio
1568 2624 1881 2712 conjugiali
1905 2622 2052 2700 frui,
2098 2624 2254 2690 unde
2284 2625 2340 2687 ei
2373 2631 2552 2697 vestes,
2654 2616 2657 2641 ⁴

485 2721 723 2796 domus,
763 2722 909 2799 cibi,
965 2732 1023 2787 et
1049 2724 1131 2788 sic
1159 2746 1367 2810 porro;
1408 2735 1467 2790 et
1494 2724 1728 2801 larvae,
1763 2747 1914 2812 quae
1942 2732 2079 2790 sunt
2102 2724 2323 2810 effigies
2350 2731 2551 2798 aeteae,

483 2834 770 2910 apparent
797 2823 947 2889 sicut
972 2822 1115 2899 sint,
1167 2834 1226 2889 et
1254 2836 1450 2890 tamen
1480 2848 1598 2891 uon
1622 2835 1792 2890 sunt:
1842 2824 1992 2891 haec
2024 2834 2083 2891 et
2114 2826 2327 2892 similia
2355 2825 2425 2890 de
2453 2824 2553 2890 vita

454 2923 788 2991 hominum
815 2934 1229 3012 postmortem
1265 2927 1520 3012 cogitavi
1560 2927 1619 2990 in
1655 2928 1913 3002 Mundo;
1969 2937 2030 2992 at
2073 2949 2231 2992 nunc
2276 2949 2410 2994 cum
2452 2922 2550 2991 vidi

484 3028 713 3104 omnia,
758 3049 829 3093 ac
856 3027 1020 3114 tetigi
1050 3027 1320 3093 manibus
1347 3029 1490 3093 meis
1515 3027 1745 3104 omnia,
1793 3029 2101 3094 convictus
2127 3051 2258 3094 sum
2292 3050 2396 3116 per
2420 3027 2551 3113 ipsos

480 3149 717 3199 seusus.
769 3129 928 3214 quod
955 3129 1063 3193 sim
1105 3126 1285 3194 homo
1323 3128 1474 3195 sicut
1517 3130 1576 3192 in
1617 3129 1875 3204 Mundo,
1930 3131 2080 3194 adeo
2126 3138 2188 3194 ut
2232 3151 2354 3193 non
2392 3129 2549 3193 sciam

481 3228 673 3305 aliud,
727 3250 902 3316 quam
955 3228 1113 3315 quod
1169 3230 1365 3295 vivam
1420 3232 1571 3296 sicut
1613 3230 1769 3307 vixi,
1822 3252 1953 3295 cum
2002 3227 2365 3309 differentia,
2416 3223 2549 3317 quod

479 3330 633 3395 ratio
659 3350 817 3394 nuuc
847 3329 988 3393 mihi
1026 3331 1226 3395 sanior
1260 3333 1369 3405 sit-3
1423 3331 1734 3419 aliquoties
1772 3332 1975 3420 puduit
2018 3353 2112 3396 me
2147 3332 2550 3420 cogitationum

485 3431 764 3518 priorum.
840 3430 1063 3496 Similia
1098 3431 1171 3496 de
1208 3454 1271 3498 se
1310 3434 1574 3498 narravit
1614 3433 2084 3505 Pu1msopnus;
2136 3443 2396 3499 attamen
2433 3449 2547 3496 cum

479 3530 593 3595 hac
631 3528 987 3609 differentia,
1041 3533 1201 3621 quod
1242 3517 1708 3601 retulerituova
1759 3535 1886 3609 illa,
1950 3555 2101 3622 quae
2145 3535 2452 3599 audiverat
2488 3529 2548 3594 de

483 3633 603 3696 vita
633 3641 768 3717 post
794 3644 1045 3697 mortem
1063 3683 1079 3710 ,
1130 3634 1285 3699 inter
1314 3635 1622 3721 opiniones
1647 3643 1707 3698 et
1731 3633 2114 3725 hypotheses,
2168 3657 2315 3723 quas
2358 3656 2424 3701 ex
2448 3629 2548 3698 An·

481 3731 656 3818 tiquis
681 3743 739 3796 et
767 3734 1087 3799 Hodiernis
1113 3735 1450 3822 collegerat.
1527 3735 1635 3800 His
1665 3737 1876 3802 auditis
1903 3736 2334 3822 obstupuerunt
2359 3732 2544 3821 Sopbi3

479 3841 540 3896 et
568 3832 651 3897 illi
689 3835 849 3921 quie
874 3835 1089 3901 Schola
1121 3835 1425 3902 Socratica
1464 3845 1669 3913 erant,
1718 3837 2021 3914 dixerunt,
2074 3837 2231 3925 quod
2278 3859 2350 3900 ex
2385 3832 2545 3903 Novis

479 3932 570 4000 his
614 3956 646 3998 e
692 3937 864 4001 terris
907 3937 1258 4025 percipiant,
1309 3937 1470 4026 quod
1511 3932 1793 4002 interiora
1846 3938 2128 4005 mentium
2178 3937 2545 4003 humanarum

477 4036 801 4103 successive
830 4038 1061 4103 occlusa
1088 4040 1233 4114 sint,
1283 4048 1341 4103 et
1370 4038 1540 4127 quod
1571 4060 1726 4104 nunc
1765 4039 1822 4104 in
1866 4039 2093 4106 Mundo
2132 4038 2277 4104 fides
2316 4036 2545 4104 falsila-

481 4147 610 4201 ceat
637 4138 785 4203 sicut
813 4139 1064 4217 veritas,
1110 4161 1182 4204 ac
1209 4141 1591 4226 ingeniositas
1618 4138 1779 4205 fatua
1808 4140 1956 4206 sicut
1983 4141 2291 4227 sapientia,
2329 4151 2388 4206 et
2413 4131 2544 4228 quod

478 4236 579 4302 lux
605 4239 924 4326 sapientiae
952 4263 986 4304 a
1014 4239 1227 4333 nostris
1250 4241 1612 4325 temporibus
1645 4261 1705 4305 se
1734 4241 2032 4329 demiserit
2070 4242 2147 4307 ab
2192 4239 2541 4310 interioribus
