2750 4775
477 365 586 413 220
698 351 1163 406 UNIVERSA
1204 351 1742 406 THEOLOGIA
1797 352 1867 407 N.
1909 351 1974 406 C.
2017 351 2117 402 Etr
2159 349 2227 401 N.
2265 350 2329 403 E.

474 514 638 570 tatur
663 504 741 568 ab
766 503 1001 591 aliquo,
1046 503 1159 568 nisi
1197 504 1349 568 sicut
1380 524 1593 589 purum
1623 503 1796 592 quid,
1849 504 2009 593 quod
2047 502 2347 569 assimilari
2371 510 2533 588 potest

476 604 707 671 aetheri
744 614 849 672 aut
889 605 1011 669 aeri
1041 614 1142 668 aut
1172 615 1387 680 vento,
1440 605 1501 667 in
1539 627 1660 692 quo
1702 605 1881 671 vitale
1921 615 2011 671 est
2047 626 2117 668 ex
2155 604 2537 679 rationalitate,

474 728 629 795 qnae
673 706 895 771 homini
938 715 1027 771 est
1070 726 1212 794 prae
1258 705 1490 771 bestiist
1539 705 1875 793 opinionem
1922 706 2075 772 banc
2110 704 2353 770 fundavi
2389 725 2537 792 super

472 808 621 884 hoc,
674 807 833 896 quod
885 807 1065 871 homo
1090 808 1247 870 dum
1292 807 1575 893 exspirat,
1644 807 1874 872 dicatur
1911 810 2112 876 efflare
2153 829 2257 872 seu
2300 806 2537 870 emittere

476 910 750 974 Animam
777 929 881 973 seu
904 909 1203 996 spiritum,
1257 908 1394 974 inde
1437 909 1615 972 etiam
1655 905 1870 976 Anima
1910 919 2041 998 post
2077 918 2325 972 mortem
2364 907 2538 972 vivens

476 1011 737 1076 creditur
762 1031 888 1075 esse
916 1009 1047 1074 talis
1073 1009 1320 1085 balitus,
1371 1010 1432 1071 in
1462 1031 1582 1097 quo
1609 1019 1697 1074 est
1725 1011 1845 1074 vita
1874 1012 2225 1097 cogitativa,
2277 1030 2422 1096 quae
2453 1030 2544 1071 vo·v

476 1122 649 1175 catur
674 1109 917 1184 Anima3
972 1109 1109 1197 quid
1150 1109 1305 1175 aliud
1345 1119 1538 1198 potest
1574 1111 1772 1175 anima
1814 1133 1955 1177 esse.
2033 1109 2152 1176 Sed
2200 1113 2334 1198 quia
2372 1107 2539 1173 audivi

475 1234 549 1280 ex
576 1209 899 1278 Orchestra
928 1212 1218 1288 dicentes,
1271 1212 1429 1297 quod
1462 1212 1770 1298 problema
1808 1213 1881 1276 de
1907 1211 2157 1289 Anima,
2212 1213 2348 1301 quid
2376 1213 2461 1275 illo
2493 1220 2540 1272 et

480 1312 675 1401 qualis
697 1311 796 1376 illa
823 1322 942 1389 est,
991 1334 1107 1376 non
1134 1314 1208 1378 sit
1236 1333 1414 1400 supra
1446 1312 1837 1390 intellectum,
1889 1315 1992 1379 sed
2031 1315 2094 1377 in
2129 1313 2235 1380 illo
2275 1323 2331 1378 et
2371 1330 2539 1376 coram

474 1413 618 1489 illo,
668 1435 815 1500 rogo
838 1425 899 1478 et
927 1435 1166 1502 precor,
1220 1426 1283 1480 ut
1326 1423 1633 1479 aeternum
1662 1414 1777 1479 hoc
1804 1417 2103 1480 Arcanum
2147 1438 2257 1480 vos
2296 1414 2395 1501 ipsi
2429 1433 2541 1499 ape·

477 1515 675 1582 riatisz
720 1524 780 1578 et
820 1516 1095 1581 seniores
1130 1516 1192 1579 in
1226 1514 1552 1582 Orchestra
1588 1517 1967 1604 inspexerunt
2007 1514 2539 1588 Archididascalum,

473 1618 574 1705 qui
602 1615 743 1681 illud
771 1617 1075 1706 problema
1102 1627 1525 1706 proposuerat,
1575 1618 1674 1704 qui
1702 1637 1775 1681 ex
1801 1618 2039 1682 nutibus
2066 1618 2370 1693 intellexit,
2410 1613 2540 1702 quod

474 1718 693 1783 vellent
720 1728 785 1781 ut
812 1717 1193 1784 descenderet
1219 1729 1278 1783 et
1315 1718 1585 1790 doceret;
1636 1730 1696 1783 et
1735 1729 1999 1783 actutum
2044 1718 2143 1783 ille
2184 1740 2258 1783 ex
2284 1719 2541 1804 suggestu

474 1818 795 1894 descendit,
840 1820 1214 1907 pertransivit
1245 1815 1637 1896 Auditorium,
1673 1830 1732 1884 et
1759 1819 2054 1905 ingressus
2082 1829 2171 1885 est
2198 1820 2541 1888 cathedram,

472 1930 533 1984 et
564 1921 645 1985 ihi
672 1920 1055 2008 exporrigens
1093 1941 1333 1985 manum
1373 1920 1550 1993 dixit:
1603 1921 1930 1986 auscultate
1971 1941 2227 2009 quaeso,
2286 1923 2408 2008 quis
2441 1938 2541 1980 non

477 2022 664 2086 credit
687 2020 962 2086 Animam
1001 2042 1125 2085 esse
1168 2020 1435 2086 intimam
1463 2032 1523 2085 et
1561 2022 1993 2087 subtilissimam
2025 2024 2358 2088 Essentiam
2383 2019 2542 2084 homi·

474 2123 590 2200 nis,
646 2132 707 2186 at
747 2120 884 2208 quid
920 2120 1185 2187 Essentia
1226 2123 1448 2210 absque
1489 2122 1705 2188 Forma
1746 2123 1903 2187 aliud
1947 2145 2124 2211 quam
2171 2146 2279 2188 ens
2317 2120 2541 2191 rationis.

474 2243 660 2312 quare
685 2220 898 2288 Anima
928 2232 1016 2287 est
1044 2222 1295 2299 Forma,
1347 2224 1451 2289 sed
1491 2224 1680 2310 qualis
1717 2225 1906 2289 forma
1938 2225 2201 2299 dicetur;
2258 2234 2343 2288 est
2384 2223 2542 2287 forma

474 2325 736 2389 omnium
767 2323 986 2390 amoris
1013 2334 1073 2387 et
1098 2326 1360 2390 omnium
1386 2326 1740 2413 sapientiae3
1794 2325 1989 2391 omnia
2031 2326 2257 2393 amoris
2290 2332 2542 2391 vocantur

475 2422 845 2499 affectiones,
897 2434 956 2488 et
984 2428 1182 2490 omnia
1211 2428 1532 2515 sapientiae
1564 2436 1853 2491 vocantur
1879 2428 2317 2515 perceptionem
2368 2426 2470 2489 bae
2491 2441 2545 2485 ex

474 2525 589 2590 illis
615 2527 781 2589 etsie
809 2546 941 2588 cum
971 2526 1081 2592 illis
1109 2528 1332 2593 faciunt
1358 2549 1536 2591 unam
1577 2529 1859 2604 sormam,
1914 2531 1972 2593 in
2015 2550 2131 2616 qua
2171 2524 2544 2593 innumerabi-

477 2627 556 2691 lia
583 2626 643 2688 in
671 2627 771 2690 tali
801 2625 1038 2702 ordine,
1088 2630 1240 2692 serie
1265 2639 1326 2693 et
1364 2627 1747 2694 cohaerentia
1785 2639 1948 2706 sunt,
2003 2641 2068 2694 ut
2108 2631 2317 2695 vocari
2356 2626 2544 2717 possint

480 2747 695 2800 unum;
750 2738 809 2792 et
838 2729 1037 2795 vocari
1066 2739 1306 2814 possunt
1332 2753 1548 2805 unum,
1601 2732 1738 2818 quia
1782 2752 1900 2796 non
1943 2740 2133 2817 potest
2174 2731 2318 2795 inde
2357 2723 2544 2814 aliquid

482 2828 732 2907 auferri,
786 2851 898 2894 nec
940 2830 1013 2893 ad
1053 2829 1197 2895 illud
1242 2830 1461 2916 aliquid
1506 2831 1676 2908 addi,
1743 2843 1805 2896 ut
1837 2834 1923 2897 -sit
1964 2832 2125 2906 talis-3
2178 2834 2322 2918 quid
2363 2828 2543 2894 Anima

476 2927 736 2995 humana
778 2932 885 2996 nisi
925 2930 1058 2995 talis
1095 2930 1318 3003 forma,
1370 2938 1585 2996 suntne
1627 2935 1821 2999 omnia
1862 2932 2099 2998 Amoris
2135 2942 2194 2995 et
2232 2932 2428 2997 omnia
2462 2928 2546 2993 Sa·

472 3031 732 3119 pientiae
760 3031 1091 3097 essentialia
1118 3032 1271 3096 illius
1306 3032 1566 3107 formae,
1615 3044 1678 3098 et
1719 3034 1867 3098 haec
1907 3036 2061 3123 apud
2104 3033 2402 3100 hominem
2432 3035 2546 3096 sunt

370 3210 377 3215 .
473 3133 535 3196 in
563 3130 779 3198 Anima
807 3145 867 3196 et
893 3155 965 3197 ex
990 3130 1204 3196 Anima
1230 3134 1291 3197 in
1319 3132 1525 3223 Capite
1558 3144 1617 3197 et
1646 3157 1925 3224 corpore:
1980 3157 2090 3200 vos
2118 3134 2415 3202 vocamini
2433 3129 2543 3218 spi-

476 3235 628 3300 ritus
654 3245 714 3298 et
740 3232 985 3320 Angeli,
1008 3242 1098 3297 =et
1137 3236 1463 3300 credidistis
1500 3235 1562 3301 in
1587 3236 1846 3313 Mundo,
1901 3238 2056 3324 quod
2084 3237 2338 3326 Spiritus
2361 3245 2417 3299 et
2444 3231 2541 3298 An·

476 3337 590 3422 geli
615 3338 731 3401 sint
768 3335 917 3399 sicut
958 3335 1116 3398 venti
1155 3345 1256 3399 aut
1284 3335 1586 3412 aetherea,
1639 3348 1696 3400 et
1736 3339 1820 3402 sic
1860 3340 2093 3405 Mentes
2135 3347 2195 3400 et
2231 3335 2454 3406 Animi;
2498 3338 2546 3393 et

476 3459 637 3500 nnnc
662 3437 820 3501 clare
850 3434 1088 3511 videtis,
1143 3439 1301 3525 quod
1329 3460 1500 3513 vere,
1553 3439 1793 3503 realiter
1817 3451 1876 3502 et
1903 3440 2212 3503 actualiter
2234 3440 2360 3503 sitis
2384 3431 2546 3500 homi·

2654 439 2665 540 1

476 3559 614 3614 nes,
648 3538 768 3623 qui
794 3538 854 3599 in
877 3538 1356 3605 Mundo-vixistis
1396 3550 1456 3603 et
1495 3539 1853 3626 cogitavistis
1889 3542 1950 3603 in
1988 3539 2279 3604 materiali
2307 3553 2546 3625 corpore,
2663 3540 2664 3565 ¹

476 3648 536 3701 et
576 3637 824 3703 scivistis
869 3639 1026 3725 quod
1073 3639 1301 3728 Corpus
1347 3640 1649 3706 materiale
1693 3663 1810 3706 non
1857 3643 2019 3707 vivat
2066 3650 2124 3704 et
2169 3641 2416 3727 cogitet,
2460 3630 2543 3701 sed
2663 3642 2664 3689 I

473 3737 818 3805 Substantia
859 3740 1173 3827 spiritualis
1200 3745 1259 3805 in
1304 3741 1406 3806 illo
1447 3762 1726 3829 corpore,
1780 3751 1837 3806 et
1877 3742 2035 3806 banc
2078 3741 2391 3809 voc-'ivistis
2425 3733 2544 3801 Aui-

439 3849 445 3855 '
475 3861 666 3915 mam,
722 3840 887 3927 cujus
910 3839 1163 3907 formam
1192 3843 1547 3917 nescivistis,
1601 3851 1659 3906 et
1697 3852 1898 3907 tamen
1925 3864 2082 3905 nunc
2124 3842 2347 3907 vidistis
2382 3848 2438 3905 et
2471 3835 2541 3900 vi·

477 3941 625 4006 detis
671 3938 864 4015 illam3
917 3963 1023 4006 vos
1065 3947 1267 4007 omnes
1306 3943 1441 4008 estis
1481 3940 1764 4019 Animae,
1818 3945 1890 4008 de
1932 3964 2184 4031 quarum
2222 3934 2542 4009 immortali·

474 4050 596 4109 tate
642 4046 758 4107 tam
802 4043 985 4107 multa
1031 4044 1370 4120 audivistis,
1423 4044 1818 4131 cogitavistis,
1870 4044 2092 4110 dixistis
2117 4053 2195 4111 ⁸et
2235 4037 2539 4131 scripsistis;

473 4151 534 4206 et
554 4142 696 4230 quia
738 4145 872 4210 estis
901 4146 1155 4211 Formae
1194 4145 1417 4215 amoris
1453 4155 1512 4208 et
1549 4146 1870 4234 sapientiae
1894 4169 1928 4210 a
1956 4146 2119 4222 Deo,
2172 4167 2292 4210 non
2331 4136 2542 4232 potestis

476 4244 626 4311 mori
657 4245 717 4310 in
757 4258 1103 4313 aeternum:
1156 4243 1382 4311 Anima«
1406 4246 1608 4333 itaque
1647 4257 1736 4312 est
1767 4248 1966 4314 {orma
2009 4245 2287 4324 humana,
2339 4246 2409 4310 de
2446 4252 2541 4329 qui
