2750 4775
411 364 521 413 ²¹22
638 351 1099 405 UNlVERSA
1145 350 1673 404 TquLOGlA
1731 352 1799 403 E.
1841 350 1905 403 C.
1944 351 2051 404 ΕΤ
2093 351 2161 406 Ν.
2205 351 2267 402 Ε.

407 526 536 572 sum
564 525 846 591 corpore,
896 525 1018 569 uon
1046 504 1120 568 de
1147 503 1267 570 alio
1296 502 1528 568 Influxu
1556 505 1822 592 cogitant
1847 515 1906 569 et
1937 505 2288 592 loquuntur,
2332 526 2503 591 quam

411 607 484 671 de
511 604 743 671 Influxn
772 605 892 670 vini
923 607 981 668 in
1010 605 1295 697 cyathos,
1332 605 1408 668 de
1445 604 1677 671 Influxn
1707 607 1823 671 cibi
1851 618 1907 669 et
1939 615 2111 693 potus
2138 607 2195 669 in
2224 616 2517 681 ventrem,

412 718 473 773 et
525 716 727 795 gustus
763 705 824 770 in
866 706 1161 795 linguam,
1212 716 1272 774 et
1315 728 1556 794 quoque
1604 706 1799 773 forsan
1855 707 1929 770 de
1982 706 2215 772 Influxu
2257 708 2410 772 aeris
2453 709 2512 769 in

408 808 777 897 pulmonem,
826 817 887 871 et
924 808 1008 873 sic
1050 829 1262 896 porro;
1315 816 1381 871 at
1420 807 1479 871 hi
1520 809 1568 873 si
1613 808 1834 897 aliquid
1874 808 2122 872 audiunt
2163 808 2237 871 de
2278 808 2511 872 Influxu

408 910 616 975 Mundi
642 909 962 997 spiritualis
989 910 1048 973 in
1075 909 1462 987 Naturalem,
1509 909 1744 986 dicunt,
1795 908 2009 976 influat
2031 909 2081 975 si
2106 907 2332 988 influit,
2371 909 2509 996 quid

406 1012 573 1100 juvat
602 1021 660 1076 et
688 1011 780 1075 cui
808 1011 937 1075 usui
964 1019 1052 1076 est
1089 1009 1205 1075 hoc
1241 1011 1427 1085 scire,
1476 1033 1548 1076 ac
1581 1012 1839 1088 abeunt,
1891 1021 1950 1076 et
1995 1020 2197 1099 postea
2240 1011 2383 1079 dum
2430 1011 2513 1074 lo·

407 1121 673 1201 quuntnr
699 1112 772 1175 de
803 1112 1017 1178 auditis
1043 1112 1115 1176 de
1144 1111 1376 1177 Influxu
1405 1113 1539 1188 illo,
1590 1112 1804 1177 ludunt
1831 1134 1962 1177 cum
2003 1113 2140 1188 illo,
2190 1114 2341 1177 sicut
2384 1113 2512 1200 qui·

407 1214 544 1280 dam
572 1212 780 1277 ludunt
808 1235 939 1278 cum
967 1212 1257 1278 cochlacis
1282 1214 1443 1278 inter
1469 1214 1700 1301 digitos.

564 1314 780 1380 Postea
807 1315 1083 1402 loquutus
1108 1336 1236 1379 sum
1267 1336 1398 1378 cum
1427 1314 1669 1402 Angelis
1695 1315 1812 1380 illis
1832 1315 1905 1378 de
1935 1314 2332 1389 mirabilibus,
2363 1335 2515 1401 quae

414 1433 485 1480 ex
510 1414 741 1480 Influxu
767 1416 975 1481 Mundi
1000 1416 1337 1503 spiritualis
1365 1418 1424 1480 in
1450 1416 1799 1482 Naturalem
1828 1416 2117 1488 existunt;
2173 1426 2237 1479 ut
2265 1416 2339 1479 de
2372 1417 2519 1479 Ver·

413 1517 604 1582 mibus
631 1518 769 1582 dum
799 1516 944 1581 finnt
972 1519 1324 1607 papiliones,
1376 1527 1502 1583 tum
1531 1520 1604 1583 de
1632 1518 1839 1606 apibus
1869 1527 1929 1580 et
1953 1516 2132 1594 fucis,
2179 1529 2243 1581 et
2270 1517 2516 1582 mirabi-

412 1618 490 1683 lia
531 1619 603 1682 de
652 1619 1079 1710 bombycibus,
1129 1627 1190 1684 et
1243 1642 1481 1707 quoque
1523 1620 1596 1684 de
1640 1618 1921 1695 Aramis,
1973 1629 2031 1681 et
2076 1618 2234 1705 quod
2282 1618 2518 1682 incolae

368 1719 639 1785 ’telluris
684 1719 960 1786 addicant
1001 1721 1097 1786 illa
1136 1722 1252 1786 luci
1293 1730 1352 1784 et
1396 1721 1579 1786 calori
1621 1720 1803 1798 Solis,
1866 1730 1926 1783 et
1963 1720 2052 1786 sic
2093 1720 2400 1792 Naturae;
2457 1729 2517 1782 et

413 1821 575 1907 quod
599 1821 832 1910 saepius
857 1822 1102 1889 miratus
1125 1841 1286 1900 sum,
1330 1841 1446 1909 per
1485 1821 1583 1888 illa
1620 1820 1974 1885 confirmant
2012 1842 2075 1885 se
2116 1843 2224 1906 pro
2252 1822 2516 1896 Natura,

412 1933 474 1987 et
501 1945 606 2010 per
632 1921 1110 1987 confirmationes
1148 1944 1254 2009 pro
1281 1924 1515 1989 Natura
1553 1941 1828 1988 somnum
1868 1931 1925 1986 et
1961 1921 2184 1986 lethum
2225 1922 2519 1988 inducunt

413 2023 741 2099 mentibus,
790 2032 849 2087 et
877 2020 1024 2087 fiunt
1050 2022 1243 2088 Athei.
1319 2024 1464 2089 Post
1487 2024 1636 2089 haec
1674 2025 1913 2088 narravi
1954 2023 2249 2088 mirabilia
2285 2024 2363 2087 de
2402 2023 2521 2087 Ve-

413 2123 798 2214 getabilibus,
849 2124 1007 2210 quod
1034 2125 1233 2190 omnia
1263 2124 1360 2189 illa
1389 2147 1423 2190 a
1450 2126 1672 2190 semine
1707 2145 1889 2211 usque
1915 2124 1989 2188 ad
2018 2145 2173 2190 nova
2200 2126 2430 2188 semina
2459 2126 2521 2188 iu

412 2230 568 2316 justo
595 2224 805 2290 ordine
841 2225 1191 2302 succedant,
1242 2248 1484 2313 prorsus
1525 2227 1674 2290 sicut
1714 2235 1872 2290 terra
1908 2225 2087 2291 sciret
2129 2225 2519 2290 commodare

414 2337 474 2395 et
499 2325 890 2393 accomodare
916 2346 1022 2394 sua
1050 2325 1338 2393 elementa
1383 2326 1648 2417 prolifico
1689 2327 1959 2403 seminis,
2011 2336 2071 2390 et
2109 2347 2179 2390 ex
2218 2325 2335 2391 hoc
2376 2327 2525 2392 edu-

416 2448 551 2495 cere
583 2447 820 2513 germen
838 2477 856 2504 ,
905 2439 964 2493 et
989 2428 1104 2493 hoc
1130 2429 1379 2497 dilatare
1409 2429 1469 2494 in
1496 2428 1829 2505 caudicem,
1882 2439 1943 2492 et
1971 2450 2054 2516 ‘ex
2082 2427 2198 2492 hoc
2240 2428 2519 2492 emittere

412 2549 647 2603 ramos,
697 2528 890 2594 ethos
916 2531 1194 2595 investire
1221 2528 1406 2607 foliis,
1460 2540 1519 2596 et
1551 2539 1755 2617 postea
1797 2529 2080 2617 insignire
2114 2527 2402 2603 floribus,
2460 2539 2522 2594 et

414 2632 494 2697 ab
518 2628 896 2696 interioribus
921 2632 1132 2697 horum
1160 2631 1395 2696 initiare
1421 2640 1481 2696 et
1506 2632 1835 2721 producere
1862 2630 2119 2708 fructus,
2173 2641 2235 2694 et
2262 2653 2369 2717 per
2390 2630 2525 2706 hos,

416 2743 481 2797 ut
509 2740 877 2809 renascatur,
927 2733 1148 2797 semina
1178 2741 1244 2797 ut
1272 2734 1498 2820 proles:
1548 2734 1654 2798 sed
1677 2731 1825 2797 haec
1855 2735 1992 2819 quia
2033 2753 2138 2820 per
2166 2732 2522 2797 continuum

419 2840 754 2923 aspectum,
807 2845 866 2900 et
904 2854 1223 2923 perennem
1268 2855 1571 2899 recursum
1612 2834 1811 2909 solita,
1865 2844 2032 2898 sueta
2073 2844 2132 2896 et
2177 2834 2522 2897 communia

413 2934 572 3000 facta
596 2943 768 3011 sunt,
819 2959 940 3000 non
966 2945 1032 2999 ut
1071 2935 1358 3000 mirabilia
1402 2944 1734 3024 aspectant,
1784 2936 1886 3000 sed
1927 2947 1993 2999 ut
2032 2955 2229 2999 meros
2273 2933 2527 2999 effectus

417 3030 700 3108 naturae;
754 3046 813 3100 et
845 3036 960 3101 hoc
987 3036 1302 3124 opinantur
1331 3036 1501 3101 unice
1528 3059 1599 3102 ex
1628 3057 1836 3113 causa,
1887 3037 2024 3122 quia
2051 3036 2332 3121 ignorant
2355 3037 2525 3122 quod

416 3137 675 3203 Mundus
700 3137 912 3223 aliquis
939 3137 1255 3223 spiritualis
1279 3138 1390 3213 sit,
1442 3147 1503 3202 et
1528 3138 1684 3225 quod
1712 3137 1808 3201 hic
1834 3139 1912 3202 ab
1941 3136 2205 3201 interiori
2233 3146 2528 3224 operetur

416 3249 477 3303 et
504 3247 700 3307 actuet
728 3239 924 3302 omnia
948 3250 1009 3303 et
1035 3237 1299 3325 singula,
1352 3260 1505 3325 quae
1545 3241 1604 3303 in
1633 3239 1860 3305 Mundo
1900 3249 2181 3313 naturae,
2234 3247 2293 3301 et
2335 3260 2523 3325 super

411 3339 654 3406 Tellure
681 3339 839 3424 ejus,
880 3340 1133 3404 existunt
1158 3351 1214 3404 et
1245 3337 1599 3418 formantur,
1631 3348 1692 3403 et
1717 3350 2000 3427 operatur
2024 3341 2171 3404 sicut
2191 3340 2364 3404 Mens
2403 3339 2522 3403 hu-

415 3463 590 3506 mana
619 3439 679 3502 iu
707 3438 988 3526 Corporis
1011 3441 1229 3506 Sensus
1255 3452 1314 3505 et
1341 3442 1559 3518 Motus,
1600 3450 1659 3504 et
1679 3442 1835 3528 quod
1862 3441 2091 3529 singula
2118 3442 2378 3507 naturae
2398 3441 2524 3506 sint

414 3541 565 3606 sicut
591 3540 844 3616 tunicae,
892 3543 1140 3630 vaginae
1167 3551 1229 3605 et
1256 3541 1516 3618 indusia,
1545 3563 1706 3630 ,qnae
1734 3542 2038 3629 incingunt
2068 3541 2420 3626 spiritualia,
2460 3550 2525 3604 et

417 3642 677 3730 proxime
717 3641 1047 3726 producunt
1076 3641 1317 3708 effectus
1342 3641 1445 3706 fini
1479 3644 1590 3727 Dei
1631 3644 1929 3708 Creatoris
1964 3640 2519 3727 correspondentes.

571 3745 713 3806 696.
770 3742 1083 3822 Qumrnrvr
1112 3746 1554 3811 Mammam.
1637 3744 1951 3826 Quondam
1983 3753 2255 3833 precatus
2279 3764 2409 3808 sum
2440 3742 2522 3806 ad

417 3844 774 3918 Dominum,
837 3854 901 3907 ut
946 3845 1189 3909 daretur
1234 3846 1397 3933 loqui
1440 3866 1572 3910 cum
1611 3845 1922 3934 Discipulis
1960 3845 2402 3920 Ammonius,
2456 3853 2523 3906 et

414 3945 584 4009 simul
629 3956 761 4009 cum
792 3942 1105 4034 Discipulis
1135 3945 1458 4022 CAanslr,
1511 3958 1570 4011 et
1615 3966 1745 4010 cum
1790 3946 2101 4034 Discipulis
2141 3945 2521 4021 Lfflnkrrzn,

416 4052 659 4135 propter
687 4046 860 4113 finem
879 4097 894 4124 ,
949 4057 1012 4112 ut
1037 4047 1344 4136 opiniones
1382 4049 1595 4114 mentis
1632 4068 1840 4113 eorum
1868 4047 1940 4112 de
1967 4047 2343 4113 Commercio
2367 4045 2522 4111 Ani-

415 4167 548 4210 mae
584 4157 643 4211 et
683 4147 961 4237 Corporis
1002 4146 1334 4214 haurirem:
1403 4158 1534 4234 post
1568 4149 1963 4235 precationem
2006 4146 2252 4213 aderant
2293 4168 2518 4213 novem

415 4247 573 4328 Viri,
628 4259 746 4315 tres
788 4246 1178 4324 Aristotelici,
1244 4258 1360 4313 tres
1405 4248 1764 4326 Cartesiani,
1835 4259 1893 4313 et
1938 4259 2057 4315 tres
2100 4248 2519 4324 Le-ibuitziani,

2688 383 2711 534 ἐ
