2750 4775
696 379 852 432 V111.
931 379 1342 434 LIBERUM
1397 379 1935 436 ARBITRIUM.
2349 394 2380 443 9

274 535 436 598 illam
466 532 672 609 fidem,
726 532 886 619 quod
925 533 1010 598 sic
1050 532 1131 597 dii
1172 542 1397 609 essent,
1449 534 1644 617 jacent
1687 534 1973 621 profunde
2014 535 2290 601 occultati
2323 536 2384 599 in

276 635 582 708 Caverna,
635 634 710 697 ad
739 655 917 723 quam
953 654 1130 698 nemo
1160 643 1352 720 potest
1383 656 1565 720 prope
1593 635 1909 711 accedere,
1962 636 2070 701 nisi
2101 636 2383 701 interiore

276 736 571 822 vertigine
610 744 776 799 actus
813 735 1178 799 succumbat.
1237 733 1415 813 Quod
1447 756 1548 822 per
1580 732 1871 799 Adamum
1902 744 1960 800 et
1986 736 2111 822 ejus
2136 758 2381 802 uxorem

270 836 637 922 intelligatur
661 844 721 898 et
748 835 1115 900 describatur
1139 832 1563 922 Antiquissima
1591 835 1876 912 Ecclesia,
1902 836 1962 899 in
1994 837 2382 923 praecedente

268 932 542 1002 Articulo
569 946 774 999 notum
805 934 1027 1000 factum
1057 943 1162 1000 est.
2285 990 2292 996 ,

430 1038 578 1101 4¹11.
634 1035 785 1116 Quis
811 1057 931 1099 non
957 1036 1149 1112 videt,
1200 1036 1249 1101 si
1276 1057 1350 1099 ex
1386 1036 1617 1100 ratione
1644 1057 1822 1122 supra
1851 1038 2143 1102 sensualia
2172 1059 2384 1126 corpo-

270 1139 355 1203 ris
397 1137 629 1204 elevata
674 1145 866 1222 potest
905 1137 1201 1224 cogitare,
1254 1136 1412 1223 quod
1458 1137 1578 1200 vita
1620 1156 1742 1201 non
1782 1137 2055 1203 creabilis
2080 1137 2191 1214 sit,
2243 1159 2380 1202 nam

274 1235 416 1326 quid
458 1238 612 1314 vita,
684 1237 792 1301 nisi
842 1259 1021 1322 quam
1070 1236 1276 1303 intima
1317 1237 1591 1302 activitas
1634 1235 1872 1303 Amoris
1916 1247 1973 1302 et
2019 1238 2380 1326 Sapientiae,

270 1358 425 1425 quae
453 1347 591 1404 sunt
619 1340 678 1400 in
706 1340 855 1411 Deo,
902 1347 971 1402 et
1000 1338 1181 1413 Deus,
1234 1358 1389 1423 quae
1419 1337 1539 1401 vita
1568 1338 1745 1402 etiam
1780 1339 1979 1404 vocari
2023 1348 2213 1427 potest
2252 1339 2379 1426 ipsa

269 1438 362 1504 vis
398 1440 572 1512 viva3
644 1439 741 1525 qui
785 1439 898 1503 boc
942 1438 1133 1514 videt,
1203 1438 1301 1502 ille
1341 1438 1520 1501 etiam
1563 1447 1755 1524 potest
1795 1440 2027 1515 videre,
2078 1439 2237 1525 qnod
2278 1440 2379 1504 illa

269 1540 394 1604 vita
435 1562 553 1604 non
592 1539 771 1627 possit
809 1538 1122 1604 transcribi
1166 1539 1227 1602 in
1273 1538 1528 1625 aliquem
1570 1538 1902 1616 hominem,
1956 1540 2064 1603 nisi
2096 1561 2212 1603 una
2244 1560 2375 1602 cum

271 1660 476 1705 amore
502 1650 560 1704 et
588 1640 905 1752 sapientia,
957 1639 1087 1725 quis
1113 1648 1322 1725 negat,
1379 1649 1481 1703 aut
1510 1659 1730 1724 negare
1758 1649 1979 1728 potest,
2033 1640 2174 1724 quin
2204 1661 2379 1705 omne

269 1740 494 1805 bonum
536 1740 754 1805 amoris
791 1751 850 1804 et
894 1761 1068 1803 omne
1112 1760 1317 1803 verum
1356 1740 1713 1827 sapientiae,
1766 1741 1884 1804 sint
1923 1741 2094 1804 unice
2146 1762 2181 1828 a
2227 1741 2378 1813 Deo,

270 1849 335 1904 et
357 1842 516 1927 quod
545 1851 830 1928 quantum
859 1840 1040 1904 homo
1068 1840 1167 1904 illa
1197 1840 1408 1926 recipit
1437 1859 1471 1903 a
1504 1841 1656 1915 Deo,
1710 1850 1939 1906 tantum
1970 1842 2133 1907 vivat
2163 1862 2194 1903 a
2224 1841 2377 1916 Dee,

267 1950 326 2005 et
372 1941 602 2007 dicatur
648 1950 821 2006 natus
863 1962 895 2007 a
938 1943 1103 2017 Deo,
1176 1940 1294 2003 boc
1336 1950 1459 2015 est,
1524 1952 1938 2025 regeneratum
1993 1962 2063 2004 ac
2102 1941 2376 2017 vicissim,

270 2042 431 2126 quod
480 2052 766 2130 quantum
812 2042 943 2127 quis
984 2063 1104 2105 non
1153 2039 1360 2128 recipit
1416 2061 1676 2105 amorem
1722 2051 1779 2105 et
1832 2041 2213 2128 sapientiam,
2274 2063 2379 2106 seu

267 2141 428 2227 quod
461 2142 684 2223 simile,
736 2139 1084 2205 charitatem
1125 2151 1185 2207 et
1213 2137 1425 2214 fidem,
1478 2148 1705 2202 tantum
1746 2163 1867 2205 non
1901 2142 2144 2229 recipiat
2176 2141 2384 2218 vitam,

270 2243 511 2339 quaeJn
539 2264 603 2305 se
632 2242 753 2304 vita
785 2250 901 2314 est,
957 2261 989 2303 a
1019 2242 1170 2317 Deo,
1222 2239 1322 2304 sed
1354 2238 1432 2303 ab
1458 2238 1732 2318 inferno,
1785 2263 1936 2328 quae
1965 2264 2084 2304 non
2114 2242 2231 2306 alia
2260 2242 2379 2310 vita

271 2350 388 2418 est,
443 2364 619 2429 quam
651 2340 771 2406 vita
799 2341 1065 2416 inversa,
1122 2362 1276 2428 quae
1303 2349 1555 2407 vocatur
1581 2362 1742 2408 mors
1773 2342 2105 2431 spiritualis.

423 2446 572 2506 472.
630 2442 718 2506 Ex
762 2442 1072 2507 antedictis
1118 2441 1338 2531 percipi
1387 2450 1447 2506 et
1493 2444 1762 2507 concludi
1805 2430 2026 2531 potest,
2080 2444 2240 2530 quod
2286 2466 2381 2509 se-

264 2542 506 2629 quentia
535 2542 684 2607 baec
711 2564 829 2606 non
859 2543 1140 2607 creabilia
1167 2543 1316 2622 sint,
1369 2541 1661 2606 videlicet.
1721 2549 1773 2608 1.
1815 2544 1989 2626 Quod
2031 2566 2150 2607 non
2179 2543 2382 2609 Infini-

264 2653 414 2708 tum.
472 2649 531 2707 2.
561 2645 699 2709 Non
730 2663 902 2707 amor
927 2653 986 2706 et
1023 2643 1331 2730 sapientia.
1392 2647 1447 2706 3.
1492 2642 1569 2708 Et
1610 2643 1745 2709 inde
1789 2666 1908 2709 non
1952 2646 2089 2709 vita.
2148 2649 2206 2708 4.
2247 2647 2378 2712 Nec

259 2745 363 2808 lux
391 2753 449 2808 et
477 2745 656 2809 calor.
717 2748 770 2808 5.
806 2743 938 2807 Imo
968 2764 1075 2808 nec
1101 2745 1224 2830 ipsa
1256 2743 1529 2808 activitas
1554 2744 1613 2807 in
1640 2766 1702 2810 se
1730 2755 2029 2833 spectata;
2082 2745 2184 2809 sed
2216 2745 2375 2831 quod

261 2844 509 2932 Organa
557 2845 902 2931 recipientia
947 2844 1045 2908 illa
1092 2846 1206 2909 sint
1247 2844 1531 2909 creabilia
1574 2855 1633 2908 et
1653 2847 1881 2910 ‘ci-eata.
1938 2846 2109 2910 Haec
2138 2867 2242 2933 per
2267 2845 2378 2912 bas

260 2947 736 3031 comparationes
773 2944 1056 3009 illustrari
1098 2954 1371 3034 possunt;
1427 2945 1586 3032 quod
1631 2946 1761 3010 Lux
1800 2968 1920 3010 non
1969 2946 2241 3010 creabilis
2283 2946 2378 3022 sit,

255 3046 361 3110 sed
392 3047 518 3133 ejus
547 3066 873 3130 organum,
914 3046 1074 3129 quod
1104 3054 1192 3110 est
1225 3045 1462 3121 oculus;
1519 3046 1682 3132 quod
1709 3068 1889 3110 sonus
1918 3047 2016 3133 qui
2051 3057 2139 3110 est
2168 3046 2378 3110 activi-

253 3155 350 3210 tas
391 3145 872 3233 atmospbaerae,
927 3167 1047 3210 non
1077 3146 1348 3211 creabilis
1385 3146 1491 3221 sit,
1544 3146 1645 3209 sed
1681 3146 1806 3231 ejus
1848 3166 2175 3232 organum,
2214 3145 2373 3230 quod

254 3255 350 3310 est
378 3248 569 3319 auris;
623 3246 781 3332 quod
811 3266 922 3309 nec
949 3246 1134 3321 calor,
1163 3248 1263 3332 qui
1292 3254 1381 3309 est
1413 3246 1754 3332 primarium
1787 3247 2060 3319 aelirum,
2100 3247 2169 3307 ad
2201 3271 2373 3331 quiem

251 3347 658 3433 recipiendum
702 3353 902 3410 creata
947 3355 1085 3411 sunt
1128 3347 1326 3412 omnia
1367 3346 1608 3432 quaein
1638 3345 1827 3410 tribus
1856 3346 2080 3427 Regula
2124 3355 2373 3407 naturai:

250 3457 424 3524 sunt,
478 3468 629 3534 quae
660 3447 981 3512 secundum
1014 3447 1411 3535 receptionem
1445 3466 1564 3510 non
1594 3455 1797 3532 agunt,
1825 3447 1924 3511 seii
1956 3455 2229 3532 aguntur.
2293 3447 2373 3511 1:11

252 3547 575 3612 creatione
619 3557 740 3623 est,
795 3548 954 3632 quod
1000 3546 1103 3612 ubi
1145 3548 1339 3611 activa
1383 3557 1555 3624 sunt,
1610 3547 1788 3612 etiam
1830 3548 2056 3634 passiva
2116 3548 2261 3620 sint,
2319 3560 2377 3612 et

252 3648 416 3735 quod
460 3647 579 3712 duo
624 3647 723 3711 illa
767 3657 832 3710 ut
872 3648 929 3711 in
977 3669 1158 3713 unum
1201 3670 1264 3712 se
1307 3650 1706 3735 conjungant3
1772 3648 1819 3713 si
1859 3652 2052 3712 activa
2100 3648 2373 3712 creabilis

250 3747 475 3825 forent,
527 3748 680 3812 sicut
705 3747 972 3835 passiva,
1027 3769 1144 3812 non
1178 3771 1324 3836 opus
1349 3747 1553 3814 fuisset
1579 3748 1752 3824 Sole,
1808 3759 1864 3812 et
1908 3752 2040 3812 inde
2084 3752 2277 3812 ssime
2321 3760 2373 3808 et

252 3848 420 3924 luce,
471 3847 575 3912 sed
622 3848 820 3912 omnia
869 3857 1068 3912 creata
1110 3849 1335 3935 absque
1379 3849 1492 3912 illis
1518 3849 2127 3924 subsisterent‚‘cum
2158 3860 2380 3926 tamen,

251 3948 301 4012 si
355 3948 455 4013 illa
500 3957 1000 4025 removerentur,
1054 3949 1292 4012 caderet
1333 3945 1703 4017 Universum
1752 3960 2016 4014 creatum
2061 3949 2120 4011 in
2161 3945 2374 4013 Chaos.

254 4047 386 4134 lpse
415 4048 517 4112 Sol
546 4049 748 4114 mundi
779 4048 1044 4115 consistit
1073 4070 1147 4112 ex
1172 4049 1517 4117 substantiis
1545 4050 1778 4126 creatis,
1821 4070 2071 4137 quarum
2102 4048 2377 4112 activitas

252 4149 526 4234 producit
552 4150 786 4238 ignem:
841 4149 1006 4218 baec
1020 4149 1428 4216 illustrationis
1458 4171 1637 4216 causa
1667 4150 1922 4215 adducta
1952 4157 2103 4212 sunt.
2170 4147 2373 4210 Simile

254 4245 408 4314 foret
440 4271 574 4316 cum
603 4251 876 4328 homine,
928 4249 977 4316 si
1011 4250 1137 4314 Lux
1165 4250 1517 4340 spiritualis,
1574 4271 1728 4337 quae
1769 4250 1829 4312 in
1873 4268 1975 4314 sua
2006 4245 2253 4310 essentia
2284 4252 2373 4306 est
