2750 4775
431 334 539 386 ”n
681 321 1138 378 uulvmtsa
1179 323 1711 377 Tussobotssa
1752 323 1820 376 N.
1862 321 1929 377 C.
1970 322 2076 375 ΕΤ
2118 323 2189 380 Ν.
2232 323 2301 379 Ε.

530 477 709 543 etiam
737 477 820 542 ita
849 477 1123 565 loquitur.
1181 476 1348 544 Alter
1373 499 1537 553 vero,
1577 478 1676 565 qui
1704 477 1925 542 amavit
1955 476 2173 541 bouum
2203 477 2545 554 etverum,

529 578 605 643 de
636 579 856 644 Libero
883 578 1131 644 arbitrio
1161 578 1223 641 in
1265 578 1667 666 spiritualibus
1702 579 1781 643 ita
1813 577 1967 645 fatus
1997 588 2117 653 est,
2171 579 2314 664 quid
2343 589 2541 643 totum

529 679 792 744 Verbum
833 680 1056 766 absque
1099 679 1233 757 illo,
1283 691 1342 744 et
1375 680 1518 767 quid
1540 679 1836 755 Ecclesia,
1890 679 2030 767 quid
2074 680 2341 766 Religio,
2394 679 2541 765 quid

532 779 740 846 Cultus
767 781 910 857 Dei,
962 782 1042 844 ita
1071 782 1209 868 quid
1251 780 1645 848 ministerium
1684 781 1909 867 absque
1950 779 2086 851 illo;
2138 789 2200 843 et
2245 801 2317 843 ex
2364 781 2542 844 iutel-

532 881 720 947 lectus
757 882 869 945 mei
917 881 1044 947 luce
1081 883 1238 958 scio,
1293 883 1449 969 quod
1491 881 1673 947 homo
1704 881 1931 969 abstme
1967 881 2187 946 Libero
2225 881 2327 944 illo
2366 883 2541 969 spiri-

534 982 677 1047 tuali
710 1005 829 1047 uon
855 992 1005 1048 esset
1029 982 1241 1059 horno,
1277 983 1378 1048 sed
1409 983 1625 1059 bestia,
1664 1004 1803 1047 uam
1830 982 1986 1070 quod
2015 981 2194 1047 boum
2222 982 2297 1046 sit
2322 991 2385 1045 et
2415 1002 2539 1046 uon

535 1083 753 1160 bestia,
805 1094 893 1148 eat
925 1107 992 1148 ex
1034 1084 1134 1148 illo
1162 1085 1412 1157 Libero;
1467 1104 1538 1149 ac
1577 1085 1814 1172 iusuper
1851 1084 2010 1171 quod
2046 1078 2270 1148 homini
2310 1084 2542 1170 absque

536 1184 756 1249 Libero
781 1185 1028 1250 arbitrio
1069 1187 1126 1249 in
1160 1185 1561 1274 spiritualibus
1598 1206 1717 1248 non
1757 1184 1911 1250 foret
1952 1185 2070 1249 vita
2101 1197 2229 1270 post
2261 1195 2543 1262 mortem,

535 1287 618 1350 ita
647 1307 763 1351 uon
794 1286 916 1352 vita
951 1295 1191 1351 aeterna
1210 1336 1223 1360 ,
1279 1288 1415 1373 quia
1462 1302 1580 1351 non
1609 1286 1807 1373 aliqua
1841 1286 2177 1372 conjunctio
2205 1306 2339 1349 cum
2370 1287 2540 1362 Deo;

535 1406 724 1473 quare
747 1387 896 1450 illud
923 1408 1140 1474 negare
1169 1409 1289 1451 uon
1318 1396 1403 1453 est
1434 1387 1541 1451 uisi
1580 1389 1845 1461 illorum,
1898 1389 1999 1473 qui
2037 1388 2093 1449 in
2133 1388 2542 1474 spiritualibus

533 1488 847 1553 insaniunt.
928 1488 1141 1553 Postea
1185 1490 1342 1554 visus
1381 1497 1468 1554 est
1496 1489 1644 1553 sicut
1676 1498 1902 1574 prester
1928 1510 2106 1573 super
2131 1490 2382 1563 arbore,
2438 1491 2539 1575 qui

535 1588 670 1653 iude
699 1588 954 1653 fructum
979 1590 1244 1678 porrexit
1268 1590 1350 1654 illi
1383 1591 1493 1677 qui
1511 1589 1791 1655 Liberum
1819 1590 2142 1654 Arbitrium
2174 1592 2233 1652 in
2262 1589 2543 1675 spiritua·

535 1688 690 1755 libus
715 1692 988 1777 negavit,
1023 1713 1142 1777 qun
1170 1712 1411 1756 comeso
1434 1692 1708 1779 apparuit
1739 1690 1935 1756 sumus
1973 1713 2041 1754 ex
2071 1689 2305 1754 inferno
2333 1713 2538 1755 asceu-

535 1789 713 1867 denx,
766 1792 868 1880 qui
903 1793 1267 1879 superiorein
1316 1803 1539 1878 partem
1581 1794 1793 1857 mentis
1828 1793 1957 1875 ejus
1994 1791 2301 1856 rationalis
2339 1792 2538 1878 quoad

444 1968 458 1985 ι
537 1872 737 1956 liflnen
762 1894 1053 1967 exstinxit,
1094 1914 1165 1955 u:
1213 1896 1362 1958 504.

405 1986 576 2059 ‘LlL
631 1992 882 2059 Auditus
907 2005 995 2058 est
1020 1994 1239 2059 stridor
1263 1994 1413 2059 sicut
1438 1996 1691 2060 duorum
1732 1993 1989 2081 lapidum
2032 1993 2347 2058 molarium
2388 1994 2540 2057 inter

537 2116 601 2159 se
630 2096 1028 2160 collidentium
1050 2140 1070 2169 ,
1121 2107 1178 2159 et
1207 2098 1423 2161 accessi
1452 2098 1526 2161 ad
1555 2096 1787 2159 initium
1813 2096 1973 2171 soni,
2016 2105 2077 2159 et
2105 2095 2227 2160 vidi
2256 2096 2540 2172 Domum,

539 2197 598 2260 iu
629 2219 743 2285 qua
771 2197 971 2282 plures
997 2197 1241 2261 cellulae
1270 2209 1487 2272 arants
1527 2198 1586 2261 iu
1616 2198 1828 2282 quibus
1860 2196 2143 2261 sedebant
2173 2196 2411 2261 Eruditi
2438 2196 2542 2260 bu·

538 2297 631 2382 jus
657 2298 892 2371 saeculi,
927 2308 985 2361 et
1011 2298 1446 2385 confirmabant
1473 2298 1964 2363 Justilicationern
1995 2319 2102 2385 per
2125 2298 2314 2362 solam
2346 2296 2545 2374 fidem,

539 2409 598 2462 et
623 2383 910 2463 accedens
936 2399 1010 2463 ad
1039 2422 1216 2464 unam
1243 2400 1528 2486 quaesivi,
1555 2402 1697 2487 quid
1724 2421 1880 2464 nunc
1907 2400 2285 2476 lucubratur‚·
2304 2421 2545 2488 respon-

540 2501 625 2564 dit
651 2501 724 2566 de
748 2497 922 2565 Ac‘ru
949 2502 1500 2575 Jusurmmoms,
1554 2503 1653 2588 qui
1682 2511 1769 2566 est
1809 2511 1984 2587 caput
2011 2502 2277 2564 omniurn
2309 2501 2546 2565 Doctri-
2616 2495 2621 2504 ’

541 2623 655 2666 uae
681 2601 740 2664 iu
769 2611 965 2667 nostra
996 2601 1398 2678 orthodoxia,
1434 2616 1495 2666 et
1522 2603 1907 2688 interrogavi,
1947 2624 2085 2665 num
2126 2603 2276 2666 sciat
2303 2601 2540 2687 aliquod

499 2712 504 2716 ’
537 2704 770 2790 signum
801 2704 938 2767 dum
968 2703 1143 2769 Fides
1168 2703 1489 2787 justificans
1514 2706 1694 2768 intrat
1733 2715 1793 2767 et
1820 2704 1958 2767 dum
1988 2704 2267 2777 intravit,
2312 2713 2375 2767 et
2404 2704 2539 2766 dixit

541 2804 841 2892 quodshec
870 2804 970 2869 fiat
999 2806 1224 2891 passive
1253 2816 1312 2869 et
1339 2827 1460 2869 non
1484 2807 1713 2879 active,
1760 2806 1835 2870 ad
1861 2819 2013 2892 quae
2040 2805 2336 2892 respondi,
2387 2803 2538 2892 quod

542 2907 590 2971 si
618 2906 818 2971 aufers
860 2905 1119 2971 activum
1161 2905 1218 2968 in
1263 2928 1365 2980 eo»,
1420 2907 1597 2970 etiam
1643 2906 1877 2971 auferas
1917 2904 2311 3002 receptivum,
2368 2915 2433 2969 et
2458 2904 2539 2971 sic

545 3006 698 3073 foret
725 3017 893 3072 actus
919 3007 1014 3074 itte
1041 3007 1217 3071 modo
1249 3030 1396 3092 pure
1424 3008 1642 3081 ideale‚
1682 3005 1839 3093 quod
1870 3016 2253 3070 vocatus-,eus
2280 3005 2537 3081 rationis,

544 3109 715 3173 etsie
741 3129 860 3173 non
890 3109 997 3173 nisi
1025 3127 1200 3195 quam
1228 3119 1423 3173 statua
1454 3130 1602 3172 uxor
1627 3108 1760 3171 Leti
1804 3106 2058 3176 tinniens
2094 3129 2164 3171 ex
2205 3125 2377 3173 mero
2403 3108 2535 3181 sale,

543 3210 748 3274 stricta
774 3231 965 3295 penna
991 3205 1250 3286 scribae,
1303 3219 1406 3274 aut
1434 3229 1630 3295 ungue
1671 3209 1835 3295 digiti
1874 3209 2027 3293 ejus:
2084 3208 2173 3272 vir
2200 3209 2299 3272 ille
2329 3229 2533 3272 excan·

547 3310 787 3375 descens
810 3311 1014 3375 sumsit
1040 3310 1439 3401 lychnuchum
1468 3311 1845 3396 conjectatus
1870 3310 1937 3373 iu
1962 3330 2055 3372 me
2071 3359 2086 3385 ,
2138 3310 2246 3374 sed
2280 3320 2423 3373 tunc
2446 3328 2536 3373 ex-

546 3411 760 3476 stincto
787 3410 1005 3500 lychno
1035 3412 1286 3496 conjecit-
1314 3411 1687 3487 insodalem,
1735 3434 1802 3473 nx
1850 3413 2005 3474 505.-

450 3511 607 3578 Llll.
662 3513 784 3578 Visi
811 3522 945 3575 suut
983 3513 1103 3578 duo
1129 3511 1391 3598 Greges,
1446 3533 1594 3576 uuus
1637 3531 1708 3575 ex
1744 3511 1952 3587 hircis,
2004 3511 2154 3574 alter
2195 3530 2269 3574 ex
2311 3511 2530 3584 ovibus,

546 3623 607 3677 at
633 3633 765 3676 cum
796 3613 1041 3698 spectati
1068 3622 1202 3678 sunt
1230 3612 1287 3675 in
1319 3614 1682 3700 propinquo,
1736 3636 1843 3700 pro
1881 3610 2063 3675 hircis
2096 3620 2156 3673 et
2192 3612 2415 3677 ovibus
2437 3609 2529 3674 visi

544 3723 680 3777 sunt
708 3712 1002 3787 homines,
1057 3722 1115 3776 et
1143 3724 1485 3798 perceptum
1515 3725 1630 3787 est,
1686 3713 1847 3800 quod
1886 3733 2029 3799 grex
2058 3711 2362 3775 hircorum
2405 3731 2529 3775 cou-

544 3822 730 3877 staret
756 3834 824 3874 ex
853 3812 995 3888 inis,
1041 3814 1147 3901 qui
1173 3814 1360 3878 solani
1392 3815 1597 3879 Fidem
1623 3814 1945 3878 salvificam
1990 3812 2246 3888 faciunt,
2291 3824 2350 3877 et
2384 3812 2529 3877 Grex

547 3915 748 3978 ovium
775 3934 847 3977 ex
873 3913 1012 3991 illis,
1064 3915 1164 4004 qui
1191 3914 1555 3979 Charitateui
1600 3924 1658 3979 et
1693 3915 1866 3980 simul
1894 3914 2128 3988 Fidem
2182 3915 2258 3978 ad
2288 3916 2530 3979 interro·

547 4014 844 4099 gationem
891 4038 997 4080 cur
1040 4018 1154 4093 ibi,
1203 4016 1486 4084 dicebaut
1526 4015 1642 4091 illi,
1707 4017 1807 4104 qui
1855 4017 1960 4082 visi
2002 4024 2138 4081 sunt
2181 4014 2333 4079 sicut
2377 4013 2530 4089 hirci,

549 4114 707 4200 quod
733 4115 1354 4184 sederentconcilium
1375 4163 1393 4192 ,
1448 4115 1724 4203 quoniam
1754 4118 1864 4183 illis
1890 4118 2189 4181 detectum
2213 4126 2299 4181 est
2316 4166 2332 4193 ,
2388 4114 2532 4202 quod

445 4267 458 4276 ,
551 4212 771 4279 dictum
818 4216 1021 4294 Pauli,
1079 4215 1261 4302 Quod
1306 4214 1484 4281 homo
1499 4214 1652 4306 fide
1684 4217 2065 4309 justfficetur
2096 4220 2233 4281 sine
2263 4216 2532 4312 operibus
