2750 4775
488 333 591 382 128
710 323 1175 377 UNIVERSA
1221 322 1751 376 THEOLOGIA
1809 324 1875 377 N.
1920 323 1981 374 C.
2025 321 2129 373 ΕΤ
2169 323 2236 374 Ν.
2278 322 2341 373 Ε.

480 481 665 551 sensi,
717 488 775 541 et
801 486 944 541 tunc
973 498 1102 541 cum
1129 477 1385 564 cogitavi
1415 476 1490 541 de
1518 475 1945 563 Coniunctioue
1974 473 2108 539 fidei
2152 485 2210 539 et
2250 475 2544 553 charitatis,

479 600 543 642 se
572 578 915 665 interposuit
940 579 1092 641 inter
1128 578 1260 654 illa,
1315 600 1387 642 ac
1427 578 1719 643 violenter
1758 588 1972 642 conata
2012 586 2100 642 est
2139 598 2440 666 separare:
2485 579 2546 643 de

482 678 575 745 his
612 678 889 768 Sphaeris
928 689 1370 765 conqueruntur
1410 678 1653 764 Angeli,
1704 688 1764 743 et
1807 689 1981 743 orant
2026 680 2101 743 ad
2140 678 2455 743 Dominum
2494 687 2551 744 ut

482 781 862 868 dissipentur,
906 782 1006 846 sed
1034 802 1379 869 responsum
1413 779 1702 853 tulerunt,
1754 780 1910 866 quod
1951 779 2216 867 dissipari
2258 791 2549 867 nequeant,

482 882 761 968 quamdiu
792 882 993 946 Draco
1019 891 1307 970 estsuper
1334 894 1527 955 terra,
1578 883 1857 969 quoniam
1885 903 1919 944 a
1953 881 2301 946 Draconicis
2327 893 2412 946 est
2439 881 2550 954 illa;

479 1005 617 1048 nam
646 983 859 1047 dicitur
884 984 957 1047 de
987 983 1292 1058 Dracone,
1344 982 1504 1068 quod
1535 983 1829 1070 projectus
1853 983 1927 1048 sit
1954 983 2012 1044 in
2041 993 2295 1058 terram,
2337 992 2397 1047 et
2432 992 2553 1046 tunc

483 1087 564 1149 ita
582 1133 598 1159 ,
643 1099 893 1176 propter
929 1083 1041 1149 hoc
1074 1082 1334 1174 gaudete
1378 1081 1580 1158 Caeli,
1632 1096 1689 1147 et
1727 1109 1849 1149 vae
1884 1081 2299 1148 habitantibus
2339 1098 2553 1159 terram,

481 1185 664 1273 Apoc.
713 1185 847 1250 XII.
894 1180 951 1278 [1
966 1179 1050 1277 2]
1131 1185 1282 1249 Tres
1307 1185 1442 1249 illae
1468 1183 1754 1273 sphaerae
1784 1193 1920 1249 sunt
1946 1185 2096 1248 sicut
2123 1184 2554 1274 atmosphaerae

485 1296 653 1351 actae
682 1308 752 1351 ex
778 1288 1083 1373 spiraculis
1108 1287 1453 1351 Draconum
1485 1287 1771 1351 oriundae
1790 1336 1804 1362 ‚
1858 1306 2041 1372 quae,
2079 1286 2218 1372 quia
2248 1285 2556 1373 spirituales

481 1397 635 1461 sunt,
666 1389 952 1454 invadunt
980 1397 1204 1453 mentes
1232 1396 1290 1450 et
1318 1388 1577 1473 adigunt.
1632 1385 1935 1472 sphaerae
1962 1388 2277 1451 veritatum
2304 1387 2557 1477 spiritua-

479 1488 620 1552 lium
650 1490 729 1553 ibi
757 1489 948 1554 adbuc
970 1511 1191 1576 paucae
1217 1498 1369 1564 sunt,
1391 1488 1675 1551 duntaxat
1701 1489 1762 1550 in
1779 1487 1955 1553 Novo
1970 1487 2171 1562 Caelo,
2186 1497 2246 1552 et
2276 1489 2428 1574 apud
2446 1489 2557 1552 illos

477 1591 591 1654 sub
614 1589 811 1665 Caelo,
855 1592 952 1678 qui
980 1591 1233 1678 separati
1261 1611 1294 1653 a
1326 1589 1671 1654 Draconicis
1697 1598 1861 1652 sunt:
1912 1609 2061 1676 quae
2093 1611 2273 1654 causa
2306 1599 2396 1654 est
2419 1589 2556 1674 quod

483 1692 774 1755 Veritates
803 1691 934 1755 illae
962 1691 1136 1754 hodie
1164 1693 1223 1752 in
1255 1691 1481 1755 Mundo
1508 1690 1662 1776 apud
1695 1689 1961 1754 homines
1995 1700 2112 1754 tam
2155 1691 2558 1779 inconspicuae

482 1793 627 1866 sint,
680 1791 1172 1880 quemadmodum
1214 1792 1417 1856 Naves
1461 1793 1519 1855 in
1564 1792 1708 1855 mari
1751 1791 2040 1857 Orientali
2078 1802 2213 1856 sunt
2240 1791 2558 1859 Navarchis
2663 1802 2664 1811 ¹

481 1904 538 1958 et
566 1894 909 1968 Naucleris,
965 1893 1061 1979 qui
1091 1893 1149 1955 in
1179 1894 1324 1956 mari
1354 1892 1721 1956 occidentali
1750 1893 2048 1979 navigant.

622 1990 779 2059 620.
834 1994 1012 2073 Quod
1043 1996 1442 2080 Regeneratio
1470 1995 1691 2080 absque
1720 1994 1907 2068 veris,
1964 2015 2068 2079 pet
2100 2016 2251 2080 quae
2284 1994 2557 2060 formatur

480 2095 650 2170 fides,
705 2117 825 2159 non
854 2094 1063 2158 dabilis
1088 2096 1191 2170 sit,
1239 2095 1517 2159 illustrari
1548 2102 1734 2180 potest
1782 2117 1886 2181 per
1923 2095 2028 2159 bas
2068 2097 2554 2181 comparationes;

480 2219 599 2261 non
631 2198 759 2282 plus
784 2196 992 2260 dabilis
1017 2206 1104 2261 est
1129 2218 1305 2282 quam
1333 2197 1505 2260 Mens
1527 2194 1787 2260 humana
1830 2197 2052 2282 absque
2093 2197 2399 2260 intellectu
2417 2244 2436 2273 ,
2483 2197 2556 2258 in·

485 2300 749 2362 tellectus
777 2297 930 2361 enim
963 2296 1251 2361 formatur
1289 2319 1394 2383 pet
1434 2319 1608 2373 vera,
1661 2307 1720 2361 et
1764 2298 1895 2360 ideo
1937 2300 2107 2361 docet
2131 2298 2285 2384 -quid
2331 2298 2556 2362 creden·

487 2401 651 2466 simu,
711 2410 763 2458 et
813 2398 951 2486 quid
996 2399 1326 2464 faciendum
1372 2410 1490 2476 est,
1556 2400 1789 2486 etquid
1834 2401 2267 2485 Regeneratio‚
2322 2410 2385 2463 et
2430 2422 2556 2488 quo-

487 2502 659 2562 tnmln
695 2501 805 2562 liat.
860 2501 1255 2587 Regeneratio
1284 2503 1506 2586 absque
1539 2502 1690 2565 veris
1718 2523 1824 2565 nec
1855 2502 1981 2587 plus
2007 2501 2213 2565 dabilis
2239 2513 2356 2578 est,
2399 2521 2556 2588 quam

487 2602 798 2662 vivificatio
827 2603 1164 2665 animalium
1195 2614 1251 2665 et
1279 2602 1573 2687 vegetatio
1604 2602 1883 2666 arborum
1912 2603 2131 2689 absque
2160 2604 2292 2667 luce
2333 2613 2393 2667 et
2433 2603 2555 2675 sole,

491 2726 621 2762 inani
659 2702 759 2762 nisi
802 2702 889 2766 sol
927 2704 1097 2766 simul
1144 2704 1312 2768 daret
1355 2703 1543 2766 lucem
1580 2704 1733 2767 sicut
1776 2703 1877 2767 dat
1918 2703 2207 2776 calorem,
2258 2702 2431 2768 fieret
2467 2702 2559 2778 sol,
2659 2751 2660 2776 2

479 2806 627 2867 sii-nt
659 2802 1002 2868 dueiiribitur
1027 2805 1086 2867 in
1113 2804 1499 2893 Apocalypsi,
1553 2814 1835 2891 tanquam
1874 2826 2077 2868 saccus
2122 2805 2375 2891 pilosus,
2432 2802 2554 2897 Cap.

487 2903 595 2967 Vl:
651 2911 743 2967 ΓΞ,
801 2926 872 2968 ac
902 2915 1147 2980 atratus,
1198 2906 1336 2970 Jotsl
1361 2903 1482 2968 111:
1533 2911 1589 2969 4.
1643 2907 1811 2970 etsie
1838 2927 2034 2969 merae
2061 2907 2348 2969 tenebrae
2376 2907 2557 2971 forent

483 3029 659 3091 anper
687 3019 873 3081 terra,
925 3007 1061 3071 Joel
1089 3007 1203 3072 IV:
1255 3010 1366 3082 15⁴,
1419 3008 1684 3070 similiter
1712 3005 1865 3070 soret
1906 3028 2037 3071 cum
2081 2995 2318 3070 bomine
2345 3010 2555 3093 absque

487 3111 669 3179 reris,
727 3128 873 3191 qnae
903 3108 1090 3170 lucem
1127 3130 1160 3171 a
1204 3130 1266 3172 se
1304 3107 1611 3180 emi·ttunt;
1666 3107 1770 3171 Sol
1808 3107 1962 3179 enim
1993 3130 2026 3172 a
2058 3131 2173 3195 quo
2214 3109 2377 3173 luces
2418 3107 2556 3173 veri-

483 3219 664 3271 tatum
708 3206 1039 3294 profluunt,
1091 3218 1178 3273 est
1219 3209 1509 3275 Dominus
1547 3210 1606 3272 in
1647 3208 2227 3296 Mundo-spirituali,
2282 3210 2395 3273 nisi
2436 3207 2557 3271 inde

475 3309 792 3395 spiritualis
820 3310 916 3373 lux
942 3310 1000 3372 in
1028 3318 1252 3375 mentes
1280 3307 1569 3375 humanas
1609 3306 1953 3384 influerent,
2007 3308 2159 3373 foret
2206 3309 2469 3375 Ecclesia
2505 3310 2558 3371 in

475 3412 653 3476 meris
680 3410 937 3475 tenebris
956 3458 972 3486 ‚
1025 3411 1210 3474 autin
1238 3412 1450 3476 umbra
1481 3432 1553 3475 ex
1585 3420 1863 3497 perpetua
1893 3410 2157 3499 Ecclipsi.
2228 3411 2559 3497 Regenera-

481 3503 592 3585 tio,
632 3517 784 3597 qu’ae
813 3510 876 3576 fit
902 3533 1009 3597 per
1036 3510 1208 3574 fidem
1240 3520 1298 3574 et
1323 3510 1669 3575 charitatem
1688 3559 1705 3587 ,
1744 3512 1966 3599 absque
1997 3512 2149 3576 veris
2177 3533 2327 3598 quae
2357 3512 2559 3575 docent

477 3621 535 3674 et
565 3612 820 3688 ducunt,
874 3610 1025 3677 foret
1053 3612 1201 3676 sicut
1240 3612 1539 3699 navigatio
1574 3612 1634 3676 in
1677 3632 1890 3699 magno
1918 3615 2161 3678 Oceano
2202 3613 2425 3700 absque
2462 3632 2557 3698 gu-

479 3711 838 3789 bernaculo,
891 3722 991 3777 aut
1020 3715 1240 3801 absque
1270 3715 1419 3803 cysti
1460 3713 1695 3777 nautica
1727 3722 1784 3777 et
1824 3715 2077 3802 mappis:
2132 3736 2200 3777 ac
2228 3713 2382 3778 foret
2419 3714 2558 3778 sicut

474 3812 758 3899 equitatio
785 3814 844 3877 in
875 3837 1058 3902 opaca
1086 3816 1254 3905 sylva
1284 3824 1549 3903 tempore
1578 3814 1780 3878 noctis.
1862 3816 2034 3882 Visus
2067 3817 2331 3879 internus
2361 3813 2557 3879 mentis

473 3912 629 4000 apud
655 3914 816 3992 illos,
867 3916 965 4003 qui
996 3938 1114 3981 non
1141 3917 1200 3980 in
1243 3916 1398 3983 veris
1434 3926 1601 3992 suut,
1653 3915 1755 3979 sed
1801 3915 1861 3979 in
1902 3915 2089 3994 falsis,
2145 3925 2203 3980 et
2247 3916 2396 3986 haec
2439 3935 2555 3979 cre-

475 4014 621 4077 dunt
642 4034 771 4079 esse
801 4038 939 4082 vera
958 4066 973 4093 ,
1026 4018 1358 4105 comparari
1390 4027 1578 4105 potest
1607 4038 1736 4078 cum
1768 4018 1895 4082 visu
1921 4018 2188 4094 illorum,
2236 4018 2388 4107 apud
2419 4033 2554 4104 quos

473 4115 641 4179 nervi
673 4118 1157 4204 optici-obstructi
1186 4129 1350 4196 sunt,
1407 4130 1464 4183 et
1492 4119 1695 4183 oculus
1729 4140 1914 4205 usque
1954 4128 2196 4209 apparet
2223 4119 2465 4206 integer
2503 4122 2554 4178 et

477 4216 707 4294 videns,
762 4221 991 4285 tametsi
1039 4221 1178 4285 nihil
1220 4222 1413 4295 videt,
1467 4240 1618 4307 qnae
1664 4220 1913 4284 caecitas
1952 4242 1984 4283 a
2027 4220 2274 4286 Medicis
2320 4226 2551 4286 vocatur
