2750 4775
881 388 974 440 xl.
1055 388 1591 449 IMPUTATw.
2195 401 2300 460 15⁸9

226 551 317 605 tur
360 539 595 618 „Credo
625 544 686 604 in
714 541 908 607 Deum
936 542 1180 607 Patrem
1214 541 1683 632 Omnipotenlem
1702 592 1716 616 ,
1774 542 2104 611 Creatorem
2134 543 2310 612 Caeli
2392 586 2402 595 ·

222 657 274 708 et
300 644 543 708 Terrae.
620 643 709 707 E&
743 647 805 706 in
841 643 1052 709 Jesum
1084 641 1383 719 Christum
1409 643 1632 706 Elium
1663 643 1821 730 Ejus
1863 650 2133 723 unicum,
2179 648 2306 714 Do-

220 748 434 808 minum
476 757 775 819 nostrum,
827 748 934 835 qui
970 758 1289 834 conceptus
1328 742 1407 807 de
1432 740 1657 836 Spiritu
1694 742 1950 821 SanctO,
2003 761 2181 817 natus
2221 771 2304 814 ex

222 845 482 936 Virgine
509 845 737 910 Maria.
819 844 1011 910 Credo
1037 850 1100 909 in
1124 843 1410 937 Spiritum
1434 860 1740 920 sanclum‚·
1792 858 2067 910 sanctam
2095 846 2305 914 Eccle-

215 950 370 1012 siam
402 944 805 1021 Catholicam,
851 961 1193 1011 sanctorum
1236 949 1763 1011 communionem.“
1832 945 1921 1009 Ex
1967 968 2085 1032 quo
2130 958 2309 1034 patet,

214 1049 371 1135 quod
414 1069 533 1112 non
577 1046 753 1111 alium
795 1047 1009 1112 Filium
1040 1047 1153 1110 Dei
1194 1048 1579 1131 agnoverint,
1632 1068 1805 1133 quam
1846 1050 2191 1134 conceptum
2234 1049 2311 1114 de

213 1151 421 1238 spiritu
447 1157 681 1221 sancto,
706 1196 711 1203 .
735 1157 793 1210 et
822 1159 1024 1212 natum
1057 1171 1126 1211 ex
1156 1147 1344 1214 Maria
1388 1148 1661 1234 Virgine:
1707 1158 1764 1210 et
1794 1170 2029 1235 prorsus
2058 1171 2176 1212 non
2206 1151 2311 1215 ali·

213 1273 390 1337 quem
431 1250 645 1315 Fllium
688 1249 799 1312 Dei
845 1259 1044 1313 natum
1091 1251 1166 1313 ab
1207 1258 1467 1313 aeterno.
1551 1248 1685 1312 Hoc
1722 1248 2102 1337 Symbolum,
2156 1251 2307 1316 sicut

211 1351 327 1414 duo
359 1351 579 1425 altera,
633 1371 741 1434 pro
779 1351 1008 1414 sincero
1047 1350 1349 1415 Catholico
1394 1351 1470 1415 ab
1515 1352 1790 1414 universa
1838 1350 2099 1415 Ecclesia
2139 1351 2307 1417 Chri-

208 1453 400 1516 stiana
430 1444 501 1515 ad
531 1450 849 1515 hodienum
878 1452 1062 1527 diem,
1117 1455 1380 1535 agnitum
1408 1460 1510 1515 est.

369 1557 514 1616 6:37.
568 1552 743 1631 Quod
773 1553 830 1615 in
862 1553 1288 1640 primaevoqillo
1318 1563 1605 1637 tempore,
1651 1574 1855 1615 omnes
1883 1551 1942 1614 in
1971 1550 2310 1625 Christiano

206 1654 319 1721 isto
375 1655 540 1721 Orbe
594 1664 993 1737 agnoverunt,
1067 1655 1222 1739 q'uod
1277 1652 1568 1718 Dominus
1620 1653 1798 1717 Jesus
1839 1652 2103 1717 Christus
2155 1662 2305 1719 esset

207 1756 403 1831 Deus,
455 1754 562 1818 Cui
607 1756 871 1827 dataest
911 1756 1100 1820 omnis
1140 1765 1398 1839 potestas
1434 1755 1495 1817 in
1540 1753 1718 1821 Caelo
1758 1764 1813 1816 et
1855 1754 1914 1816 in
1962 1753 2191 1831 Terra,
2244 1764 2303 1819 et

208 1865 469 1943 potestas
495 1854 686 1920 omnis
712 1856 933 1931 carnIs,
988 1856 1307 1921 secundum
1338 1855 1618 1943 ipsissima
1649 1851 2032 1941 Ejus'verba‚
2085 1853 2299 1920 Maub.

206 1956 513 2023 XXVIII:
563 1960 660 2019 18.
714 1957 850 2020 Joh.
904 1957 1114 2023 XVII:
1157 1962 1230 2020 2:
1298 1964 1361 2018 et
1396 1957 1550 2042 quod
1593 1956 1944 2019 crediderint
1985 1955 2044 2018 in
2084 1953 2304 2042 Ipsum,

203 2059 529 2122 secundum
558 2058 900 2122 mandatum
943 2057 1129 2146 Ipsius
1168 2078 1237 2120 ex
1268 2056 1397 2120 Deo
1426 2057 1638 2129 Patre,
1691 2056 1829 2121 Joh.
1877 2056 1995 2119 111:
2049 2060 2150 2122 15.
2201 2060 2301 2121 16.

210 2163 317 2222 36.
375 2158 515 2242 Cap..
563 2157 679 2222 Vl:
736 2163 836 2221 40.
894 2157 1033 2244 Cap.
1072 2155 1189 2221 XI:
1245 2160 1344 2220 25.
1395 2161 1493 2220 26.
1552 2157 1701 2219 idem
1749 2158 1860 2221 hoc
1897 2158 2071 2221 etiam
2116 2158 2304 2220 mani·

203 2258 358 2325 feste
403 2267 563 2346 patet
604 2279 672 2321 ex
715 2258 1143 2323 convocatione
1184 2259 1442 2321 omnium
1476 2258 1894 2344 Episcoporum
1934 2258 2009 2325 ab
2038 2257 2301 2347 Impera-

202 2370 341 2425 tore
381 2359 766 2423 Constantino
806 2378 1055 2443 magno,
1112 2367 1351 2444 propter
1395 2380 1660 2434 causam,
1717 2368 1777 2422 ut
1820 2358 2027 2425 Arium
2073 2369 2132 2423 et
2174 2361 2301 2448 ejus

209 2460 494 2533 asseclas,
551 2459 649 2544 qui
682 2460 977 2546 negabant
1006 2459 1387 2524 Divinitatem
1429 2460 1665 2526 Domini
1692 2460 2018 2528 Salv-amris
2044 2475 2080 2525 a
2106 2462 2299 2528 Maria

208 2558 461 2645 Virgine
495 2560 654 2634 nati,.
677 2581 747 2624 ex
773 2563 953 2625 sacris
982 2561 1162 2625 literis
1190 2562 1606 2626 convincerent
1634 2571 1691 2625 et
1720 2563 2099 2637 damnarent:
2143 2562 2300 2650 quod

204 2661 449 2748 quidem
494 2659 750 2744 sactum,
802 2662 903 2728 sed
948 2660 1007 2725 hi
1045 2663 1283 2725 vitaturi
1331 2662 1527 2750 lupum
1576 2663 1906 2727 inciderunt
1946 2664 2007 2726 in
2048 2663 2301 2741 leonem,

122 2751 131 2756 ⁹
201 2772 310 2828 aut
336 2763 728 2836 sicutdicitur
754 2765 812 2825 in
843 2764 1190 2849 proverbio,
1242 2764 1481 2851 cupiens
1515 2765 1701 2830 vitare
1741 2764 2068 2853 charybdin
2100 2764 2304 2829 incidit

201 2864 267 2928 in
297 2863 572 2952 scyllam:
626 2863 899 2949 fingendo
930 2865 1141 2930 Filium
1170 2864 1283 2929 Dei
1324 2865 1400 2928 ab
1440 2876 1716 2940 aeterno,
1766 2866 1863 2952 qui
1905 2865 2204 2930 descendit
2241 2877 2301 2930 et

200 2964 477 3030 assumsit
505 2964 845 3030 Humanum
867 3013 883 3039 ,
934 2967 1240 3030 credentes
1268 2966 1424 3054 quod
1462 2967 1543 3031 sic
1577 2966 2008 3030 vindicaverint
2045 2974 2103 3031 et
2132 2968 2300 3031 resti·

200 3065 427 3130 tuerint
481 3065 740 3129 Domino
793 3067 1212 3139 Divinitatem:
1284 3089 1400 3131 non
1455 3068 1704 3132 scientes
1751 3067 1911 3150 quod
1958 3065 2090 3153 Ipse
2136 3067 2298 3133 Deus

200 3167 457 3231 Creator
499 3168 759 3232 universi
802 3168 1198 3243 descenderit,
1268 3177 1333 3230 ut
1381 3168 1543 3232 fieret
1588 3167 1982 3254 Redemptor,
2035 3178 2094 3232 et
2135 3170 2217 3232 sic
2265 3192 2297 3231 e

197 3266 672 3344 novoCreator,
725 3269 1042 3332 secundum
1071 3267 1220 3331 haec
1248 3268 1553 3333 manifesta
1582 3272 1640 3329 in
1668 3266 1868 3331 Veteri
1894 3269 2296 3343 Testamento‚

196 3368 358 3452 Esaj.
388 3367 588 3432 XXV:
634 3374 688 3431 9.
732 3369 869 3457 Cap.
903 3369 1042 3433 XL:
1092 3374 1150 3433 3.
1185 3375 1240 3431 5.
1277 3375 1374 3434 1o.
1413 3373 1510 3433 11.
1565 3366 1707 3453 Cap.
1739 3365 1967 3431 XLIII:
2014 3369 2111 3431 14.
2153 3368 2296 3456 Cap.

198 3467 431 3534 XLIV:
462 3473 520 3531 6.
555 3473 655 3533 24.
711 3470 848 3558 Cap.
879 3468 1141 3535 XLVII:
1173 3475 1229 3533 4.
1265 3471 1406 3557 Cap.
1437 3468 1719 3534 XLVIII:
1755 3472 1851 3531 17.
1896 3467 2036 3558 Cap.
2068 3468 2296 3535 XLIX:

201 3575 261 3633 7.
299 3572 399 3632 26.
457 3568 600 3655 Cap.
630 3570 766 3635 LX:
807 3575 903 3633 1‘6.
959 3570 1096 3657 Cap.
1129 3570 1364 3635 LXIII:
1412 3575 1509 3633 16.
1562 3570 1782 3633 Jerem.
1814 3569 1891 3634 L:
1923 3572 2024 3634 34.
2069 3571 2290 3637 Hosch„

196 3669 386 3735 XIII:
431 3672 486 3733 4.
541 3670 754 3735 Psalm.
787 3671 966 3736 XIX:
1012 3676 1112 3736 15.
1168 3672 1256 3736 his
1283 3671 1436 3736 adde
1476 3670 1615 3735 Joh.
1664 3671 1725 3735 I:
1785 3675 1884 3735 15.

360 3774 506 3834 638.
562 3771 821 3836 Ecclesia
850 3771 945 3835 illa
978 3768 1363 3859 Apostolica„
1391 3774 1525 3858 quia
1545 3774 1729 3836 -coluit
1756 3771 2074 3837 Dominum
2102 3775 2293 3839 Deum

196 3872 407 3937 ,Iesum
439 3872 766 3946 Christum,
819 3882 878 3936 'ct
915 3873 1085 3936 simul
1133 3883 1274 3937 tunc
1311 3875 1371 3942 in
1401 3872 1535 3962 Ipso
1565 3874 1754 3938 Deum
1784 3872 2059 3951 Patrem,
2104 3886 2291 3963 potest

197 3973 510 4040 assimilari
546 3975 754 4052 ‚Horto
797 3973 940 4050 Dei,
996 3984 1059 4038 et.
1096 3973 1304 4049 Arius,
1369 3977 1467 4061 qui
1513 3984 1652 4039 tunc
1695 3976 1983 4052 surrexit,
2036 3978 2291 4061 serpenti

198 4075 412 4140 emisso
441 4096 511 4138 ex
549 4074 821 4152 biferno,
874 4084 933 4138 et
971 4074 1293 4140 Concilium
1327 4075 1658 4142 Nicacnum
1688 4075 1876 4141 Uxori
1904 4073 2113 4141 Adami
2144 4096 2296 4162 quee

196 4176 740 4265 porrexitfructum
784 4177 998 4242 marito
1024 4198 1132 4241 suo
1159 4187 1216 4240 et
1246 4177 1564 4262 persuasit,
1617 4185 1744 4264 post
1785 4176 1949 4259 cujus
1989 4196 2149 4237 esum
2192 4196 2294 4258 ap-

195 4286 535 4364 paruerunt.
562 4277 671 4343 sibi
717 4277 892 4353 nudi,
961 4281 1020 4341 e't
1073 4286 1342 4343 texerunt
1388 4277 1712 4342 nuditatem
1767 4273 1919 4337 soliis
1960 4271 2133 4341 ficus;
2190 4289 2296 4353 per
