2750 4775
2502 4 2627 7 kkkkkkk
2633 2 2659 148 l

492 391 599 441 256
716 377 1181 435 UMVERSA
1221 375 1754 432 THEOLOGM
1799 378 1866 432 N.
1912 377 1975 431 C.
2017 377 2114 429 ΕΤ
2168 375 2340 432 ME.

490 546 628 602 sunt
654 533 887 599 delitiae
917 528 1293 599 affectionum
1323 533 1590 611 animae,
1641 530 1754 596 hae
1782 531 1895 598 nisi
1924 530 2121 596 inillis
2144 531 2293 607 sint,
2339 552 2448 595 non
2467 539 2546 595 est

495 637 615 702 vita
658 634 954 711 caelestis,
1004 634 1141 723 quia
1186 657 1304 698 non
1346 645 1436 702 est
1475 634 1669 702 anima
1717 634 1786 696 in
1821 632 1962 696 illis:
2016 643 2076 696 et
2111 654 2283 696 omne
2318 631 2550 697 delitium

494 740 718 826 absque
745 758 850 802 sua
879 735 1373 823 correspondente
1413 738 1644 810 anima,
1698 754 1770 798 ex
1806 734 2086 798 continuo
2121 733 2470 819 elanguescit
2504 742 2553 796 et

490 838 804 928 torpescit,
858 845 917 901 et
958 837 1088 925 plns
1126 836 1379 902 delassat
1417 839 1678 901 animum
1718 856 1899 921 quam
1941 834 2126 901 labor.
2204 835 2351 902 Sunt
2392 831 2553 901 ubivis

495 944 557 1005 in
585 940 777 1006 Caelis
804 937 981 1006 Horti
1011 937 1386 1026 paradisiaci,
1437 946 1496 1003 et
1533 959 1607 1002 ex
1643 936 1733 1000 bis
1771 936 1948 1000 etiam
1982 946 2118 1002 sunt
2152 936 2361 1022 gaudia
2385 934 2554 1021 Ange·

498 1044 604 1118 lis,
655 1051 715 1104 et
740 1050 1024 1127 quantum
1058 1040 1118 1103 in
1144 1038 1259 1104 illis
1297 1049 1385 1104 est
1422 1038 1687 1103 delitium
1730 1037 1995 1117 animae,
2049 1046 2278 1102 tantum
2315 1048 2441 1104 sunt
2474 1038 2556 1102 ina
2657 1113 2658 1122 ἵ

497 1143 711 1230 gaudia
738 1140 851 1205 illis
877 1141 1111 1226 gaudia.
1183 1140 1295 1205 His
1332 1140 1576 1215 auditis,
1615 1138 2035 1226 quaesiverunt
2061 1157 2296 1214 omnes,
2338 1137 2558 1225 quidest

500 1243 762 1309 delitium
809 1243 1069 1319 animae,
1122 1250 1180 1305 et
1226 1241 1381 1306 unde
1424 1241 1567 1315 boc,
1627 1241 1933 1327 respondit
1971 1237 2267 1329 Angelus,
2328 1240 2556 1304 delitium

500 1345 732 1408 animae
761 1351 845 1407 est
874 1365 945 1408 ex
973 1364 1173 1411 amore
1201 1352 1260 1405 et
1296 1341 1584 1429 sapientia
1619 1362 1654 1406 a
1680 1340 1970 1416 Domino,
2021 1350 2081 1405 et
2120 1341 2259 1429 quia
2300 1362 2457 1405 amor
2490 1347 2557 1403 est

500 1444 785 1521 efficiens,
837 1454 896 1509 et
924 1454 1010 1509 est
1036 1445 1289 1509 efficiens
1316 1464 1420 1532 per
1445 1442 1822 1532 sapientiam,
1871 1442 2003 1507 ideo
2045 1452 2133 1507 est
2175 1443 2558 1527 utriusquese·

500 1545 603 1612 des
628 1548 691 1610 in
715 1544 958 1622 effectu,
1010 1556 1069 1610 et
1094 1544 1335 1611 effectus
1358 1554 1446 1609 est
1473 1566 1642 1610 usus:
1694 1543 1811 1607 hoc
1849 1544 2112 1607 delitium
2139 1565 2175 1612 a
2208 1543 2458 1609 Domino
2490 1541 2558 1605 in·

499 1647 629 1711 fluit
654 1648 713 1712 in
743 1648 1032 1724 animam,
1086 1655 1144 1712 et
1171 1645 1470 1711 descendit
1497 1655 1603 1733 per
1644 1646 1946 1732 superiora
1977 1655 2036 1708 et
2063 1644 2347 1710 inferiora
2384 1642 2560 1708 mentis
2657 1671 2658 1696 ι

501 1749 563 1813 in
591 1771 794 1820 omnes
819 1770 1020 1813 sensus
1048 1749 1342 1836 corporis,
1396 1757 1456 1811 et
1493 1748 1697 1834 implet
1732 1767 1795 1810 se
1837 1747 1898 1809 in
1936 1746 2078 1822 illis,
2130 1745 2556 1832 indegaudi‘um
2657 1733 2658 1744 ¹

502 1846 568 1914 fit
594 1850 906 1937 gaudium,
958 1858 1017 1912 et
1042 1848 1107 1916 fit
1148 1858 1454 1914 aeternum
1495 1848 1572 1912 ab
1597 1844 1862 1912 Aeterno
1899 1868 1936 1913 a
1965 1847 2120 1928 Quo.
2201 1847 2438 1915 Vidistis
2468 1846 2560 1910 Pa-

501 1951 788 2016 radisiaca
812 1998 828 2025 ‚
872 1960 928 2013 et
959 1971 1232 2015 assevero
1261 1950 1462 2023 vobis,
1517 1949 1676 2036 quod
1705 1969 1822 2012 non
1847 1948 2067 2036 aliquid
2094 1948 2175 2012 ihi
2211 1949 2318 2026 sit,
2368 1969 2436 2011 ne
2459 1944 2559 2033 qui-

497 2052 636 2115 ·dem
668 2050 963 2126 foliolum,
1016 2051 1176 2138 quod
1205 2073 1322 2114 non
1366 2061 1452 2114 est
1495 2071 1568 2113 ex
1608 2050 1883 2135 conjugio
1924 2050 2140 2114 amoris
2174 2047 2241 2113 ‘et
2277 2047 2559 2137 sapientiae

500 2153 562 2216 in
592 2175 699 2217 usu
716 2203 731 2229 ,
779 2173 963 2239 quare
990 2153 1037 2217 si
1062 2151 1240 2218 homo
1268 2152 1328 2216 in
1355 2150 1470 2216 hoc
1496 2161 1616 2227 est,
1669 2160 1756 2216 est
1786 2149 1845 2213 in
1872 2149 2160 2217 Paradiso
2188 2150 2453 2227 Caelesti,
2497 2146 2560 2212 ita

500 2254 561 2317 in
606 2253 803 2320 Caelo.
1040 2289 1047 2294 ·
1413 2313 1417 2318 ,
1707 2291 1712 2298 κ
2409 2253 2412 2256 ’

659 2357 805 2421 Ἷ38,
859 2352 1000 2419 Post
1027 2352 1179 2419 haec
1203 2350 1466 2442 Angelus
1490 2354 1700 2429 ductor
1726 2353 1900 2418 rediit
1926 2352 1986 2417 in
2011 2350 2241 2419 Aedem
2259 2403 2276 2432 ,
2328 2352 2400 2418 ad
2440 2350 2559 2423 illos,

503 2455 602 2542 qui
630 2453 874 2519 firmiter
896 2455 1009 2519 sibi
1038 2466 1479 2544 persuaserant,
1533 2456 1692 2543 quod
1720 2453 2013 2519 Gaudium
2054 2455 2311 2521 caeleste
2348 2463 2407 2519 et
2439 2448 2562 2517 Feli·

503 2556 649 2619 citas
679 2564 921 2620 aeterna
958 2558 1030 2622 sit
1060 2567 1338 2645 perpetua
1367 2557 1735 2624 Glorificatio
1764 2557 1890 2633 Dei,
1932 2557 2094 2619 acin
2115 2565 2427 2641 aeternum
2458 2572 2559 2641 per-
2645 2496 2659 2607 l

501 2677 724 2720 ennans
750 2657 1019 2731 Festum;
1074 2681 1144 2723 ex
1173 2678 1380 2737 causa,
1434 2661 1571 2747 quia
1616 2658 1675 2723 in
1704 2657 1935 2722 Mundo
1974 2657 2380 2733 crediderant,
2429 2649 2557 2742 quod
2644 2626 2659 2701 l

502 2768 644 2821 tunc
670 2756 849 2823 visuri
876 2761 990 2824 sint
1017 2760 1242 2835 Deum,
1279 2769 1339 2823 et
1364 2762 1504 2846 quia
1533 2761 1651 2824 vita
1689 2758 1854 2823 Caeli
1893 2781 1964 2822 ex
2002 2759 2159 2825 cultu
2188 2758 2307 2824 Dei
2348 2765 2560 2827 vocatur

502 2870 845 2949 perpetuum
874 2860 1259 2928 sabbathum.
1326 2861 1453 2927 His
1477 2861 1739 2948 Angelus
1778 2860 1954 2937 dixit,
2006 2861 2321 2947 sequimini
2360 2880 2474 2934 me,
2515 2861 2563 2917 et

500 2962 870 3028 introducam
905 2985 1013 3028 vos
1032 2962 1092 3027 in
1123 2961 1399 3049 gaudium
1430 2975 1689 3028 vestrum
1708 3011 1725 3038 ‚
1777 2972 1835 3026 et
1861 2960 2181 3026 introduxit
2217 2961 2350 3027 illos
2377 2961 2433 3023 in
2458 2975 2562 3046 par-

502 3052 636 3130 vam
682 3065 1033 3141 urbemsin
1063 3063 1226 3148 cujus
1265 3064 1458 3128 medio
1486 3073 1615 3128 erat
1639 3063 1984 3151 Templum,
2040 3072 2098 3126 et
2136 3078 2348 3127 omnes
2386 3062 2561 3124 domus

502 3165 883 3231 vocabantur'
898 3164 1071 3230 aedes
1096 3184 1317 3230 sacrae.
1397 3165 1467 3228 In
1505 3164 1601 3229 illa
1645 3165 1793 3229 urbe
1821 3164 2095 3228 viderunt
2124 3163 2471 3227 affluentiam
2506 3175 2561 3220 ex

502 3266 663 3329 omni
688 3266 907 3354 angulo
935 3275 1130 3331 terrae
1157 3265 1654 3352 circumjacentis,
1705 3274 1761 3328 et
1800 3265 1952 3328 inter
1990 3262 2122 3333 illos
2146 3278 2452 3328 numerum
2476 3259 2562 3323 Sa·
2657 3338 2658 3345 ἵ

500 3367 839 3444 cerdotum,
888 3367 993 3454 ‘qui
1028 3368 1328 3434 venientes
1363 3368 1784 3455 suscipiebant,
1836 3365 2207 3442 salutabant,
2255 3374 2313 3428 et
2341 3360 2559 3454 prehen-
2657 3352 2658 3363 ¹

496 3476 596 3535 sos
641 3467 1251 3563 manibus-ducebant
1294 3467 1367 3532 ad
1416 3477 1615 3555 portas
1656 3466 1921 3554 Templi,
1989 3475 2049 3530 et
2086 3465 2221 3530 inde
2264 3466 2322 3530 in
2367 3465 2559 3549 aliquas
2657 3456 2658 3459 ’

497 3569 672 3632 aedes
699 3569 916 3632 circum
943 3568 1254 3656 Templum
1277 3616 1293 3644 ,
1348 3578 1408 3631 et
1434 3565 1745 3637 initiabant
1769 3568 1899 3632 illos
1923 3567 1985 3631 in
2019 3576 2338 3652 perennem
2366 3567 2556 3631 cultum

481 3668 630 3744 -Dei,
669 3667 945 3742 dicentes,
974 3669 1132 3755 q'uod
1161 3667 1306 3733 baec
1332 3669 1471 3734 urbs
1488 3670 1561 3735 sit
1592 3668 1804 3733 atrium
1825 3669 1900 3733 ad
1917 3668 2179 3744 Caelum,
2206 3665 2446 3756 et2quod
2469 3663 2556 3726 hu-

496 3770 588 3855 jus
617 3768 777 3832 urbis
804 3766 1118 3855 Templum
1147 3769 1220 3833 sit
1250 3769 1523 3835 introitus
1549 3768 1623 3834 ad
1652 3767 2024 3858 magnificum
2066 3778 2127 3832 et
2169 3768 2555 3856 amplissimum

496 3866 810 3956 Templum
835 3868 994 3955 qu'od
1021 3870 1081 3932 in
1110 3869 1289 3933 Caelo
1315 3880 1435 3947 est,
1490 3871 1591 3935 ubi
1623 3871 1785 3936 Deus
1815 3869 2086 3959 precibus
2124 3878 2184 3934 et
2212 3870 2471 3935 laudibus
2492 3861 2551 3926 ab
2657 3876 2658 3883 ’

496 3965 737 4056 Angelis
760 3965 1127 4054 'glorificatur
1152 3968 1594 4036 inaeternumz'-
1627 3980 1846 4038 statuta
1872 3970 1970 4036 hic
2007 3979 2078 4035 et,
2103 3970 2185 4035 ibi
2224 3980 2385 4048 sunt,
2423 3959 2553 4055 quod

496 4071 749 4158 primum
775 4069 1047 4136 intraturi
1085 4073 1199 4137 sint
1225 4071 1573 4162 Templum,
1629 4080 1687 4137 et
1728 4071 2149 4139 commoraturi
2186 4070 2269 4136 ibi
2307 4081 2419 4136 tres
2452 4065 2552 4131 dies

496 4181 556 4234 et
585 4181 703 4236 tres
742 4181 980 4247 noctes,
1036 4182 1095 4236 et
1122 4172 1280 4260 quod
1316 4182 1454 4263 post
1489 4172 1604 4239 hoc
1641 4175 2070 4247 initiamentum
2115 4170 2426 4260 ingressuri
2459 4165 2552 4235 sint

495 4272 556 4336 in
583 4271 754 4361 hujus
783 4271 940 4365 urbis
968 4274 1206 4350 domuS,
1251 4292 1405 4359 quae
1445 4284 1580 4338 sunt
1619 4273 1864 4340 totidem
1909 4297 1941 4339 a
1976 4272 2146 4340 nobis
2186 4269 2546 4341 sanctificatae
