2750 4775
912 381 1035 437 XII.
1118 379 1652 437 BAPTISMUS.
2213 395 2321 444 213

235 535 466 621 pore·in
495 534 727 600 Mundo
748 534 1001 602 naturali
1031 535 1172 611 sim,
1224 545 1283 600 at
1309 535 1532 621 Spiritu
1570 536 1629 598 in
1657 534 1882 600 Mundo
1924 546 2120 606 vestro
2146 538 2330 626 Spiri-

230 637 401 709 tuali3
457 635 549 699 his
601 636 811 701 auditis
864 635 1164 701 laetificati
1202 646 1339 700 sunt
1378 634 1590 723 Angeli
1642 636 1757 710 illi,
1817 647 1875 700 et
1929 638 2325 716 sciscitabant,

228 738 366 823 quid
411 739 477 800 in
507 738 764 811 Mundo,
819 737 917 802 ubi
965 758 1026 801 es
1071 759 1354 826 corpore,
1416 738 1606 802 sciunt
1646 747 1704 799 et
1747 737 2077 825 intelligunt
2116 739 2186 803 de
2225 738 2327 805 ls-

220 860 479 914 rwxu,
530 847 590 901 et
617 849 754 902 tunc
782 849 1088 925 postquam
1116 839 1397 925 recollegi
1425 839 1564 926 quid
1608 838 1678 902 de
1720 838 1819 903 illo
1845 860 1919 902 ex
1958 838 2329 905 sermonibus

223 950 402 1004 etex
452 940 690 1026 scriptis
726 938 1213 1025 famigeratorum
1254 938 1603 1013 hauseram,
1654 939 1958 1026 respondi,
2013 938 2168 1026 quod
2212 960 2328 1003 non

220 1042 414 1107 sciant
444 1038 639 1105 adhuc
674 1041 932 1126 aliquem
964 1039 1255 1105 Inflnxum
1280 1031 1321 1104 'e
1348 1041 1574 1108 Mundo
1609 1040 1896 1129 spirituali
1938 1041 1996 1104 in
2037 1039 2327 1108 Mundum
2359 1049 2362 1052 '
2429 1030 2435 1035 ’

220 1143 562 1206 naturatem
586 1189 604 1218 ,
654 1143 754 1207 sed
784 1142 857 1204 de
885 1139 1118 1205 Influxn
1146 1141 1418 1206 Naturae
1445 1143 1504 1206 in
1534 1151 1844 1217 naturate,
1896 1151 1958 1204 ut
1998 1142 2069 1205 de
2098 1139 2329 1206 Influxn

220 1242 460 1310 Caloris
487 1252 545 1305 et
570 1243 746 1307 Lucis
773 1264 805 1304 e
833 1242 972 1307 Sole
1012 1243 1069 1305 in
1108 1243 1380 1330 Corpora
1418 1244 1708 1317 animata,
1763 1251 1830 1306 ut
1865 1252 1922 1306 et
1961 1242 2019 1305 in
2066 1240 2328 1308 Arbores

217 1354 277 1407 et
322 1344 603 1417 frutices,
660 1344 815 1410 unde
840 1342 1051 1408 horum
1080 1353 1139 1408 et
1166 1343 1400 1408 illorum
1430 1342 1780 1419 vivificatio,
1837 1353 1894 1406 et
1934 1330 2179 1407 uicissim
2221 1344 2326 1408 sri-

218 1448 386 1529 goris
418 1447 476 1509 in
503 1446 745 1521 eadem,
797 1447 948 1509 unde
975 1446 1207 1520 illorum
1237 1444 1648 1516 mortificatio;
1700 1455 1759 1508 et
1787 1453 2090 1532 praeterea
2121 1444 2191 1507 de
2224 1445 2324 1510 In-

216 1533 386 1612 fluxu
414 1547 564 1610 lucis
604 1547 661 1610 in
690 1547 912 1611 Oculos
940 1549 1094 1611 unde
1125 1548 1313 1622 visuS,
1367 1547 1438 1608 de
1470 1544 1701 1610 lnfluxu
1728 1547 1856 1618 soni
1882 1547 1942 1608 in
1968 1565 2140 1618 aures
2169 1547 2323 1611 unde

215 1647 495 1723 auditus,
549 1647 738 1735 deque
775 1646 1005 1712 Influxu
1046 1649 1245 1713 odoris
1289 1649 1349 1711 in
1389 1635 1567 1712 'nares
1609 1647 1763 1711 unde
1810 1646 2092 1721 olfactus,
2144 1654 2203 1708 et
2243 1648 2327 1712 sic

216 1771 427 1836 porro.
474 1797 481 1812 1
509 1749 754 1814 Praeter
795 1749 942 1813 haec
969 1749 1199 1814 Eruditi
1228 1747 1401 1834 hujus
1425 1747 1643 1814 saeculi
1674 1749 2106 1812 ratiocinantur
2131 1747 2326 1811 diver-

215 1850 452 1914 simode
481 1850 552 1913 de
596 1849 825 1914 Influxu
851 1847 1099 1922 Animae
1140 1851 1199 1913 in
1231 1850 1457 1936 Corpus
1489 1860 1548 1913 et
1591 1848 1763 1936 hujus
1804 1851 1862 1914 in
1906 1846 2213 1924 Animam,
2264 1857 2324 1912 et

219 1950 449 2035 dehoc
475 1952 533 2013 in
563 1960 682 2015 tres
711 1961 904 2037 partes
931 1952 1186 2026 abeunt,
1235 1951 1455 2016 scilicet
1497 1969 1637 2014 num
1671 1949 1933 2016 Influxus
1974 1949 2049 2014 sit
2074 1945 2323 2013 Animae

214 2051 280 2115 in
311 2052 571 2140 Corpus,
624 2073 796 2137 quem
830 2062 1043 2118 vocant
1069 2050 1551 2127 occasionalem,
1603 2073 1675 2115 ex
1715 2051 2022 2117 occasione
2064 2050 2323 2118 inciden-

216 2154 373 2216 tium
402 2152 462 2216 in
489 2172 689 2217 sensus
719 2152 1013 2241 corporis3
1063 2151 1161 2218 vel
1198 2174 1339 2215 num
1380 2152 1456 2217 sit
1483 2150 1743 2216 Influxus
1781 2151 2058 2239 corporis.
2084 2152 2142 2216 in
2181 2147 2323 2215 Ani·

220 2275 423 2329 mam,
492 2273 665 2338 quem
715 2251 1032 2342 Physicum
1086 2252 1412 2340 appellant,
1481 2255 1615 2338 quia
1670 2254 1897 2337 obiecta
1941 2251 2204 2316 incidunt
2261 2253 2364 2332 iu⁴

218 2354 476 2430 Sensus,
529 2361 588 2415 et
617 2352 691 2415 ab
719 2353 807 2418 his
833 2354 892 2416 in
921 2351 1225 2427 Animam
1271 2353 1364 2418 vel
1392 2375 1532 2418 num
1557 2355 1631 2419 sit
1657 2353 1920 2421 Influxus
1942 2354 2322 2420 simultaneus

221 2465 291 2518 et
334 2455 737 2523 instantaneus
763 2454 821 2517 in
850 2454 1076 2540 Corpus
1118 2464 1174 2517 et
1204 2455 1374 2520 simul
1413 2456 1472 2519 in
1504 2453 1806 2533 Animam,
1858 2478 2031 2545 quem
2060 2455 2322 2522 Harmo-

224 2555 399 2621 niam
449 2555 901 2641 praestabilitam
945 2567 1313 2643 nuncupant;
1367 2566 1640 2625 attamen
1674 2560 1920 2646 quisque
1957 2558 2029 2622 de
2063 2579 2171 2625 suo
2218 2560 2319 2624 In·

219 2654 394 2719 fluxu
423 2655 641 2741 cogitat
668 2656 794 2721 dari
821 2657 973 2721 intra
1003 2657 1327 2730 Naturam
1358 2659 1593 2746 quidam
1624 2659 1870 2723 credunt
1896 2655 2165 2724 Animam
2195 2682 2318 2726 esse

216 2755 505 2823 Aetheris
542 2758 886 2845 particulam
930 2768 1034 2822 aut
1074 2759 1306 2835 stillam,
1360 2760 1593 2846 quidam
1631 2759 1791 2825 illam
1830 2782 1956 2825 esse
1988 2761 2217 2826 Caloris
2257 2771 2317 2825 et

222 2859 408 2927 Lucis
434 2859 756 2944 glomulum
787 2869 888 2925 aut
917 2861 1124 2924 micam
1142 2909 1158 2936 ,
1211 2860 1444 2947 quidam
1473 2883 1596 2927 esse
1623 2861 1863 2948 aliquod
1889 2883 1995 2926 ens
2024 2883 2087 2926 se
2114 2881 2323 2924 recon-

219 2960 371 3029 dens
400 2961 458 3022 in
489 2960 782 3032 Cerehro;
835 2962 936 3025 sed
963 2961 1077 3024 hoc
1102 2970 1161 3024 et
1186 2962 1364 3040 illud,
1418 2964 1577 3050 quod
1619 2962 1729 3026 illis
1765 2970 1853 3026 est
1895 2958 2140 3039 Anima,
2193 2960 2322 3046 qui·
2425 3018 2434 3025 .

218 3063 357 3126 dem
392 3072 607 3127 vocant
632 3062 959 3148 spirituale,
1014 3063 1115 3126 sed
1145 3085 1250 3152 per
1276 3063 1577 3150 spirituale
1606 3062 1941 3149 intelligunt
1976 3059 2177 3150 purius
2214 3081 2321 3125 na-

222 3161 455 3240 turale,
508 3185 628 3226 non
657 3168 809 3225 enim
841 3164 1034 3229 sciunt
1061 3157 1487 3253 quicquam-'de
1515 3164 1752 3229 Mundo
1783 3161 2098 3249 spirituali,
2151 3169 2209 3223 et
2249 3160 2320 3223 de

212 3263 400 3349 hujus
452 3262 686 3329 Influxu
735 3264 797 3326 in
853 3266 1139 3329 Mundum
1194 3265 1561 3340 naturalem,
1639 3286 1822 3350 quare
1877 3271 2116 3327 manent
2169 3262 2319 3325 intra

215 3363 531 3452 sphaeram
570 3365 877 3440 Naturam
925 3368 1070 3428 etin
1109 3367 1209 3431 illa
1250 3368 1573 3431 ascendunt
1609 3376 1668 3428 et
1714 3364 2105 3439 descendunt,
2162 3371 2218 3425 et
2259 3363 2319 3425 in

215 3465 382 3530 illam
411 3487 474 3530 se
501 3465 786 3529 extollunt
813 3467 962 3530 sicut
997 3465 1228 3554 aquilae
1274 3468 1333 3530 in
1362 3469 1592 3538 aerem}
1646 3475 1704 3528 et
1741 3465 1840 3529 itti·
1865 3465 1963 3552 qui
2009 3472 2320 3528 morantur

212 3569 282 3630 in
311 3566 578 3643 Natura,
630 3576 765 3630 sunt
791 3567 943 3632 sicut
971 3566 1279 3653 indigenae
1324 3568 1572 3651 alicujus
1614 3568 1843 3630 Insulae
1884 3568 1941 3630 in
1983 3566 2163 3640 mari,
2216 3567 2318 3651 qui

215 3688 347 3732 non
372 3668 563 3732 sciunt
590 3667 846 3756 aliqnam
874 3666 1122 3732 Terram
1153 3669 1281 3733 dari
1310 3679 1478 3739 extra
1507 3668 1666 3745 illos,
1721 3676 1779 3730 et
1820 3669 1975 3754 quod
2015 3669 2131 3734 sint
2169 3667 2320 3733 sicut

214 3769 411 3856 pisces
440 3769 500 3832 in
537 3766 752 3845 fluvio,
782 3769 909 3855 ,qui
955 3786 1071 3831 non
1113 3770 1304 3834 sciunt
1348 3770 1474 3835 dari
1522 3776 1715 3834 acrem
1758 3770 1932 3855 supra
1967 3789 2149 3857 aquas
2183 3769 2318 3833 illo-

214 3890 387 3942 rum;
442 3891 617 3956 quam
648 3871 733 3933 ob
752 3892 877 3934 rem
907 3871 980 3933 ad
1010 3871 1367 3936 mentionem
1386 3917 1404 3945 ,
1455 3871 1611 3958 quod
1641 3872 1811 3933 detur
1835 3871 2093 3937 Mundus
2120 3870 2320 3933 distin-

218 3979 357 4035 ctus
381 3971 754 4045 abjllorum,
796 3972 908 4039 ‘uhi
935 3971 1204 4036 habitant
1230 3971 1441 4058 Angeli
1468 3981 1527 4035 et
1553 3971 1803 4058 Spiritus
1820 4008 1850 4047 ,-
1888 3976 1947 4035 et
1983 3970 2138 4057 quod
2186 3968 2321 4045 inde

213 4072 295 4137 sit
321 4073 511 4138 omnis
544 4071 903 4137 Influxusain
939 4070 1241 4148 homineS‚
1293 4082 1351 4137 et
1395 4094 1631 4160 quoque
1672 4070 1916 4135 interior
1955 4073 2016 4135 in
2058 4069 2320 4141 arbores,

218 4182 378 4238 stant
409 4173 745 4239 mirabundi
772 4174 921 4247 sicut
948 4172 1220 4239 audirent
1247 4174 1563 4240 visionaria
1592 4172 1663 4237 de
1689 4172 1964 4260 spectris,
2006 4180 2106 4233 aut
2136 4184 2319 4252 nugas

219 4297 293 4343 ex
339 4272 686 4363 Astrologis.
781 4276 1037 4344 Praeter
1075 4273 1467 4364 Philosophus
1519 4258 1811 4338 nostrates
1862 4270 1920 4331 in
1971 4270 2166 4343 Orbe,
2217 4262 2320 4367 ubi

1975 4564 2014 4594 Ι
