2750 4775
922 339 1043 394 xu.
1122 339 1659 396 Barrlsluus.
2218 354 2321 402 ωε
2409 421 2414 426 ¹

227 493 450 564 addicit
484 514 563 564 se,
593 493 778 579 Regi,
830 500 893 556 et
932 500 1128 586 tamen
1169 489 1326 577 leges
1368 491 1496 576 ejus
1520 513 1623 558 seu
1652 492 1875 581 patriae
1901 496 2201 583 repudiat,
2254 519 2327 564 ac

224 594 453 670 addicit
477 616 540 660 se
568 596 718 681 Regi
749 593 1006 660 barbaro
1034 601 1097 656 et·
1118 592 1173 656 ei
1197 593 1414 665 servin
1471 602 1574 658 aut
1602 594 1709 659 nisi
1735 595 1885 660 sicut
1911 595 2181 676 famulus,
2223 598 2327 686 qui

222 697 564 783 emancipat
587 691 648 768 se
676 695 849 762 alicui
874 694 1169 770 Domino,
1223 715 1292 757 ac
1320 703 1513 758 vestes
1554 704 1619 758 ut
1657 696 1907 781 insignia
1939 697 2065 784 ejus
2095 699 2323 787 accipit,

222 808 293 863 et
317 796 581 883 aufugit,
635 806 693 860 et
720 795 1066 861 investibus
1093 796 1217 880 ejus
1241 795 1422 859 servit
1452 794 1651 859 alteri:
1707 805 1809 862 aut
1834 798 1942 861 nisi
1972 798 2121 862 sicut
2145 800 2326 886 signi-

222 900 359 976 fer,
413 899 511 985 qui
557 919 689 964 cum
731 896 1142 972 vexillo-abit,
1195 906 1255 959 et
1295 896 1350 958 id
1396 896 1677 975 dissecat,
1728 919 1798 962 ac
1835 898 2020 963 frusta
2064 899 2189 986 ejus
2232 901 2328 964 vel

222 1000 467 1090 projicit
491 999 553 1062 in
580 1004 800 1073 aerem,
836 997 932 1065 vel
946 997 1068 1061 sub
1097 997 1273 1084 pedes
1299 995 1544 1060 militum
1575 1007 1639 1062 ut
1667 999 2058 1084 proculcetur.
2124 998 2328 1066 Verbo

225 1122 448 1166 nomen
478 1101 635 1186 quod
664 1098 1028 1165 Christianus
1055 1099 1158 1174 sit,
1210 1097 1325 1161 hoc
1351 1107 1472 1172 est,
1524 1099 1683 1186 quod
1713 1099 1925 1164 Christi
1963 1100 2092 1178 sit,·
2121 1112 2179 1165 et
2205 1115 2329 1166 non

222 1222 558 1289 agnoscere
596 1201 794 1287 Ipsum
838 1210 897 1263 et
936 1201 1097 1285 sequi
1143 1198 1376 1284 Ipsum,
1429 1198 1542 1264 hoc
1586 1208 1704 1276 est,
1761 1200 1963 1265 vivere
2000 1203 2324 1269 secundum

221 1303 514 1369 mandata
542 1299 762 1391 Ipsius,
813 1309 901 1366 est
930 1310 1046 1364 tam
1075 1301 1279 1377 inane,
1330 1301 1480 1364 sicut
1507 1302 1749 1376 umbra,
1800 1302 1949 1365 sicut
1987 1302 2211 1381 fumus,
2254 1325 2329 1368 ac

223 1406 384 1471 sicut
425 1405 650 1491 pictura
692 1412 917 1479 atrata,
986 1422 1121 1466 nam
1165 1402 1305 1466 dicit
1351 1402 1668 1478 Dominus,
1738 1400 1908 1487 Quid
1942 1404 2055 1470 Me
2088 1409 2329 1471 vocatis

222 1507 520 1582 Domine,
569 1518 627 1569 et
663 1529 785 1582 non
800 1499 1029 1591 facitis
1059 1526 1216 1596 quae
1253 1501 1423 1580 dico,
1477 1502 1618 1567 Luc.
1661 1503 1779 1568 Vl:
1827 1505 1906 1568 46
1937 1525 2057 1593 seq.
2136 1504 2333 1572 Multi

124 1665 136 1674 ,
221 1608 434 1675 dicent
475 1604 641 1672 Mihi
686 1610 750 1670 in
791 1604 891 1671 die
930 1602 1070 1681 illo,
1122 1603 1409 1678 Domine,
1463 1603 1753 1680 Domine,
1804 1602 1919 1670 sed
1954 1618 2096 1672 tunc
2130 1605 2327 1698 confi-

227 1709 409 1776 tebor
446 1705 600 1783 illis,
653 1732 777 1773 non
819 1709 958 1772 novi
991 1725 1139 1781 vos,
1192 1703 1407 1769 Manli.
1453 1704 1604 1768 VII:
1650 1708 1753 1769 22.
1804 1709 1906 1772 28.

390 1813 537 1872 682.
609 1809 727 1873 Per
752 1808 988 1873 Nomen
1019 1805 1256 1871 Domini
1283 1807 1431 1871 Jesu
1460 1805 1706 1882 Christi,
1763 1826 1882 1871 non
1908 1806 2066 1872 aliud
2094 1808 2158 1873 in
2180 1807 2329 1874 Ver-

226 1912 313 1976 bo
341 1911 714 1995 intelligitur,
760 1930 937 1993 quam
969 1908 1188 1993 agnitio
1219 1906 1405 1993 Ipsius
1431 1916 1488 1969 et
1519 1910 1637 1970 vita
1664 1907 1982 2006 secundum
2014 1917 2331 1998 praecepta

227 2012 458 2098 Ipsius3
526 2011 685 2097 quod
731 2031 947 2073 nomen
991 2007 1178 2097 Ipsius
1226 2006 1323 2072 illa
1363 2007 1681 2092 significet,
1745 2009 1947 2076 videas
1988 2030 2223 2075 causam
2268 2011 2328 2075 in

228 2113 645 2199 Explicatione
676 2110 934 2174 Secundi
980 2107 1275 2194 praecepti
1314 2109 1375 2171 in
1420 2108 1755 2196 Decalogo,
1806 2108 1957 2176 Non
1973 2106 2157 2198 seres
2191 2111 2329 2178 No-

226 2238 370 2280 men
400 2213 521 2282 Dei
544 2215 874 2290 infvanum.
955 2208 1094 2273 Non
1118 2207 1279 2271 aliud
1311 2231 1417 2297 per
1439 2209 1676 2274 Nomen
1706 2210 1947 2276 Domini
1979 2211 2331 2300 intelligitur

226 2319 295 2382 in
328 2315 417 2379 his
446 2313 587 2376 locis
626 2309 850 2386 „Jesus
875 2308 1036 2375 dixit
1052 2358 1068 2385 ,
1102 2312 1270 2374 eritis
1294 2313 1475 2375 exosi
1496 2309 1768 2377 omnibus
1788 2311 2065 2400 gentibus
2085 2328 2335 2409 propter

227 2416 492 2484 Nomen
512 2435 733 2488 nzeum,
775 2410 988 2478 Matth.
1034 2411 1122 2476 X:
1163 2415 1264 2474 22.
1321 2409 1463 2500 Cap.
1499 2406 1731 2479 XXIV:
1774 2420 1828 2477 9.
1871 2418 1969 2478 10.
2042 2416 2166 2482 Ubi
2187 2431 2330 2483 sunt

231 2516 370 2582 duo
409 2527 514 2579 aut
558 2527 676 2578 tres
710 2515 1058 2603 congregati
1092 2515 1155 2576 in
1196 2511 1462 2579 Nomine
1505 2536 1664 2590 meo,
1733 2514 1818 2580 ibi
1854 2536 1986 2583 sum
2029 2520 2092 2581 in
2131 2517 2329 2585 medio

224 2639 478 2692 eorum,
528 2614 740 2679 Matth.
784 2613 1020 2680 xvul:
1063 2617 1163 2678 20.
1239 2614 1544 2707 Quotquot
1582 2615 1793 2709 Ipsum
1820 2633 2178 2710 receperunt,
2223 2618 2330 2685 de-

225 2718 330 2786 dit
367 2714 496 2781 illis
527 2729 914 2809 potestatem,
967 2728 1031 2780 ut
1054 2713 1202 2807 filii
1234 2714 1354 2780 Dei
1393 2729 1624 2793 essent,
1672 2714 2050 2785 credentibus
2087 2722 2153 2784 in
2189 2720 2331 2787 No-

227 2843 372 2885 men
408 2819 651 2911 Ipsius,
702 2816 841 2882 Joh.
878 2816 938 2879 1:
990 2821 1087 2880 12.
1185 2815 1381 2882 Multi
1420 2817 1800 2884 crediderunt
1835 2822 1899 2881 in
1940 2819 2181 2886 Nomen
2223 2821 2333 2913 Ip-

224 2926 398 2995 sim,
447 2917 731 3013 Joh411:
775 2921 875 2981 28.
930 2917 1083 3001 -Qui
1121 2942 1245 2983 non
1283 2915 1499 2995 credit,
1542 2922 1676 3006 jexm
1698 2917 2009 3006 judicatus
2035 2934 2143 2994 est,
2185 2924 2332 3013 quia

229 3046 358 3088 non
402 3019 659 3086 credidit
711 3022 776 3083 in
816 3018 1079 3085 Nomen·
1110 3018 1422 3109 Unigeniti
1471 3018 1625 3084 Filii
1664 3019 1816 3094 Dei,
1865 3018 2002 3085 Joh.
2052 3019 2172 3084 III:
2224 3024 2325 3086 Π.

229 3126 343 3187 18.
426 3121 743 3187 Credentes
772 3123 964 3185 vitam
992 3118 1290 3186 habebunt
1317 3124 1382 3184 in
1404 3119 1674 3187 Nomine
1700 3120 1910 3213 Ipsius
1931 3166 1950 3196 ,
2000 3119 2141 3186 Joh.
2179 3121 2329 3188 XX:

228 3227 314 3288 31
328 3275 341 3286 .
408 3223 670 3317 Propter
704 3221 946 3287 Nomen
971 3244 1161 3287 meum
1189 3219 1503 3297 laborasti,
1542 3235 1599 3287 et
1623 3245 1747 3285 non
1772 3217 2103 3309 defiecisti‚“
2144 3218 2329 3310 Apoc.

225 3323 324 3389 11:
370 3327 441 3400 3,
485 3333 541 3388 et
569 3323 741 3388 alibi:
781 3322 910 3408 quis
940 3343 1057 3386 non
1090 3322 1288 3386 videre
1320 3331 1542 3410 potest,
1594 3321 1751 3409 quod
1796 3343 1899 3410 per
1937 3323 2171 3389 Nomen
2209 3323 2333 3388 Do-

231 3426 383 3488 mini
418 3426 477 3488 in
521 3424 632 3488 illis
665 3423 811 3488 locis
846 3444 966 3486 non
1005 3422 1369 3509 intelligatur
1412 3424 1602 3488 solum
1647 3423 1917 3500 Nomen,
1966 3424 2067 3489 sed
2108 3424 2333 3511 agnitio

228 3525 457 3615 Ipsius,
511 3524 668 3613 quod
707 3526 778 3589 sit
819 3523 1183 3611 Redemptor
1216 3532 1273 3587 et
1301 3523 1612 3601 Salvator,
1665 3533 1724 3588 et
1765 3525 1936 3590 simul
1977 3525 2332 3604 ohedientia,

230 3636 294 3692 et
341 3626 576 3691 tandem
624 3624 766 3690 fides
807 3626 868 3687 in
912 3625 1147 3714 Ipsum;
1199 3625 1260 3686 in
1303 3623 1608 3712 Baptismo
1657 3625 1812 3689 enim
1867 3624 2069 3693 Infans
2123 3628 2336 3719 accipit

228 3728 466 3813 signum
496 3727 685 3792 crucis
711 3748 888 3814 super
914 3725 1110 3791 fronte
1152 3734 1211 3790 et
1252 3736 1521 3813 pectore,
1575 3726 1733 3814 quod
1771 3737 1857 3790 est
1894 3728 2123 3817 signum
2164 3729 2335 3796 inau-

229 3828 560 3916 gurationis
586 3830 647 3891 in
674 3828 1034 3912 agnitionem
1061 3837 1120 3892 et
1149 3824 1370 3891 cultum
1401 3827 1656 3892 Domini.
1738 3826 1858 3893 Per
1882 3828 2115 3896 Nomen
2151 3832 2338 3913 etiam·
2383 3890 2388 3895 .

231 3930 580 4018 intelligitur
602 3930 859 4015 ‘qualitas
884 3928 1164 4014 alicujus,
1218 3949 1391 3992 causa
1418 3939 1535 4005 est,
1590 3929 1727 4016 quia
1759 3929 1818 3992 in
1846 3928 2130 4017 spirituali
2157 3932 2335 4025 Mun-

233 4032 309 4095 do
337 4031 527 4096 omnis
553 4030 875 4097 secundum
905 4029 1247 4116 qualitatem
1279 4031 1406 4115 ejus
1434 4029 1801 4107 nominatur,
1854 4052 2042 4118 quare
2079 4053 2183 4118 per
2208 4031 2337 4096 No·
2403 4061 2410 4069 ·

235 4155 368 4198 men
398 4132 561 4220 quod
589 4131 954 4196 Christianus
988 4132 1094 4206 sit,
1146 4130 1495 4217 intelligitur
1522 4132 1775 4216 qualitas
1811 4131 1937 4215 ejus
1975 4131 2131 4221 quod
2163 4128 2337 4195 fidem

237 4231 293 4297 in
334 4233 662 4309 Christum,
720 4242 777 4297 et
819 4232 978 4320 quod
1026 4230 1370 4296 charitatem
1416 4251 1557 4318 erga
1603 4232 1965 4318 proximum,
2020 4253 2052 4295 a
2097 4228 2335 4295 Christo

1859 4328 1920 4393 N
