2750 4775
478 388 599 440 ⁴276
728 376 1190 432 UNIVERSA
1233 377 1766 431 THEOLOGIA
1814 379 1878 429 N.
1923 377 1986 430 C.
2025 377 2126 427 ET
2165 375 2227 430 N.
2268 373 2323 425 E.

486 532 721 600 Decisio
750 532 1319 598 consummationem
1351 532 1656 618 utriusque
1685 530 2042 617 plenariarm
2096 540 2152 593 et
2189 528 2333 616 quod
2370 527 2530 592 Pleni-

488 634 633 699 tudo
668 634 984 720 temporis,
1039 635 1096 696 in
1141 655 1256 719 qua
1298 634 1588 696 Dominus
1615 635 1672 695 in
1704 634 1992 696 Mundum
2023 633 2208 706 venit,
2258 642 2314 694 ct
2351 632 2404 693 in
2441 650 2532 715 qua

490 745 774 803 venturus
811 746 928 810 est,
982 735 1160 799 etiam
1188 737 1259 798 sit
1286 734 1748 798 consummatio.
2067 745 2072 750 “

648 841 792 901 ⁶156.
846 835 1290 901 Consummatio
1334 835 1567 899 Saeculi
1614 836 1892 899 illustrari
1950 844 2137 922 potest
2180 856 2280 921 per
2318 833 2460 895 varia
2492 832 2538 892 in

490 938 720 1005 Mundo
762 938 1051 1013 naturali,
1114 939 1170 999 in
1212 936 1325 1000 hoc
1370 938 1525 999 enim
1573 938 1769 1000 omnia
1814 945 1872 999 et
1913 937 2173 1022 singula,
2226 956 2365 1021 quae
2404 951 2540 1018 super

489 1040 731 1105 Tellure
758 1049 919 1111 sunt,
966 1039 1351 1125 antiquantur
1380 1049 1438 1101 et
1468 1047 1926 1113 consumuntur,
1970 1038 2072 1102 sed
2102 1059 2205 1125 per
2235 1037 2378 1101 vices
2402 1035 2543 1097 altet-

490 1163 627 1217 ηας,
684 1161 834 1227 quae
865 1151 1155 1204 vocantur
1182 1140 1398 1203 Circuli
1430 1160 1658 1215 rerum,
1716 1138 1823 1202 hos
1853 1150 2205 1226 percurrunt
2241 1149 2474 1225 tempora
2495 1134 2540 1195 in

493 1242 791 1305 communi
836 1241 981 1303 etin
1023 1249 1220 1328 parte;
1277 1243 1333 1303 in
1381 1239 1694 1304 Communi
1712 1289 1740 1316 ‚.
1781 1242 1990 1306 transit
2029 1240 2236 1303 Annus
2278 1260 2309 1301 a
2351 1259 2469 1299 vere
2497 1235 2541 1295 iu

494 1351 806 1417 aestatem,
859 1352 920 1405 et
966 1364 1068 1428 per
1104 1339 1258 1406 hanc
1297 1342 1355 1404 in
1408 1351 1788 1417 autumnum,
1843 1352 1902 1405 et
1941 1342 2156 1406 desinit
2198 1342 2255 1403 in
2299 1339 2542 1429 hyemem,

493 1454 552 1506 et
579 1446 656 1507 ab
682 1442 794 1508 hac
820 1444 971 1507 redit
1009 1445 1066 1505 in
1112 1465 1249 1517 ver,
1300 1444 1401 1508 sed
1443 1441 1540 1505 hic
1577 1443 1830 1507 circulus
1870 1453 1958 1507 est
1997 1443 2240 1516 caloris;
2288 1442 2346 1504 in
2387 1440 2542 1511 Parte,

492 1545 701 1609 transit
731 1545 872 1608 Dies
898 1566 930 1607 a
963 1564 1133 1607 mane
1165 1545 1222 1606 in
1258 1544 1592 1617 meridiem,
1646 1554 1704 1607 et
1746 1564 1850 1633 per
1879 1544 2032 1608 hanc
2060 1544 2124 1607 in
2157 1563 2470 1628 vesperam,
2501 1546 2544 1602 et

490 1646 702 1710 desinit
729 1647 790 1708 in
817 1656 1050 1708 noctem
1071 1694 1085 1719 ‚
1140 1657 1198 1708 et
1227 1668 1297 1710 ex
1324 1645 1439 1709 hac
1466 1644 1618 1707 redit
1647 1646 1704 1707 in
1734 1666 1938 1720 mane,
1992 1655 2053 1709 at
2085 1645 2185 1708 hic
2229 1643 2456 1707 circulus
2481 1646 2545 1703 est

492 1748 651 1811 lucis.
734 1746 946 1812 Omnis
970 1747 1146 1810 etiam
1175 1748 1354 1811 homo
1387 1748 1676 1834 percurrit
1719 1755 1966 1810 naturae
2000 1746 2317 1822 circulum,
2356 1741 2545 1805 inchoat

495 1848 675 1911 vitam
706 1849 783 1913 ab
808 1846 1075 1922 infantia,
1118 1871 1149 1909 e
1180 1871 1295 1934 qua
1328 1847 1792 1935 progreditur.in
1823 1848 2281 1911 adolescentiam
2311 1856 2363 1910 et
2387 1846 2549 1930 juven-

495 1960 708 2025 tutem,
759 1957 819 2012 et
846 1950 921 2011 ab
948 1949 1059 2012 hac
1086 1948 1146 2009 in
1174 1959 1508 2024 senectam,
1561 1958 1619 2010 et
1648 1949 1934 2011 moritur:
1990 1949 2370 2023 consimiliter
2402 1942 2548 2009 omnis

492 2051 617 2114 avis
646 2050 823 2127 caeli,
876 2061 934 2113 et
963 2050 1149 2111 omnis
1180 2052 1361 2114 bestia
1407 2060 1618 2113 terrae.
1695 2050 1912 2114 ‘Omnis
1955 2052 2130 2112 etiam
2179 2052 2356 2113 arbor
2392 2043 2549 2128 incipit

492 2172 527 2215 a
572 2152 868 2237 germine,
937 2150 1199 2235 procedit
1242 2152 1315 2215 ad
1362 2160 1648 2215 staturam
1693 2150 1958 2240 plenam,
2025 2161 2083 2215 et
2123 2150 2441 2215 successive
2475 2146 2548 2207 de-

491 2253 782 2327 nascitur,
838 2274 1020 2337 usque
1060 2250 1197 2315 dum
1248 2254 1419 2315 cadit.
1509 2251 1710 2318 Simile
1751 2251 1815 2314 fit
1859 2272 1989 2314 cum
2041 2254 2204 2316 omni
2252 2254 2472 2315 arbusto
2505 2252 2548 2306 et

494 2374 628 2416 cum
656 2353 814 2416 omni
848 2353 1133 2438 virgulto,
1189 2355 1308 2417 imo
1348 2375 1480 2417 cum
1524 2355 1685 2417 omni
1728 2352 1869 2418 folio
1915 2362 1975 2416 et
2019 2351 2204 2430 flore,
2260 2362 2317 2416 et
2356 2366 2547 2438 quoque

494 2474 624 2515 cum
654 2452 777 2540 ipsa
804 2453 1004 2528 humo,
1046 2466 1495 2541 quae-tempore
1520 2455 1733 2519 sterilis
1761 2454 1855 2527 fin
1902 2465 1962 2517 ut
1992 2466 2049 2518 et
2080 2477 2216 2518 cum
2249 2456 2399 2518 omni
2426 2467 2548 2536 aqua

491 2554 857 2640 quiescente,
914 2577 1066 2641 quae
1093 2557 1419 2621 successive
1455 2557 1750 2643 putrescit.
1831 2555 2047 2619 Omnia
2089 2555 2244 2620 haec
2281 2565 2410 2622 sunt
2432 2553 2551 2616 Con·

491 2655 910 2720 summationes
940 2647 1228 2732 alternae,
1284 2678 1436 2744 quae
1466 2658 1764 2721 naturales
1791 2668 1847 2720 et
1881 2659 2309 2742 temporariae,
2360 2655 2452 2720 sed
2485 2673 2550 2715 us·

491 2777 609 2844 que
638 2757 1000 2846 periodicae,
1053 2780 1190 2822 nam
1220 2759 1355 2821 dum
1388 2780 1568 2821 unum
1600 2780 1632 2822 a
1663 2780 1766 2822 sua
1797 2758 2024 2843 origine.
2065 2760 2137 2821 ad
2183 2759 2360 2824 finem
2388 2751 2552 2820 transi·
2646 2793 2647 2836 3

493 2859 605 2932 vit,
664 2859 851 2923 simile
879 2861 1128 2924 alterum
1159 2861 1450 2935 exoritur,
1503 2860 1582 2922 ita
1619 2861 2054 2947 unumquodvis
2095 2863 2360 2925 nascitur
2397 2867 2446 2920 ct
2479 2854 2554 2916 de-

491 2961 783 3037 nascitur,
839 2983 908 3025 ac
954 2963 1163 3024 iterum
1212 2963 1504 3030 nascitur;
1575 2970 1816 3048 propter·
1870 2959 2042 3023 finem
2099 2971 2164 3023 ut
2218 2962 2553 3026 continuetur

493 3063 733 3126 creatio.
830 3062 1004 3143 Quod
1045 3063 1229 3127 simile
1279 3060 1382 3124 fiat
1445 3083 1575 3124 cum
1627 3061 1918 3135 Ecclesia,
1988 3072 2075 3126 est
2117 3063 2258 3148 quia
2303 3062 2468 3125 homo
2490 3061 2555 3143 ²5¹

490 3162 626 3238 illa,
673 3171 731 3224 et
758 3163 816 3225 in
846 3163 1143 3235 communi
1170 3161 1533 3237 fachinam,
1589 3183 1658 3226 ac
1702 3183 1817 3226 una
1857 3164 2161 3249 generatio
2201 3165 2458 3250 sequitur
2493 3156 2555 3220 al·

485 3262 710 3337 lteram,
764 3263 1123 3327 et-omnium
1166 3263 1501 3328 animorum
1532 3263 1788 3330 varietas
1826 3274 1944 3340 est,
1997 3275 2055 3328 et
2097 3263 2376 3351 iniquitas
2411 3254 2557 3325 semel

490 3364 803 3429 irradicata
834 3365 1027 3450 quoad
1059 3364 1492 3428 inclinationem
1525 3365 1784 3428 ad-illam
1815 3364 2141 3430 traducitur
2182 3365 2242 3426 in
2287 3361 2556 3454 posterita-

491 3477 635 3534 tem,
711 3477 767 3525 ut
823 3465 915 3525 illa
971 3489 1084 3525 mm
1132 3469 1484 3553 exstirpatur
1532 3465 1635 3530 nisi
1683 3488 1860 3552 quam
1911 3488 2014 3555 per
2058 3465 2556 3552 regenerationem,

495 3589 643 3649 quae
675 3585 707 3629 a
735 3565 859 3629 solu
891 3569 1144 3629 Ilmninu
1184 3569 1260 3629 fit-

499 3790 679 3870 fluent?
703 3786 947 3854 fimfffls
931 3794 995 3854 tf!
1040 3793 1308 3854 [rhemum
1352 3810 1504 3886 122*an
1508 3822 1580 3858 us
1623 3794 1936 3861 Ecclesiae
1966 3794 2375 3868 Clznsllanae,
2425 3779 2558 3882 quod

495 3918 535 3954 :r
583 3894 839 3954 Humr'nu
893 3894 1064 3982 crpus?
1108 3894 1536 3982 &unguimus
1584 3911 1638 3962 et
1686 3901 1750 3962 in
1787 3888 2181 3991 Apocalypsi
2215 3892 2556 3989 praedictum

1244 4014 1296 4058 tt
1344 3998 1464 4058 ,νε-Μὰ
1452 4002 1699 4091 mptum
1736 4013 1840 4064 est.

650 4173 792 4231 ¹557.
849 4159 1021 4250 Quod
1062 4171 1505 4235 consummatio
1544 4169 1770 4235 saeculi
1817 4169 2104 4259 significet
2145 4171 2421 4236 ultimum
2441 4179 2555 4230 tem·

493 4289 601 4354 pus
648 4267 978 4346 Ecclesiae,
1017 4269 1110 4335 'in
1152 4269 1420 4334 Articulo
1476 4273 1867 4355 praecedente
1924 4281 2224 4338 ostensum
2273 4281 2388 4347 cst,
2446 4262 2556 4330 inde
