2750 4775
928 372 1023 426 xl.
1107 369 1647 427 IMPUTA'rlo.
2233 387 2337 437 179

230 523 637 614 Lipothymia;
694 523 879 590 verbo
906 523 1079 587 Mens
1107 524 1246 586 tun'c
1271 522 1437 588 sedet
1461 525 1610 589 sicut
1651 528 1857 593 turmis
1885 527 2108 594 infestis
2140 529 2340 596 obses-

226 645 320 701 sa,
366 646 479 689 nec
506 645 569 689 se
599 624 726 711 plus
757 633 948 709 potest
976 624 1093 687 huc
1121 625 1259 687 illuc
1312 633 1580 702 vertere,
1638 648 1811 715 quam
1844 637 2034 716 potest
2059 638 2191 694 rota
2220 630 2346 696 cla-

225 726 312 790 vis
340 727 515 792 affixa
534 774 551 799 ,
603 731 671 787 et'
695 746 870 812 quam
902 735 1107 811 potest-
1124 725 1293 789 navis
1320 724 1569 790 haerens
1594 748 1772 814 super
1795 728 2104 818 Syrtibus:
2159 731 2341 797 Tales

226 828 449 892 Mentis
484 837 547 889 ¹et
579 826 712 888 inde
741 826 1009 892 Pectoris
1052 826 1358 911 angustiae
1403 827 1757 891 oboriuntur
1793 829 1937 903 illis,
1990 825 2150 915 apud
2192 851 2342 915 quoe

223 946 487 1012 regnans
531 925 715 991 Amor
761 926 981 1014 patitur
1027 928 1350 1014 jacturam,
1406 926 1506 1013 qui
1535 928 1597 993 ‚si
1641 928 2051 1014 impugnatur,
2105 939 2343 996 contra-

225 1027 377 1094 hunt
396 1049 468 1093 se
498 1026 682 1091 fibrae
710 1025 1005 1100 Cerebri,
1041 1035 1100 1090 et
1140 1026 1474 1090 contractio
1501 1027 1600 1092 illa
1639 1027 1897 1105 inhibet,
1951 1049 2026 1093 ne
2069 1028 2242 1095 Mens
2277 1031 2346 1094 li·

227 1132 369 1194 bere
399 1137 713 1203 excurrat,
767 1150 839 1193 ac
865 1126 1096 1192 delitias
1124 1136 1320 1213 captet
1349 1128 1410 1190 in
1443 1129 1623 1192 variis
1653 1128 1888 1201 formis;
1942 1128 2082 1207 hos,
2137 1149 2345 1218 quem·

225 1254 342 1319 que
383 1229 712 1296 secundum
742 1249 913 1292 suum
956 1236 1520 1314 temperamentum,
1578 1250 1711 1293 cum
1752 1229 1810 1291 in
1856 1229 1967 1293 hac
2005 1230 2141 1297 crisi
2185 1242 2344 1309 sunt,

223 1333 521 1397 invadunt
561 1329 778 1393 diversi
821 1329 1053 1413 generis
1095 1328 1472 1415 phantasiae,
1526 1327 1858 1394 dementiae
1896 1339 1956 1393 et
1994 1330 2229 1409 deliria,
2283 1342 2343 1396 et

224 1434 515 1521 quosdam
546 1428 998 1494 cerebrositates
1023 1430 1083 1492 in
1115 1429 1432 1516 religiosis,
1486 1451 1635 1515 quas
1674 1428 1735 1493 hi
1775 1440 1995 1496 vocant
2027 1430 2345 1496 Conscien-

223 1533 341 1596 tiae
358 1537 621 1596 morsus.
703 1530 846 1596 Post
889 1528 1037 1593 haec
1065 1530 1467 1595 convertimus
1506 1551 1615 1596 nos
1657 1531 1730 1595 ad
1773 1532 2045 1595 Tertium
2075 1530 2343 1607 Caetum,

222 1635 326 1721 qui
368 1633 680 1696 constabat
725 1653 795 1695 ex
838 1630 1112 1705 Medic-is,
1162 1631 1323 1694 inter
1362 1652 1513 1718 quos
1550 1632 1731 1695 etiam
1773 1642 1945 1696 erant
1977 1630 2256 1719 Chirurgi
2285 1642 2348 1698 et

227 1732 778 1820 pharmacopolae,
833 1741 891 1794 et
918 1731 1197 1804 diximus,
1241 1753 1349 1797 vos
1376 1730 1641 1796 fortassis
1668 1733 1828 1797 scitis
1856 1732 1997 1817 quid
2028 1732 2348 1800 Conscien-

226 1836 342 1908 tia,
393 1855 532 1905 num
562 1842 647 1898 est
675 1832 918 1897 infestus
946 1833 1117 1896 dolor
1143 1833 1242 1917 qui
1272 1832 1519 1917 corripit
1539 1841 1601 1896 et
1632 1832 1827 1921 Caput
1855 1843 1913 1897 et
1942 1831 2342 1923 parenchyma

227 1934 474 2009 Cordis,
526 1943 584 1997 et
620 1933 760 1998 inde
804 1932 1104 2017 Regiones
1142 1933 1501 2007 substrataS,
1561 1932 1991 2018 Epigastricam
2033 1944 2096 1997 et
2131 1934 2347 2023 Hypo-

227 2036 582 2120 gastricam;
636 2043 742 2098 aut
769 2032 989 2117 aliquid
1018 2032 1211 2102 ab‘ud;
1266 2042 1326 2096 et
1364 2030 1423 2093 hi
1453 2033 1917 2117 responderunt,
1970 2033 2348 2099 Conscientia

228 2156 352 2198 non
382 2146 469 2201 est
495 2136 604 2199 nisi
633 2134 768 2197 talis
792 2134 997 2208 dolor,
1047 2152 1157 2197 nos
1186 2151 1327 2220 prae
1357 2132 1487 2195 aliis
1514 2133 1727 2198 scimus
1754 2134 1881 2218 ejus
1905 2134 2182 2222 origines,
2211 2144 2350 2200 sunt

229 2237 391 2299 enim
448 2236 861 2319 contingentes
903 2233 1137 2307 Morbi,
1193 2234 1292 2318 qui
1335 2231 1615 2295 infestant
1654 2236 1931 2319 organica
1980 2236 2245 2325 corporis
2288 2244 2351 2300 et

230 2358 475 2422 quoque
504 2335 785 2421 organica
819 2331 1060 2420 Capitis,
1090 2341 1522 2419 consequenter
1548 2334 1724 2398 etiam
1745 2336 2029 2412 Mentem,
2059 2337 2347 2423 quoniam

227 2436 387 2500 haec
437 2437 498 2497 in
544 2434 784 2520 organis
825 2433 1069 2498 Cerebri
1111 2434 1273 2498 sedet
1313 2433 1464 2498 sicut
1503 2454 1721 2499 aranea
1767 2438 1821 2499 in
1866 2446 2069 2501 centro
2109 2436 2347 2505 filorum

230 2554 384 2599 suae
413 2535 595 2610 telae,
648 2555 756 2623 per
793 2552 946 2620 quae
988 2535 1243 2599 excurrit
1286 2544 1345 2598 et
1387 2535 1569 2599 currit
1608 2536 1901 2615 similiter,
1957 2537 2064 2603 bos
2105 2541 2347 2606 morbos

232 2656 523 2701 vocamus
552 2636 798 2701 Morbos
825 2633 1172 2720 organicos,
1225 2644 1283 2699 et
1323 2636 1421 2722 qui
1462 2635 1699 2699 illorum
1742 2658 1847 2723 per
1886 2640 2045 2703 vices
2076 2639 2347 2717 redeunt,

231 2736 485 2802 Morbos
523 2730 878 2807 Chronicos;
932 2745 994 2800 at
1037 2737 1168 2800 talis
1214 2735 1417 2810 dolor,
1471 2737 1662 2821 qualis
1716 2737 1798 2800 ab
1839 2739 2097 2825 aegrotis
2143 2761 2349 2805 coram

231 2838 406 2902 nobis
431 2838 782 2902 describitur
808 2858 912 2924 per
938 2837 1204 2902 dolorem
1233 2837 1672 2912 Conscientiae,
1714 2858 1837 2901 non
1865 2837 2024 2902 aliud
2050 2848 2138 2903 est
2167 2860 2348 2924 quam

233 2937 486 3002 Morbus
511 2937 1246 3028 hyp0e110ndriacus,·qui
1286 2936 1568 3023 primario
1595 2936 1859 3013 Lienern,
1902 2947 1963 3001 et
2000 2936 2351 3003 secundario

232 3035 620 3103 Pancreatem
653 3048 708 3101 et
743 3039 1165 3104 Mesenterium
1205 3038 1506 3125 germanis
1544 3038 1663 3103 suis
1706 3034 2110 3103 functionibus
2152 3040 2350 3127 depri-

235 3147 368 3220 vat,
426 3140 561 3202 inde
607 3138 955 3203 derivantur
1012 3139 1210 3202 Morbi
1264 3135 1712 3213 Stomachales,
1783 3156 1853 3202 ex
1900 3138 2113 3225 quibus
2158 3139 2348 3206 Caco·

234 3237 539 3329 chymiae;
593 3238 659 3302 fit
698 3239 851 3303 enim
886 3240 1245 3326 compressio
1287 3239 1445 3303 circa
1489 3236 1778 3302 orificium
1818 3239 2107 3304 stomachi
2122 3278 2154 3316 ,=
2193 3261 2349 3326 quae

235 3338 568 3427 Cardialgia
614 3349 1019 3426 nuncupatur,
1072 3361 1144 3403 ex
1182 3337 1272 3404 his
1319 3338 1669 3403 derivantur
1713 3338 1992 3402 humores
2039 3338 2153 3402 bile
2194 3348 2348 3417 atra,

234 3436 389 3507 flava
421 3450 521 3503 aut
549 3441 721 3507 viridi
748 3439 1170 3526 impraegnati,
1223 3460 1297 3503 ex
1322 3438 1539 3524 quibus
1568 3439 1807 3501 vascula
1838 3438 2078 3502 minima
2111 3439 2350 3525 sangui-

235 3542 350 3618 nis,
404 3561 560 3626 quae
612 3550 907 3605 vocantur
956 3539 1290 3626 capillaria,
1356 3539 1762 3623 obstipantur,
1838 3539 1995 3603 unde
2048 3539 2347 3620 cachexia,

234 3641 536 3729 atrophia,
592 3652 652 3704 et
693 3640 1060 3731 sympbysis,
1116 3650 1176 3703 et
1220 3659 1461 3726 quoque
1506 3638 2004 3723 Peripneumonia
2049 3639 2234 3707 notha
2277 3663 2349 3707 ex

239 3741 442 3825 pituita
474 3742 664 3817 lenta,
715 3763 785 3805 ac
812 3737 1054 3831 lympha
1085 3739 1356 3803 ichorosa
1386 3748 1444 3802 et
1473 3738 1720 3803 rodente
1747 3739 1809 3802 in
1835 3749 1958 3805 t‘ota
1991 3762 2181 3808 massa
2213 3763 2351 3808 san·

237 3843 456 3925 guinis:
507 3842 735 3908 Similia
764 3844 946 3906 etiam
987 3838 1292 3926 profluunt
1331 3860 1404 3905 ex
1450 3838 1651 3927 elapsu
1698 3839 1860 3926 puris
1896 3840 1956 3904 in
1999 3844 2350 3928 sanguinem

235 3945 445 4029 eteius
471 3963 665 4008 serum
694 3963 765 4006 ex
799 3941 1008 4007 solutis
1047 3940 1554 4031 empyematibus,
1608 3938 1978 4006 abscessibus
2013 3951 2077 4006 et
2116 3952 2352 4029 aposte-

237 4043 488 4109 matibus
515 4043 572 4106 in
603 4064 888 4131 corpore,
943 4041 1042 4128 qui
1070 4042 1309 4128 sanguis
1337 4060 1471 4104 cum
1502 4040 1925 4126 per'carotides
1956 4042 2015 4104 in
2054 4052 2230 4127 caput
2258 4061 2353 4105 as-

239 4145 452 4232 surgit,
505 4145 885 4220 medullaria,
932 4139 1237 4206 corticalia
1269 4150 1327 4204 et
1364 4139 1674 4225 meningea
1704 4139 1949 4205 Cerebri
1976 4141 2144 4214 terit,
2197 4139 2355 4203 rodit

237 4252 293 4306 et
316 4245 582 4322 mordet,
637 4245 806 4310 etsie
845 4242 1059 4308 excitat
1100 4239 1364 4316 dolores,
1421 4239 1521 4324 qui
1572 4248 1863 4305 vocantur
1889 4237 2350 4370 ³(Conscientiam

1792 4337 1859 4397 M
