2750 4775
458 392 531 442 δῦ
685 376 1143 432 UNIVERSA
1198 374 1736 432 THEOLOGIA
1780 375 1847 430 N.
1891 374 1954 427 C.
1996 373 2102 426 ET
2144 374 2212 429 N.
2253 374 2318 426 E.

457 541 595 598 sunt
633 530 783 595 sicut
809 529 1092 617 Templa,
1144 529 1202 594 in
1240 529 1456 616 quibus
1484 538 1621 593 sunt
1661 528 1838 594 modo
1861 527 2101 617 spiritus
2124 528 2444 602 Draconis,
2489 536 2544 592 et

458 634 542 698 illi
580 633 682 720 qui
723 652 826 719 per
852 630 1136 695 Locustas
1186 630 1245 694 in
1283 629 1645 720 Apocalypsi
1688 629 2124 715 intelliguntur,
2179 629 2546 716 congregati;

459 743 519 798 et
556 741 691 799 sunt
729 732 877 798 sicut
906 732 1137 820 I‘ulpita
1164 731 1280 806 ibi,
1325 731 1427 795 ubi
1457 749 1576 795 non
1604 739 1689 796 est
1718 729 2014 806 Verbum,
2068 734 2206 816 quia
2253 740 2547 818 repostum

458 836 570 900 sub
600 832 858 920 pedibus.
921 831 1071 896 Sunt
1111 833 1258 898 sicut
1289 832 1554 898 Parietes
1578 831 1913 908 incrustati,
1970 843 2029 896 et
2055 831 2402 896 incrustatio
2429 830 2550 921 pul-

458 936 598 1000 chre
636 935 935 1009 colorata,
986 934 1140 997 intra
1182 934 1584 1020 quos.apertis
1623 932 1896 1002 fenestris
1924 933 2178 1002 volitant„
2212 932 2443 1007 ululae,
2495 941 2550 996 et

457 1036 622 1102 dirae
655 1036 843 1103 noctis
876 1055 1037 1100 aves.
1105 1035 1255 1106 Sunt
1294 1034 1448 1099 sicut
1489 1031 1813 1122 Sepulchra
1861 1034 2168 1108 dealbata,
2235 1033 2295 1096 in
2345 1034 2552 1119 quibus

455 1147 594 1204 sunt
623 1159 753 1203 ossa
790 1146 1179 1204 mortuorum.
1230 1136 1382 1201 Sunt
1407 1136 1555 1200 sicut
1581 1135 1860 1202 Monetae
1889 1156 1960 1199 ex
1988 1136 2242 1199 amurcis
2279 1157 2386 1199 seu
2428 1157 2550 1200 are·

456 1238 632 1306 factis
656 1236 804 1304 limis
830 1234 1020 1302 factae
1049 1248 1106 1302 et
1134 1258 1281 1301 auro
1316 1236 1627 1301 obductae.
1681 1236 1831 1301 Sunt
1856 1236 2005 1301 sicut
2035 1235 2283 1301 cortices
2308 1246 2369 1299 et
2398 1235 2550 1301 codi-

457 1361 557 1405 ces
600 1340 821 1404 circum
871 1350 1039 1426 putre
1084 1339 1339 1424 lignumt
1412 1359 1482 1401 ac
1526 1335 1675 1401 sicut
1721 1348 1913 1402 vestes
1955 1338 2211 1402 {iliorum
2258 1333 2551 1404 Aharouis

457 1442 676 1506 circum
721 1442 1017 1529 leprosum
1055 1461 1296 1528 corpus;
1343 1440 1463 1503 imo
1487 1440 1637 1506 sicut
1667 1439 1899 1514 ulcera,
1953 1440 2107 1503 intra
2149 1459 2304 1524 quae
2345 1439 2551 1514 sanies,

456 1542 713 1608 obducta
760 1541 921 1606 tenui
968 1550 1133 1612 cute,
1197 1561 1350 1626 quae
1397 1540 1985 1606 creduntucsanata.
2056 1539 2205 1621 Quis
2256 1562 2378 1603 non
2428 1542 2550 1617 scit,

456 1642 617 1732 quod
642 1653 909 1708 sanctum
939 1652 1246 1706 externum
1276 1650 1334 1705 et
1361 1641 1730 1729 prophanum
1761 1642 2056 1705 internum
2095 1662 2214 1704 non
2257 1663 2378 1704 una
2418 1663 2551 1706 con·

455 1743 719 1810 cordent.
772 1742 953 1809 Tales
977 1744 1152 1806 etiam
1180 1763 1323 1830 prae
1351 1743 1481 1808 aliis
1506 1743 1713 1807 timent
1739 1765 1802 1807 se
1830 1743 2169 1831 explorare;
2219 1764 2410 1829 quare
2437 1763 2549 1807 non

456 1848 585 1934 plus
624 1845 884 1911 sentiunt
927 1842 1134 1909 vitiosa
1180 1843 1240 1906 in
1280 1865 1374 1919 se,
1432 1866 1607 1931 quam
1654 1843 1929 1909 nidoresa
1970 1854 2027 1907 et
2068 1844 2456 1929 graveolenta
2491 1844 2549 1906 iu

454 1946 798 2012 ventriculis
834 1956 894 2009 et
932 1945 991 2008 in
1030 1942 1174 2021 iliis,
1227 1954 1544 2032 antequam
1586 1945 1645 2008 in
1689 1945 1965 2009 latrinam
2003 1946 2192 2032 ejecta
2223 1955 2384 2010 sunt.
2437 1942 2548 2009 Sed

455 2047 771 2140 tenendum
819 2056 937 2121 est,
992 2046 1147 2133 quod
1188 2046 1307 2120 illi,
1358 2048 1431 2111 de
1460 2046 1672 2135 quibus
1696 2046 1982 2114 hactenus
2014 2046 2232 2110 dictum
2261 2056 2383 2122 cst,
2435 2066 2549 2110 non

455 2145 852 2214 confundendi
889 2146 1009 2212 sint
1047 2169 1180 2211 cum
1225 2145 1371 2224 illis,
1427 2148 1524 2236 qui
1568 2148 1716 2212 bene
1760 2156 1943 2233 agunt
1984 2158 2042 2211 et
2082 2147 2230 2210 bene
2271 2148 2547 2216 credunt;

453 2271 566 2315 nec
593 2270 726 2312 cum
754 2248 866 2313 illis
879 2291 909 2323 ,·
947 2248 1045 2335 qui
1075 2248 1491 2335 paenitentiam
1533 2249 1610 2313 ab
1636 2248 1929 2336 aliquibus
1959 2247 2212 2336 peccatis
2237 2260 2445 2336 agunt,
2493 2256 2550 2311 et

455 2372 529 2416 ex
570 2348 739 2438 parili
781 2349 1145 2415 confessione
1185 2349 1363 2428 omli,
1417 2349 1555 2415 dum
1590 2348 1650 2414 in
1689 2347 1881 2425 cultu,
1923 2358 1985 2413 et
2013 2348 2140 2438 plus
2168 2348 2305 2414 dum
2336 2350 2395 2415 in
2427 2358 2550 2414 ten-

455 2451 680 2517 tatione
721 2450 1039 2539 spirituali,
1086 2472 1283 2516 secum
1318 2452 1643 2539 loquuntur
1669 2460 1771 2514 aut
1801 2461 2003 2523 orant;
2059 2472 2193 2514 nam
2226 2450 2550 2517 communis

456 2553 555 2616 illa
598 2551 888 2618 confessio
929 2563 987 2616 et
1017 2551 1314 2639 praecedit
1342 2562 1402 2615 et
1428 2552 1696 2639 sequitur
1724 2551 2204 2617 reformationem
2227 2562 2284 2616 et
2312 2568 2555 2641 regene-

453 2653 760 2718 rationem.

460 2878 646 2966 Quod
689 2880 865 2948 homo
907 2880 1194 2948 nascatur
1237 2881 1324 2948 ad
1359 2886 1555 2947 omnis
1594 2884 1833 2972 generis
1880 2881 2072 2957 mala,
2126 2896 2182 2947 et
2223 2881 2394 2966 quod
2434 2881 2552 2946 nisi

453 2998 745 3050 removeat
808 2980 927 3048 ‘illa
977 2983 1191 3076 quoad
1229 2997 1461 3076 partem
1506 3007 1622 3076 per·
1661 2986 2092 3077 paenitentiam
2112 3034 2125 3058 ,
2198 2999 2441 3048 maneat
2488 2985 2547 3045 ἰη

678 3084 837 3161 illis,
881 3098 939 3149 et
980 3088 1088 3175 qui
1128 3100 1324 3150 manet
1368 3089 1432 3149 in
1477 3084 1634 3162 illis,
1688 3109 1810 3151 non
1829 3099 2031 3178 potest
2073 3084 2317 3149 salvari.

607 3268 755 3328 520.
809 3262 989 3344 Quod
1025 3263 1214 3328 omnis
1253 3261 1433 3328 homo
1478 3271 1753 3328 nascatur
1794 3261 1869 3325 ad
1910 3262 2099 3337 mala,
2152 3261 2234 3326 ita
2274 3262 2438 3348 quod
2472 3259 2546 3325 ab

453 3375 623 3430 utero
664 3364 869 3428 matris
907 3385 1025 3428 non
1060 3363 1134 3428 sit
1171 3364 1276 3427 nisi
1306 3385 1483 3449 quam
1515 3364 1763 3438 malum,
1793 3364 1876 3425 -in
1906 3363 2170 3431 Ecclesia
2199 3373 2405 3428 notum
2433 3370 2545 3431 θεῖς

453 3478 510 3532 et
540 3466 740 3533 notum
770 3464 989 3528 sactum
1017 3473 1104 3528 est
1132 3483 1201 3526 ex
1232 3483 1441 3538 causa,
1488 3464 1626 3549 quia
1658 3485 1696 3527 a
1719 3463 1998 3529 Conciliis
2022 3474 2080 3527 et
2110 3485 2142 3527 a
2172 3463 2547 3531 praesulibus

453 3568 848 3633 Ecclesiarum
893 3565 1175 3627 traditum
1230 3573 1348 3638 est,
1415 3561 1574 3648 quod
1620 3575 1924 3651 peccatum
1961 3562 2171 3629 Adami
2213 3564 2545 3628 traductum

427 3668 523 3734 0sit
568 3668 627 3731 in
673 3684 909 3731 omnem
950 3664 1382 3749 posteritatem,
1433 3672 1493 3727 et
1535 3665 1690 3751 quod
1734 3665 1850 3730 hoc
1886 3665 2122 3730 unicum
2151 3665 2256 3742 sit,
2309 3675 2547 3759 propter

454 3768 612 3856 quod
664 3764 853 3830 omnis
901 3763 1081 3828 homo
1131 3771 1261 3853 post
1305 3764 1468 3830 illum
1511 3787 1629 3830 una
1671 3787 1807 3830 cum
1845 3766 1954 3833 illo
1992 3767 2305 3831 damnatus
2330 3766 2440 3844 sit,
2490 3769 2549 3827 et

452 3866 610 3954 quod
654 3865 770 3929 h'bc
811 3864 886 3928 sit
930 3864 1088 3952 quod
1131 3864 1316 3929 cuivis
1344 3888 1395 3931 ¹a
1449 3867 1818 3931 nativitatate
1864 3867 2165 3932 inhaeret:
2244 3876 2545 3956 praeterea

452 3988 628 4055 super
651 3966 767 4031 hac
792 3964 1389 4034 assertionefundata
1414 3977 1548 4034 sunt
1575 3969 1765 4055 plura,
1804 3989 1957 4056 quae
1988 3964 2284 4034 Ecclesiae
2314 3969 2543 4039 docent,

454 4076 520 4131 ut
560 4067 718 4155 quod
747 4067 1080 4133 Lavacrum
1112 4070 1609 4158 regenerationis,
1661 4069 1820 4156 quod
1847 4078 2101 4137 vocatur
2127 4068 2463 4157 Baptisma,
2512 4082 2546 4129 a
2599 4084 2602 4089 ·

452 4168 712 4235 Domino
738 4169 1064 4236 institutum
1091 4171 1200 4247 sit,
1249 4179 1316 4236 ut
1343 4170 1459 4236 hoc
1498 4178 1805 4259 peccatum
1844 4180 2252 4244 removeatur;
2303 4180 2363 4234 et
2392 4163 2547 4258 quod

451 4269 565 4336 hoc
604 4269 779 4337 fuerit
819 4291 994 4338 causa
1025 4268 1332 4344 Adventus
1358 4269 1628 4348 Domini,
1682 4280 1740 4334 et
1768 4271 1926 4357 quod
1957 4271 2130 4337 Fides
2165 4271 2228 4336 in
2272 4271 2540 4337 meritum
