2750 4775
1389 247 1420 264 Ἃ

415 377 484 426 62
644 364 1105 421 UNIVERSA
1148 363 1686 421 THEOLOGIA
1730 368 1796 423 N.
1842 367 1904 419 C.
1949 367 2056 418 ET
2099 367 2165 422 N.
2209 368 2274 422 E.

412 525 724 596 morietur,
777 520 979 585 Deutr.
1022 520 1251 585 XXIV:
1282 524 1384 586 16.
1439 521 1576 586 Hoc
1617 520 1756 584 mihi
1798 531 2025 586 certum
2063 520 2286 586 factum
2325 530 2412 585 est
2453 522 2521 585 in

412 623 639 689 Mundo
679 622 964 709 spirituali
1006 643 1078 684 ex
1118 620 1442 686 infantibus
1470 623 1569 709 qui
1594 622 1959 697 morianna,
1995 624 2169 710 quod
2206 623 2381 686 modo
2423 625 2522 686 in-

414 724 632 788 clinent
679 723 752 787 ad
772 723 974 796 mala,
1028 723 1109 786 ita
1150 723 1307 808 quod
1350 722 1564 797 velint,
1631 733 1698 787 at
1736 745 1918 809 usque
1959 745 2078 788 non
2119 721 2341 816 faciant
2381 725 2518 799 illa;

412 825 740 890 educantur
766 828 919 887 enim
948 823 1060 888 sub
1085 826 1347 910 auspicio
1375 825 1647 901 Domini,
1698 833 1755 886 et
1779 824 2106 889 salvantur.
2160 824 2518 913 supradicta

410 927 508 991 illa
550 925 850 990 inclinatio
889 935 948 991 et
987 926 1326 1012 proclivitas
1365 925 1440 989 ad
1483 925 1636 988 mala
1677 947 1710 989 a
1750 927 2096 1011 parentibus
2137 926 2406 991 traducta
2449 929 2518 992 in

411 1030 630 1098 liberos
655 1036 714 1090 et
740 1028 801 1089 in
834 1036 1133 1115 posteros,
1187 1027 1359 1090 unice
1399 1026 1694 1111 frangitur
1734 1047 1840 1111 per
1881 1048 2095 1091 novam
2142 1029 2517 1093 nativitatem

410 1152 445 1195 a
475 1130 763 1203 Domino,
817 1149 968 1216 quae
1012 1137 1263 1191 vocatur
1303 1127 1738 1212 Regeneratio,
1790 1127 2015 1214 absque
2053 1129 2166 1192 bac
2207 1121 2515 1194 inclinatio

411 1232 509 1295 illa
551 1253 674 1294 non
717 1230 894 1294 modo
933 1250 1051 1293 non
1097 1228 1425 1315 interrupta
1473 1238 1700 1302 manet,
1755 1229 1858 1293 sed
1897 1230 2074 1293 etiam
2109 1251 2142 1294 a
2171 1231 2517 1297 successivis

411 1332 751 1421 parentibus
794 1332 1111 1406 accrescit,
1152 1330 1577 1417 et‘proclivior
1613 1330 1688 1393 ad
1729 1331 1883 1394 mala
1913 1328 2005 1404 fit,
2060 1342 2122 1395 et
2160 1332 2396 1396 tandem
2434 1333 2514 1397 ad

411 1455 595 1496 omne*
625 1452 808 1519 genus
847 1454 1085 1496 eorum:
1141 1431 1278 1494 inde
1305 1440 1428 1506 est,
1482 1432 1641 1516 quod
1671 1431 1888 1496 Judaei
1929 1429 2125 1496 adhuc
2159 1434 2272 1498 sint
2300 1432 2514 1520 imagi-

413 1556 516 1600 nes
541 1534 579 1597 J
589 1536 734 1600 udae
760 1534 944 1620 patris
970 1554 1199 1607 eorum,
1237 1533 1336 1619 qui
1366 1532 1812 1596 Canaanitidem
1839 1533 1899 1595 in
1931 1554 2172 1597 uxorem
2202 1533 2396 1609 duxit,
2449 1544 2512 1598 et

408 1657 479 1702 ex
506 1635 797 1700 adulterio
826 1653 958 1698 cnm
987 1632 1286 1696 Thamare
1325 1653 1481 1696 nuru
1520 1654 1625 1698 sua
1662 1644 1780 1697 tres
1806 1655 2014 1698 eorum
2039 1634 2248 1722 stirpes
2272 1636 2508 1720 genuit,

408 1736 735 1823 quare·hoc
760 1733 1222 1800 haereditarium
1250 1754 1522 1810 successu
1560 1736 1842 1820 temporis
1870 1737 2025 1821 apud
2053 1735 2185 1800 illos
2210 1736 2294 1800 ita
2322 1737 2510 1801 adau-

409 1846 566 1901 ctum
607 1846 731 1911 est,
781 1856 963 1922 usque
1007 1844 1068 1898 ut
1105 1856 1224 1896 non
1273 1834 1493 1921 possint
1533 1836 1805 1923 amplecti
1843 1836 2186 1922 religionem
2226 1836 2509 1901 Christia-

410 1959 544 2002 nam
586 1960 656 2002 ex
695 1935 807 2000 fide
849 1937 1068 1999 cordis:
1122 1936 1371 2013 dicitnr,
1425 1939 1584 2023 quod
1620 1958 1739 2001 non
1770 1938 2019 2024 possint,
2073 1939 2210 2024 quia
2257 1938 2508 2003 interior

408 2040 618 2105 mentis
653 2058 858 2103 eornm
902 2038 1174 2102 voluntas
1211 2038 1593 2113 adversatur,
1646 2049 1705 2102 et
1742 2036 1891 2102 haec
1932 2040 2203 2106 voluntas
2241 2041 2341 2104 dat
2382 2062 2504 2105 non

410 2159 592 2227 posse.
972 2189 977 2194 -
2467 2153 2476 2158 '

560 2246 708 2305 522.
765 2240 940 2320 Quod
968 2261 1140 2304 omne
1181 2241 1400 2304 malum
1439 2240 1548 2304 nisi
1587 2249 1958 2316 removetur,
2011 2243 2168 2328 apud
2198 2240 2503 2307 hominem

407 2351 675 2418 maneat,
728 2352 785 2408 et
824 2342 980 2429 quod
1022 2340 1200 2406 horno
1237 2342 1283 2405 si
1313 2341 1370 2405 in
1412 2343 1530 2407 suis
1559 2342 1725 2406 malis
1752 2352 1982 2418 manet,
2034 2365 2151 2407 non
2181 2343 2361 2432 possit
2386 2344 2524 2410 sal--

406 2446 568 2519 vari,
622 2466 692 2507 ex
733 2467 798 2508 se
835 2444 1241 2530 consequitut;
1295 2443 1456 2529 quod
1495 2465 1613 2507 non
1654 2444 1893 2530 aliquod
1929 2446 2146 2510 malum
2183 2446 2369 2530 possit
2408 2467 2503 2510 re-

407 2547 631 2609 moveri
679 2546 785 2610 uisi
829 2568 862 2610 a
903 2545 1164 2609 Domino
1204 2545 1357 2632 apud
1403 2543 1535 2608 illos
1576 2544 1678 2629 qui
1732 2546 1980 2609 credunt
2030 2547 2087 2609 in
2137 2547 2370 2637 Ipsum,
2440 2555 2502 2611 et

403 2655 606 2713 amant
632 2650 993 2732 proximum,
1045 2668 1116 2709 ex
1144 2645 1430 2711 anteactis
1467 2646 1775 2710 evidenter
1813 2657 2084 2711 constare
2113 2656 2334 2735 potest;
2390 2648 2532 2711 ίαν»,

405 2749 604 2835 primis
641 2770 711 2812 ex
751 2749 839 2813 his
871 2749 929 2810 in
957 2747 1164 2831 Capite
1188 2748 1262 2811 de
1293 2747 1341 2810 F
1343 2765 1489 2820 mn,-
1531 2747 1708 2827 Quod
1739 2747 2068 2823 Dominus,
2123 2747 2408 2817 Charitas
2442 2763 2502 2814 et

401 2848 590 2914 Fides
610 2847 1079 2939 ›unumfaciant‚
1133 2853 1289 2912 sicut
1312 2851 1478 2922 vita,
1533 2846 1828 2912 voluntas
1856 2863 1913 2913 ez
1942 2847 2275 2914 intellectus
2293 2892 2314 2924 ,-
2361 2864 2419 2915 et
2442 2853 2504 2914 si

403 2949 780 3026 dzbiclwztur,
836 2948 1273 3042 unumquodvis
1303 2963 1513 3041 pereat
1549 2951 1704 3013 sicut
1736 2948 1899 3014 Unio
1930 2949 2178 3042 dilapsa
2218 2954 2284 3025 in.
2312 2947 2500 3043 polli-
2577 2940 2584 2953 ⁴

402 3074 533 3117 nem
548 3087 567 3128 ·‚
622 3054 699 3118 Et
735 3072 807 3117 ex
848 3050 938 3117 his
974 3053 1087 3127 ibi,
1146 3051 1333 3136 Quod
1366 3050 1664 3117 Dominus
1703 3054 1784 3114 sit
1814 3050 2096 3121 Charitas
2132 3066 2195 3117 et
2217 3051 2407 3117 Fides
2435 3056 2499 3117 in

404 3151 666 3228 homine,
721 3167 778 3219 et
816 3152 984 3246 qaod
1006 3151 1184 3218 houm
1221 3156 1299 3217 siz
1330 3151 1616 3217 Charitas
1642 3166 1712 3216 etr
1726 3152 1916 3217 Fides
1945 3153 2007 3215 in
2035 3153 2313 3218 Domino.
2379 3153 2496 3218 Sed

401 3255 723 3340 quaeritur,
778 3254 1078 3341 quomodo
1103 3255 1285 3335 ¹homo
1311 3254 1371 3316 in
1401 3253 1558 3318 illam
1589 3254 1864 3319 unionem
1895 3255 2119 3318 intrare
2148 3263 2358 3341 potest,
2401 3273 2496 3318 re·->

397 3357 739 3444 spondetur,
786 3356 946 3442 qued
977 3376 1093 3419 non
1125 3356 1484 3442 possit,‘nisi
1505 3356 1660 3418 mala
1685 3372 1791 3418 ‘sua
1820 3353 2017 3441 quoad
2047 3363 2271 3442 partem
2302 3370 2500 3419 remo-

401 3465 539 3523 veat
577 3479 682 3545 per
722 3458 1172 3546 paenitentiam:
1228 3456 1470 3530 dicitur,
1524 3466 1589 3518 ut
1613 3454 2158 3530 homoremoveat,
2211 3457 2347 3543 quia
2366 3456 2497 3520 'Do-

400 3558 590 3622 minus
633 3558 858 3646 absque
902 3554 1319 3641 cooperatione
1364 3552 1617 3620 hominis
1663 3578 1782 3620 non
1825 3556 2161 3621 immediate
2216 3558 2273 3621 id
2322 3556 2491 3631 sacit;

399 3656 557 3742 quod
587 3656 764 3721 etiam
807 3656 864 3719 in
898 3656 1105 3720 eodem
1136 3655 1373 3742 Capite,
1427 3665 1485 3717 et
1513 3656 1584 3718 in
1600 3667 1881 3744 sequente
1921 3658 1993 3721 de
2021 3657 2261 3723 Lim-:no
2302 3658 2493 3722 Aum-

397 3758 797 3844 Tu10‚plene
826 3767 1119 3821 ostensum
1150 3764 1251 3820 est.

553 3862 702 3921 523.
761 3857 1148 3935 Pet-hibetur,
1215 3858 1386 3946 quod
1411 3879 1585 3924 nemo
1626 3860 1809 3948 pessit
1845 3858 2092 3947 implere
2131 3795 2381 3947 Legem,
2433 3869 2495 3925 et

395 3979 469 4022 eo
499 3958 709 4036 minus,
760 3959 1040 4048 quoniam
1064 3959 1167 4046 qui
1196 3960 1640 4049 praevaricatur
1667 3971 1874 4028 contra
1899 3981 2083 4027 unum
2113 3972 2508 4051 praeceptum-

394 4058 710 4148 Decalogi,
762 4061 1206 4150 praevaricatur
1244 4072 1451 4128 contra
1491 4061 1720 4126 omnia:
1778 4061 1982 4128 verum
2017 4060 2167 4128 haec
2192 4062 2495 4151 loquutio-

395 4160 485 4225 nis
523 4157 777 4230 formula
822 4184 940 4228 nou
984 4172 1075 4229 est
1114 4165 1262 4230 sicut
1300 4173 1502 4237 sonat,·
1539 4206 1546 4211 -
1585 4176 1723 4225 nam
1770 4161 1883 4228 hoc
1913 4164 2014 4229 ita·
2046 4163 2492 4252 intelligendum
2569 4198 2578 4207 —

395 4271 511 4340 est,
567 4264 724 4352 quod
766 4266 864 4352 qui
911 4284 982 4330 ex
1014 4265 1329 4353 proposito
1371 4266 1473 4327 aut
1513 4260 2022 4350 confirmato-agit
2062 4273 2269 4331 contra
2304 4285 2492 4329 unum
