2750 4775
730 392 1008 449 luunx
1045 392 1790 470 mumonammum.
2199 407 2305 460 587

195 545 480 612 XXXIX.
537 545 856 626 Quondam
902 542 1113 632 aliquis
1148 546 1401 631 Spiritus
1441 549 1742 633 angelicus
1786 547 2102 615 ittustravit
2147 570 2306 629 an

297 648 496 713 Frons
520 668 598 712 ΒΤ
624 648 972 719 (luamus,
1027 658 1084 710 et
1114 648 1254 734 quid
1282 649 1624 734 conjunctio
1652 650 1885 713 illarum
1918 651 2122 724 efficit,
2176 653 2307 717 illu·

294 749 516 813 stravit
551 748 609 811 id
641 770 746 836 per
771 749 1276 833 comparationem
1307 771 1440 812 cum
1475 749 1633 814 Luce
1660 760 1719 813 et
1748 750 1993 824 Calore,
2049 774 2204 838 quae
2243 754 2306 817 in

298 871 425 914 uno
463 851 642 914 tertio
682 851 1073 923 conveniunt,
1125 850 1263 937 quia
1302 850 1433 917 Lux
1482 851 1539 913 in
1584 851 1764 916 Caelo
1808 852 1869 913 in
1912 853 2160 917 essentia
2198 875 2306 918 sua

295 961 389 1017 est
420 949 642 1015 Verum
671 949 838 1024 fidei,
891 960 950 1013 et
978 950 1157 1014 Caior
1183 951 1262 1013 ibi
1292 951 1348 1013 in
1379 952 1626 1015 essentia
1654 974 1757 1016 sua
1787 961 1870 1015 est
1901 952 2136 1017 Bonum
2167 953 2307 1017 cha·

298 1052 524 1123 ritatis,
581 1051 823 1139 proinde
865 1052 1025 1137 quod
1074 1053 1230 1116 sicut·
1264 1053 1392 1116 Lux
1436 1053 1658 1139 absque
1706 1053 1937 1128 calore,
1988 1055 2176 1138 quaiis
2218 1064 2308 1120 est

298 1163 572 1240 tempore
615 1152 847 1242 hyemis
895 1152 954 1214 in
1000 1152 1257 1227 Mundo,
1330 1153 1592 1217 denudat
1637 1155 1882 1218 arbores
1926 1175 1961 1217 a
2006 1153 2191 1229 foliis,
2245 1164 2307 1219 et

297 1253 624 1328 fructibu8‚
690 1255 768 1316 ita
819 1250 963 1319 fides
1008 1254 1232 1340 absque
1285 1252 1604 1325 charitate3
1675 1264 1733 1317 et
1779 1255 1933 1341 quod
1982 1255 2133 1318 sicut
2176 1256 2307 1319 Lux

132 1421 154 1451 x
299 1355 628 1438 coniuncta
650 1354 866 1426 calori,
921 1355 1109 1440 qualis
1136 1364 1223 1418 est
1248 1364 1515 1442 tempore
1547 1358 1734 1429 veris,
1788 1354 2047 1421 vivificat
2085 1358 2304 1433 omnia,

301 1458 384 1520 ita
417 1454 562 1519 fides
585 1456 901 1540 conjuncta
932 1454 1234 1531 charitati,
1278 1476 1344 1516 n:
1391 1459 1535 1518 385.

200 1559 325 1624 XL.
385 1555 568 1637 Quod
605 1556 724 1619 duo
769 1555 979 1639 Angeli
1023 1555 1471 1630 descenderint,
1523 1578 1673 1621 unus
1718 1580 1750 1620 e
1791 1556 1987 1621 Caeio‘
2016 1558 2308 1622 Orientali

305 1658 410 1723 ubi
440 1659 499 1721 in
530 1677 733 1721 amore
772 1666 939 1732 sunt,
992 1666 1052 1719 et
1092 1657 1244 1720 alter
1288 1680 1318 1720 e
1360 1657 1542 1722 Caelo
1583 1658 1946 1722 meridionali
1985 1658 2088 1722 ubi
2114 1659 2175 1722 in
2213 1681 2307 1724 sa-

304 1759 529 1848 pientia
585 1769 751 1831 sunt,
818 1778 887 1820 ac
930 1756 1156 1844 loquuti
1202 1759 1272 1820 de
1327 1761 1574 1823 essentia
1616 1758 1925 1833 Caelorum
1977 1781 2114 1823 num
2157 1770 2308 1825 esset

304 1862 495 1925 Amor
526 1860 619 1921 vel
661 1879 800 1921 num
839 1859 1168 1946 Sapientia,
1225 1869 1282 1921 et
1324 1871 1762 1935 convenerunt,
1814 1859 1968 1946 quod
2009 1861 2093 1925 sit·
2119 1858 2308 1929 Amor

306 1971 367 2024 et
395 1960 529 2025 inde
557 1960 889 2048 Sapientia;
946 1959 1189 2046 proinde
1231 1961 1393 2043 quod
1435 1960 1594 2023 Caeli
1627 1982 1660 2024 a
1694 1961 1821 2024 Deo
1863 1962 2042 2026 creati
2084 1962 2197 2025 sint
2236 1984 2306 2026 ex

309 2061 532 2126 Amore
562 2082 665 2147 per
690 2061 1087 2146 Sapientiam,
1131 2082 1202 2123 ιι.
1249 2064 1396 2124 386.

209 2161 365 2226 XLI.
423 2162 595 2244 Quod
625 2172 752 2248 post
782 2161 923 2224 iilud
952 2162 1295 2225 intraverim
1325 2162 1616 2249 quendam
1653 2162 1927 2238 Hortum,
1966 2163 2064 2226 ubi
2095 2185 2128 2227 a
2159 2186 2305 2250 quo—

318 2266 448 2327 dam
502 2265 726 2352 Spiritu
776 2263 1207 2327 circumductus
1259 2284 1420 2336 sum,
1484 2273 1542 2325 et
1588 2265 1825 2326 tandem
1872 2263 1945 2326 ad
1992 2264 2304 2340 Palatium,

227 2384 230 2392 ’
315 2366 470 2451 quud
499 2365 823 2429 vocabatur
849 2363 1172 2429 Temenum
1194 2361 1603 2439 Summum,
1658 2366 1815 2450 quod
1848 2376 1977 2429 erat
2010 2366 2306 2453 quadran-

320 2467 539 2550 gulare,
570 2468 819 2552 parietes
844 2487 915 2529 ex
942 2466 1240 2553 crystallo,
1279 2473 1496 2528 tectum
1528 2486 1599 2528 ex
1628 2465 1867 2551 jaspide,
1893 2468 2209 2533 substratio
2237 2489 2314 2532 ex

323 2568 496 2631 variis*
519 2565 808 2654 lapidibus
841 2568 1137 2651 pretiosis;
1181 2577 1237 2629 et
1265 2566 1431 2640 dixit,
1471 2566 1630 2652 quod
1672 2589 1845 2632 nemo
1877 2569 1933 2631 in
1962 2568 2103 2634 iliud
2130 2571 2309 2658 possit

277 2713 288 2716 -
332 2666 573 2744 intrare,
604 2671 707 2733 nisi
738 2669 836 2754 qui
861 2668 1081 2741 credit,
1122 2669 1278 2752 qnod
1306 2668 1361 2729 id
1395 2668 1550 2753 quod
1577 2669 1714 2740 scit.
1755 2669 2024 2753 intelligit
2051 2671 2306 2762 etsapit,

326 2766 400 2830 ad
425 2769 479 2831 id
513 2770 668 2856 quod
712 2789 827 2832 non
870 2770 1007 2840 scit,
1065 2768 1331 2854 intelligit
1370 2779 1429 2831 et
1471 2769 1656 2854 sapit,
1707 2771 1781 2832 sit
1820 2770 2143 2856 respective
2186 2780 2308 2834 tam

322 2891 523 2954 parum
557 2880 617 2933 ut
650 2869 743 2932 vix
771 2869 1134 2954 aliquid„et
1164 2871 1299 2953 qnia
1328 2889 1439 2953 ego
1480 2869 1538 2931 id
1580 2870 1924 2944 credebam,
1980 2869 2178 2932 datum
2220 2880 2311 2935 est

316 2971 535 3035 intrare
559 3022 573 3045 ‚
629 2981 685 3034 et
716 2971 900 3035 visum
929 2981 1017 3032 est
1046 2971 1201 3056 quod
1230 2979 1417 3032 totum
1460 2968 1600 3033 illud
1629 2979 2026 3033 constructum
2055 2979 2208 3034 esset
2233 2970 2311 3034 ad

311 3071 565 3136 formam
595 3072 756 3136 lucis.
840 3071 904 3134 In
934 3073 1183 3158 Templo
1220 3072 1317 3134 iun
1354 3071 1558 3146 retuli,
1613 3091 1762 3155 qnae
1795 3091 1981 3155 nuper
2009 3069 2208 3134 audivi
2236 3090 2309 3133 ex

315 3173 474 3238 binis
490 3171 731 3261 Angelis
758 3174 827 3237 de
857 3171 1075 3237 Amore
1104 3183 1162 3236 et
1188 3172 1508 3258 Sapientia,
1551 3181 1607 3235 et
1636 3172 2070 3255 quaesiverunt,
2109 3190 2309 3234 annon

313 3274 748 3360 etiamioquuti
778 3283 913 3338 sunt
953 3275 1023 3337 de
1062 3274 1303 3345 Tertio,
1355 3271 1513 3356 quod
1549 3281 1632 3335 est
1675 3270 1856 3344 Usus,
1913 3283 1971 3335 et
2016 3272 2311 3350 dixerunt,

313 3375 473 3462 quud
503 3374 690 3440 Amor
720 3384 776 3438 et
802 3376 1101 3459 Sapientia
1131 3374 1355 3457 absque
1386 3370 1510 3435 Usu
1545 3373 1657 3434 sint
1687 3372 1861 3434 modo
1889 3373 2047 3438 entia
2078 3373 2309 3451 ideafia,

207 3511 218 3518 ·
307 3477 416 3541 sed
445 3478 601 3563 qnod
630 3476 687 3538 in
719 3475 841 3539 Usu
875 3475 1015 3548 fiant
1047 3474 1257 3539 realia:
1312 3482 1368 3537 et
1405 3473 1559 3555 quod
1592 3474 1776 3536 simile
1812 3477 1887 3538 sit
1929 3489 2079 3537 cum„
2103 3474 2310 3539 Chari-

313 3585 456 3651 tat'e‚
499 3578 646 3642 Fide
672 3587 729 3641 et
760 3576 943 3640 Bonis
970 3577 1298 3661 Operibus,
1350 3595 1425 3636 n:
1474 3578 1619 3638 387.

212 3679 396 3743 Xth.
455 3678 631 3757 Quod
662 3699 810 3741 unus
836 3700 905 3740 ex
933 3678 1223 3742 Draconis
1255 3677 1554 3764 spiritibus
1594 3675 1934 3741 invitaverit
1977 3697 2073 3739 me
2109 3676 2182 3739 ad
2228 3678 2312 3741 vi-

313 3782 570 3843 dendum
597 3780 849 3864 jucunda
880 3779 1100 3842 amoris
1129 3780 1248 3852 sui,
1303 3787 1362 3840 et
1386 3776 1629 3841 deduxit
1671 3799 1761 3840 me
1800 3778 1873 3840 ad
1915 3777 2208 3865 quoddam
2236 3778 2314 3841 si·

311 3879 452 3946 mile
494 3880 1028 3952 AMPmmEA'Tno,
1086 3900 1262 3963 super
1302 3879 1465 3964 cujus
1506 3879 1756 3943 scamnis
1791 3879 2075 3943 sedebant
2112 3875 2314 3967 Satyri

309 3992 371 4046 et
403 3982 773 4054 Meretricem,
829 3988 887 4042 et
919 3990 1068 4042 tunc
1103 3980 1268 4054 dixit,
1299 3991 1465 4042 'ntrnc
1492 3978 1728 4041 ›videbis
1754 3979 1984 4045 Ludum
2029 3987 2314 4056 nostrum,

312 4105 385 4147 ac
414 4084 640 4169 aperuit
667 4092 929 4169 portam,
982 4091 1039 4144 et
1080 4080 1316 4142 immisit
1344 4080 1492 4143 sicut
1530 4078 1842 4161 juvenem,
1888 4081 2127 4155 arietes,
2174 4080 2314 4143 hae-

217 4231 222 4236 .
313 4184 421 4248 dos
449 4194 505 4247 et
536 4203 752 4270 agnos,
804 4192 862 4244 et
892 4202 1025 4244 mox
1055 4180 1357 4266 per-aliam
1388 4186 1614 4266 portam
1644 4179 1881 4243 immisit
1908 4182 2126 4257 leones,
2170 4193 2316 4267 pan-

314 4284 543 4360 theras,
597 4284 838 4370 tigrides
865 4294 922 4347 et
951 4282 1149 4370 lupos,
1203 4279 1301 4367 qui
1328 4279 1633 4344 irruebant
1658 4282 2017 4440 intreiem,
2062 4290 2122 4345 et
2149 4278 2312 4345 iilum

1787 4377 1833 4440 b.
