2750 4775
468 383 577 432 280
695 371 890 426 UNI&
930 371 1156 424 ERSA
1201 371 1737 425 TIIEOLOGIA
1782 371 1849 428 R.
1890 370 1955 422 C.
1998 370 2109 423 ET
2152 369 2220 424 N.
2260 369 2326 423 Ε.

467 548 503 591 a
551 524 1022 613 promulgatione
1072 522 1361 608 Decalogi
1399 543 1577 611 super
1622 521 1830 589 Monte
1880 523 2075 598 Sinai,
2130 532 2190 585 et
2228 523 2546 588 continuata

469 647 576 718 per
601 626 862 691 Verbum
894 646 927 688 a
956 626 1125 691 'Mose
1165 633 1226 687 et
1250 623 1565 712 Prophetis
1590 624 2017 710 conscriptum,
2072 635 2135 688 et
2173 633 2550 689 consummata

468 749 572 795 seu
597 727 761 792 linita
793 749 897 815 per
925 725 1459 812 prophanationem
1484 725 1699 801 Verbi,
1752 727 1921 814 cujus
1945 726 2254 814 plenitudo
2284 726 2392 790 fuit
2426 734 2553 788 tem·

471 849 649 919 pore,
699 851 818 916 quo
859 828 1147 892 Dominus
1172 827 1231 889 in
1260 826 1550 892 Mundum
1580 827 1778 901 venit,
1827 847 2010 915 quare
2049 826 2292 915 Ipsum,
2343 828 2437 913 qui
2464 826 2555 889 fuit

468 929 768 1005 Verbum,
817 926 1249 992 crucifixerunt.
1342 926 1572 1008 Quarta
1616 927 1879 994 Ecclesia
1909 938 1992 993 est
2020 927 2365 993 Christiana
2394 949 2427 991 a
2452 926 2555 991 Do-

2657 365 2670 548 ἡ

470 1032 633 1100 mino
680 1052 782 1118 per
827 1028 1237 1118 Evangelistas
1279 1038 1340 1092 et
1382 1028 1697 1116 Apostolos
1744 1030 2112 1103 instaurata;
2190 1028 2381 1116 hujus
2407 1029 2555 1091 binae
2668 1063 2669 1120 4

473 1130 750 1219 Epochae
778 1131 1050 1207 luerunt,
1103 1151 1222 1195 una
1248 1151 1284 1194 a
1318 1141 1585 1215 tempore
1614 1130 1856 1195 Domini
1900 1152 2085 1218 usque
2137 1131 2216 1195 ad
2257 1129 2556 1194 Concilium
2668 1131 2669 1140 ’

469 1232 833 1308 Nicaenum,
882 1242 941 1295 et
970 1234 1156 1296 altera
1183 1231 1261 1296 ab
1287 1230 1390 1296 illo
1419 1229 1685 1296 Concilio
1715 1253 1897 1319 usque
1924 1233 1999 1297 ad
2039 1232 2370 1296 hodienum
2397 1230 2559 1300 dicun

469 1354 678 1398 verum
709 1333 856 1397 haec
885 1333 943 1396 in
973 1353 1289 1421 progressu
1316 1332 1610 1421 tripartita
1634 1342 1756 1408 est,
1809 1334 1868 1397 in
1897 1331 2236 1409 Graecam,
2284 1332 2556 1396 Romano-

471 1434 871 1512 Catholicam,
925 1444 984 1497 et
1011 1432 1453 1507 Reformatam;
1502 1441 1761 1498 attamen
1791 1457 1997 1500 omnes
2024 1434 2142 1499 hae
2173 1441 2426 1499 vocatae
2446 1439 2560 1496 sunt

474 1534 860 1602 Christianae.
939 1537 1256 1602 Praeterea
1307 1535 1462 1600 intra
1508 1536 1778 1622 quamvis
1804 1535 2151 1601 -Ecclesiam
2208 1552 2554 1599 communem

472 1635 713 1702 fuerunt
759 1637 953 1727 plures
999 1636 1414 1725 particulares,
1467 1658 1621 1722 quae
1660 1638 1895 1702 tametsi
1939 1646 2354 1711 recesserunt,
2403 1643 2556 1719 usque

468 1760 687 1803 nomen
718 1760 750 1802 a
781 1737 1091 1804 Communi
1124 1737 1528 1812 retinuerunt,
1582 1739 1733 1802 sicut
1760 1736 2036 1806 haereses
2060 1740 2127 1802 in
2152 1737 2495 1802 Christiana.

627 1844 771 1904 ⁷61.
818 1838 993 1921 Quod
1024 1839 1291 1901 ultimum
1321 1848 1551 1925 tempus
1579 1838 1877 1904 Ecclesiae
1905 1838 2429 1914 Christianae,·sit
2452 1836 2551 1922 ipsa

469 1942 644 2017 Nox,
704 1941 765 2004 in
812 1961 990 2028 quam
1045 1939 1343 2003 desierunt
1388 1942 1644 2028 priores,
1711 1951 1939 2005 constat
1984 1962 2057 2004 ex
2104 1940 2359 2005 Domini
2399 1938 2549 2001 Prae·

471 2042 729 2106 dictione
784 2041 855 2104 de
907 2041 1002 2104 illa
1057 2041 1213 2126 apud
1252 2039 1663 2128 Evangelistas
1704 2050 1761 2104 et
1802 2042 1955 2128 apud
2006 2042 2360 2110 Danielenn
2421 2035 2548 2123 apud

472 2142 883 2229 Evangelistas
909 2162 980 2205 ex
1005 2139 1097 2208 his
1130 2141 1363 2226 „Quod
1385 2146 1587 2208 visuri
1620 2146 1740 2209 sint
1763 2140 2308 2208 Abominationem
2343 2136 2547 2206 desola-

474 2247 658 2309 tionis
675 2293 690 2320 ,
742 2257 800 2309 et
824 2240 992 2334 quod
991 2238 1225 2330 futura
1247 2246 1328 2307 sit
1356 2247 1610 2338 afflictio
1636 2267 1889 2334 magna,
1939 2243 2146 2338 qualis
2191 2269 2318 2310 uon
2337 2238 2467 2330 fitit
2485 2236 2548 2302 ab

479 2348 651 2410 initio
691 2342 950 2418 Mundi,
1006 2368 1194 2438 usque
1232 2368 1421 2422 nunc,
1475 2367 1582 2412 nec
1598 2345 1757 2439 fiet.-
1806 2359 1864 2412 et
1901 2344 2071 2435 quod
2109 2350 2238 2412 nisi
2273 2342 2545 2411 abbrevia-

474 2458 680 2510 rentar
716 2444 847 2510 dies
889 2444 1013 2521 illi,
1068 2445 1243 2511 nulla
1283 2470 1428 2512 caro
1464 2447 1698 2513 salvari
1730 2462 1972 2541 posset:
2023 2462 2081 2513 et
2125 2449 2418 2542 denique,
2460 2436 2549 2506 Sol

477 2545 922 2622 obscurabitur,
977 2549 1155 2614 Luna
1181 2572 1303 2612 non
1330 2547 1501 2614 dabit
1529 2547 1726 2614 lumen
1754 2574 1961 2626 suum,
2013 2564 2070 2614 et
2094 2545 2333 2615 Stellae
2364 2542 2544 2610 cadem

473 2646 553 2713 de
583 2646 838 2725 Caela,“
890 2648 1099 2712 Manli.
1149 2648 1381 2713 XXIV:
1430 2654 1528 2713 15.
1562 2655 1663 2714 21.
1695 2655 1799 2714 22.
1836 2654 1939 2713 29.
2021 2649 2170 2715 Illud
2212 2663 2438 2734 tempus
2463 2664 2542 2705 vo·

473 2758 643 2814 catur
667 2749 807 2815 Nox
832 2750 1006 2813 etiam
1037 2751 1173 2814 alibi
1204 2750 1356 2837 apud
1388 2752 1828 2838 Evangelistas‚
1882 2760 1946 2816 ut
1987 2752 2139 2837 apud
2179 2752 2407 2817 Lucam
2451 2743 2542 2821 „11¹

472 2852 674 2921 Nocte
701 2849 813 2917 illa
837 2865 1008 2916 erunt
1034 2851 1157 2917 duo
1184 2875 1366 2944 super
1401 2850 1552 2918 lecto
1580 2878 1732 2926 uno,
1775 2877 1932 2916 unus
1957 2854 2382 2945 acceptabitur,
2418 2844 2546 2913 alter

470 2975 623 3019 vero
649 2951 1011 3025 deseretur‚“
1064 2952 1267 3018 XVII:
1318 2954 1433 3026 843
1487 2963 1548 3017 et
1585 2954 1739 3039 apud
1768 2953 2138 3030 Johannem,
2192 2955 2310 3020 Me
2348 2956 2541 3045 oportet

474 3060 717 3148 operari
765 3078 949 3149 opera
1004 3054 1212 3145 Ipsius
1259 3056 1370 3145 qui
1419 3058 1576 3149 misit
1623 3055 1766 3130 Me,
1833 3058 2034 3120 veniet
2079 3056 2276 3133 Nox,
2329 3044 2538 3147 quando

473 3178 645 3222 nemo
661 3161 883 3248 poterit
921 3158 1188 3247 operari,
1236 3155 1356 3218 IX:
1406 3157 1461 3217 4.
1545 3155 1840 3235 Quoniam
1887 3155 2074 3220 omnis
2106 3157 2239 3220 Lux
2276 3158 2336 3220 in
2380 3148 2537 3217 media

472 3267 647 3325 nocte
698 3256 855 3333 ahit,
908 3267 967 3320 et
1010 3256 1299 3320 Dominus
1337 3266 1425 3321 est
1465 3278 1607 3321 vera
1648 3257 1806 3333 Lux,
1854 3256 1995 3321 Joh.
2042 3257 2100 3320 l:
2153 3259 2208 3320 4.
2256 3279 2375 3344 seq.
2423 3251 2535 3334 cap.

473 3357 653 3424 VIII:
701 3361 800 3422 12.
871 3358 1012 3446 Cap.
1054 3357 1204 3422 XII:
1261 3361 1362 3421 35.
1410 3361 1515 3422 36.
1558 3360 1661 3422 46.
1713 3356 1846 3422 ideo
1903 3357 1979 3422 ad
2023 3358 2384 3445 Discipulos,
2432 3367 2534 3414 0⁰¹⁸

472 3459 735 3523 ascendit
760 3459 822 3522 in
849 3458 1090 3522 Caelum
1109 3508 1123 3532 ,
1177 3459 1357 3533 dixit,
1411 3459 1550 3548 Ego
1576 3458 1889 3524 vobiscum
1916 3480 2049 3525 sum
2076 3484 2267 3551 usque
2304 3456 2392 3523 ad
2410 3453 2532 3519 Con·

474 3558 928 3624 summationem
975 3558 1238 3635 saeculi,
1309 3560 1518 3625 Matth.
1563 3558 1855 3624 XXVIII:
1900 3562 2006 3634 20,
2060 3570 2119 3623 et
2161 3571 2305 3625 tunc
2343 3559 2414 3623 ab
2448 3549 2534 3616 illis

474 3656 550 3720 ad
576 3656 813 3722 Novam
844 3659 1166 3723 Ecclesiam
1194 3660 1334 3723 abit.
1416 3662 1589 3742 Quod
1634 3659 1900 3724 ultimum
1938 3654 2059 3726 hoc*
2094 3669 2329 3750 tempus
2364 3651 2531 3723 Eccle·

473 3758 593 3823 siae
620 3759 694 3823 sit
722 3754 844 3845 ipsa
871 3759 1039 3833 Nox,
1090 3759 1149 3820 in
1179 3780 1352 3844 quam
1384 3761 1679 3825 desierunt
1710 3761 2002 3826 Ecclesiae
2033 3762 2288 3851 priores,
2341 3758 2532 3825 consti·t

471 3859 649 3941 etiam
680 3858 834 3948 apud
875 3858 1183 3923 Danielem
1223 3880 1301 3923 ex·
1341 3861 1463 3936 his,
1522 3862 1792 3929 Tandem
1837 3885 2020 3955 saper
2055 3887 2220 3928 avem
2263 3859 2527 3930 abomina-

472 3963 698 4027 tionum
726 3957 1071 4036 Desolata,
1126 3973 1184 4026 et
1223 3984 1410 4053 usque
1449 3962 1537 4029 ad
1576 3963 2156 4029 Consummationem
2194 3979 2252 4029 et
2291 3963 2529 4031 Decii-um

474 4059 733 4127 stillabit
785 4084 970 4155 super
1018 4061 1533 4140 Damnationem,
1567 4064 1742 4152 Cap.
1801 4064 1920 4130 IX:
1972 4069 2076 4140 27,
2131 4067 2290 4153 quod
2339 4065 2439 4128 hoc
2471 4054 2524 4117 de

473 4162 772 4228 Ecclesiae
800 4162 1171 4228 Christianae
1199 4162 1313 4228 fine
1342 4164 1706 4249 praedictum
1735 4165 1841 4242 sit,
1893 4174 2054 4255 patet
2080 4167 2238 4231 clare
2269 4189 2300 4231 a
2329 4151 2525 4230 Domini

477 4262 704 4343 verbis,
772 4250 982 4329 Matth.
1029 4262 1262 4329 XXIV:
1324 4268 1442 4325 15:
1511 4274 1635 4327 tum
1681 4285 1751 4329 ex
1795 4264 1885 4331 his
1938 4267 2092 4356 apud
2139 4266 2433 4333 Danielem
2469 4255 2521 4319 dt
2626 4296 2635 4345 l
