2750 4775
876 345 1003 408 lx„
1050 344 1691 399 PAENITENTIA.
2267 358 2337 407 65

243 498 510 585 explorat
548 520 639 574 se,
695 507 753 561 et
782 495 1024 562 offendit
1062 498 1494 586 aliquod-apud
1533 503 1625 575 se,
1678 508 1735 561 et
1775 520 1969 565 secum
1998 499 2169 578 dicit,
2219 499 2335 567 hoc

240 600 465 665 malum
509 608 595 665 est
632 586 970 687 peccatum,
1023 609 1081 662 et
1136 620 1206 661 ex
1246 598 1458 663 timo're
1503 619 1722 686 paenae
1762 609 2035 666 aeternae
2081 604 2336 670 abstinet

241 706 324 765 ab
360 700 491 764 illo:
555 709 696 763 tunc
746 702 994 787 primum
1050 700 1425 765 praedicatio
1478 700 1823 764 instructiva
1861 712 1919 765 et
1977 704 2236 769 oratoria
2270 705 2332 769 in

238 801 542 889 Templis,
591 802 873 890 recipitur
911 811 1164 888 utraque
1202 822 1379 875 aure,
1431 811 1487 863 et
1515 801 1768 865 infertur
1794 800 1851 865 in
1880 823 2014 878 cor,
2070 803 2333 870 ethome

238 924 315 968 ex
346 922 577 992 pagano
607 901 667 965 lit
698 901 1078 969 Christianus.

413 1007 557 1067 526.
632 1003 793 1083 Quid
838 1004 1037 1068 notius
1079 1013 1270 1090 potest
1315 1024 1439 1068 esse
1477 1003 1548 1066 -in
1597 1012 1724 1068 toto
1769 1002 2102 1068 Christiano
2150 1002 2334 1081 Orbe,

239 1128 422 1194 quam
450 1106 608 1191 quod
635 1105 937 1169 hominem
963 1115 1231 1193 oporteat
1261 1127 1321 1168 se
1348 1104 1690 1188 explorare,
1746 1126 1883 1169 nam
1913 1104 2104 1169 ubivis
2129 1103 2191 1169 in
2218 1103 2336 1168 Im·

242 1209 422 1296 periis
473 1218 532 1270 et
589 1208 810 1292 Reguis
856 1217 977 1271 tam
1027 1203 1674 1271 Romano-Catholicae
1718 1228 1895 1292 quarn
1944 1205 2339 1294 Evangelicae

241 1309 541 1394 Religioni
583 1308 860 1384 addictis,
913 1317 1050 1371 ante
1084 1308 1477 1371 accessionem
1509 1308 1583 1370 ad
1622 1307 1902 1372 Sanctam
1932 1305 2187 1374 Caenam
2231 1308 2335 1372 do·

241 1420 413 1473 cetur
438 1419 496 1473 et
525 1417 828 1486 monetur,
875 1418 936 1476 ut
965 1408 1143 1473 homo
1170 1410 1435 1495 exploret
1460 1429 1553 1483 se,
1593 1429 1664 1473 ac
1693 1417 2015 1495 cognoscat
2039 1418 2098 1472 et
2126 1428 2341 1496 agnos·-

242 1523 343 1575 cat
386 1530 491 1575 sua
532 1520 804 1600 peccata,
853 1520 913 1574 et
952 1532 985 1574 e
1018 1531 1174 1580 novo
1205 1510 1368 1575 vivat
1395 1508 1594 1584 alitem
1647 1519 1707 1573 et
1734 1509 1849 1573 hoc
1878 1529 2008 1572 cum
2037 1508 2337 1575 horribili-

242 1613 356 1675 bus
398 1611 564 1676 minis
603 1615 661 1675 in
692 1612 980 1676 Dominiis
1015 1607 1294 1695 Angliae,
1353 1610 1454 1674 ubi
1496 1631 1565 1674 ex
1606 1610 1897 1675 Oratione
1935 1609 2340 1697 praecedanea

243 1723 383 1776 ante
425 1712 909 1777 communionem
951 1734 1023 1775 ex
1065 1711 1251 1776 Alteri
1293 1713 1370 1775 ab
1414 1709 1688 1775 Antistite
1734 1712 2011 1799 leguntur
2047 1721 2106 1777 et
2145 1712 2339 1777 excla-

245 1823 486 1879 mantur
528 1813 676 1878 haec
724 1814 935 1896 „Haec
973 1820 1058 1876 cst
1101 1814 1226 1888 via,
1280 1823 1337 1875 et
1367 1812 1480 1880 hoc
1508 1822 1592 1876 e'st
1620 1813 1907 1889 medium,
1966 1822 2032 1875 ut
2070 1812 2176 1877 fiat
2213 1803 2342 1900 dig·

242 1915 733 2002 „nus‘particep's
770 1924 1009 1980 sanctae
1056 1912 1321 1977 Caenae=
1395 1913 1731 2000 primarium
1774 1923 1894 1989 est,
1967 1922 2031 1977 ut
2070 1913 2336 2000 exploret

240 2037 425 2092 „suae
453 2018 615 2081 vitae
639 2014 792 2079 {acta
822 2023 879 2079 et
916 2014 1268 2077 commercia
1313 2013 1633 2077 secundum
1675 2034 1941 2078 normam
1989 2024 2335 2102 praecepto-

240 2139 423 2193 „rum
456 2117 600 2189 Dei,
655 2126 714 2177 et
755 2116 814 2178 in
843 2114 1293 2200 quibuscunque
1331 2113 1745 2177 animadvertit
1781 2136 1843 2178 se
1882 2113 2188 2182 offendisse
2229 2137 2336 2181 vo·

241 2217 546 2293 „luntate,
595 2215 828 2301 loquela
871 2224 971 2277 aut
1011 2212 1198 2288 facto,
1249 2224 1392 2278 tunc
1420 2215 1686 2301 deploret
1721 2215 1994 2282 vitiosam
2032 2238 2200 2283 suam
2230 2237 2334 2282 na·

247 2326 521 2393 „turam,
569 2327 627 2379 et
656 2311 1283 2382 confessionemfaciat
1315 2336 1512 2379 coram
1542 2314 1962 2404 omnipotente
1989 2318 2151 2397 Deo,
2196 2340 2332 2384 cum
2365 2303 2376 2316 ’

246 2417 462 2505 „pleno
504 2418 802 2506 proposito
836 2416 1181 2479 emendandi
1208 2418 1421 2489 vitam‚·
1476 2428 1532 2480 et
1560 2419 1606 2483 si
1636 2419 2052 2485 animadvertit
2078 2418 2329 2487 offensas

243 2519 435 2595 „tales
471 2539 630 2594 esse,
685 2529 750 2582 ut
777 2539 895 2582 non
925 2517 1099 2581 modo
1136 2519 1249 2582 sint
1276 2528 1483 2583 contra
1515 2518 1738 2596 Deum,
1788 2522 1890 2585 sed
1921 2521 2095 2586 etiam
2123 2534 2331 2588 contra

240 2621 650 2710 ‚‚proximum,
704 2629 845 2685 tunc
872 2619 1272 2683 reconciliabit
1297 2642 1357 2684 se
1384 2620 1499 2696 illi,
1553 2629 1611 2683 et
1638 2633 1943 2711 promptus
1983 2623 2095 2688 erit
2133 2624 2208 2689 ad
2235 2616 2334 2688 ‘re-

231 2722 638 2798 „stitutionem
669 2730 728 2783 et
756 2720 1211 2786 satisfactionem
1240 2742 1313 2785 ex
1339 2723 1497 2786 omni
1528 2723 1785 2809 potentia
1818 2744 1943 2799 sua,
1977 2733 2217 2813 propter
2243 2725 2331 2787 in,—

230 2823 456 2909 ,gjurias
496 2832 555 2886 et
597 2822 750 2888 mala
786 2820 959 2886 alicui
988 2821 1175 2899 facta,
1229 2833 1288 2886 et
1325 2821 1593 2889 similiter
1632 2834 1935 2912 promptus
1972 2825 2090 2888 erit
2122 2824 2197 2889 ad
2237 2846 2330 2890 re-

231 2922 622 3001 „mittendum
653 2925 780 2988 aliis
807 2919 1075 2999 offensas,
1131 2923 1624 3011 quemadmodum
1658 2924 1785 2989 vult
1816 2935 1879 2990 ut
1905 2922 2160 2991 offensae
2186 2946 2330 2992 suae

233 3026 654 3100 „remittantur
698 3045 731 3088 a
760 3025 920 3098 Dco;
991 3024 1250 3111 alioquin
1291 3026 1550 3113 receptio
1589 3025 1843 3088 Sanctae
1884 3025 2332 3092 communionis

230 3140 399 3201 ‚mou
424 3125 591 3189 aliud'
608 3124 748 3189 facit
779 3124 954 3213 quam
997 3128 1151 3213 quod
1185 3116 1467 3214 aggravet
1506 3126 1958 3190 damnationem.
2017 3126 2334 3216 Quaprop⁴

232 3236 398 3304 „ter,
458 3227 506 3290 si
551 3227 680 3315 quis
724 3236 986 3290 vestrum
1031 3238 1119 3292 est
1164 3226 1602 3314 blasphemator
1643 3225 1792 3300 Dei,
1856 3227 2225 3292 obtrectator
2270 3234 2330 3292 'et

234 3327 582 3414 „sugillator
609 3328 790 3396 Verbi
819 3326 1037 3414 Ipsius,
1090 3337 1192 3392 aut
1219 3328 1467 3400 adulter,
1524 3327 1713 3389 autin
1742 3325 1961 3392 malitia
1995 3325 2086 3390 vel
2112 3328 2173 3392 in
2202 3348 2327 3391 ma-

236 3427 628 3504 ‚,levolenua,‘
654 3436 781 3491 *aut
817 3429 875 3491 in
913 3429 1112 3515 aliquo
1154 3428 1268 3493 alio
1315 3429 1541 3492 enormi
1585 3427 1860 3501 crimine,
1914 3427 2330 3515 paenitentiam

235 3550 309 3605 „a
346 3540 603 3616 ‚peccato
638 3549 791 3616 age;·
832 3530 877 3593 si
915 3548 1066 3601 non,
1113 3531 1193 3594 ad·
1227 3538 1490 3593 sanctam
1523 3527 2008 3593 communionem
2051 3551 2125 3594 ne
2161 3552 2330 3597 acce*

232 3631 411 3706 ‚‚das;
466 3632 725 3717 alioquin
761 3640 891 3716 post
927 3632 1321 3718 receptionem
1364 3630 1521 3716 ejus,
1574 3629 1842 3694 diabolus
1881 3632 2204 3700 intraturus
2241 3643 2330 3700 est

235 3731 336 3807 „in
365 3741 454 3806 te,
505 3733 654 3796 sicut
693 3731 937 3796 intravit
978 3733 1035 3793 in
1064 3732 1285 3796 Judam
1308 3781 1322 3806 ‚
1379 3740 1437 3793 et
1466 3731 1807 3816 impleturus
1833 3741 1922 3797 est
1947 3742 2004 3797 te
2031 3735 2331 3801 omniini-

233 3833 498 3920 „quitate
517 3880 533 3907 ,
586 3842 645 3896 et
673 3832 1079 3897 destructurus
1107 3843 1165 3896 et
1194 3852 1405 3922 corpus
1433 3842 1490 3895 et
1520 3833 1837 3896 animam.“

388 3938 536 3998 527.
594 3932 672 3999 At
703 3954 883 4020 usque
905 3943 1041 3997 sunt
1068 3933 1280 4019 aliqui,
1333 3932 1582 4020 quinon
1622 3941 1860 4019 possunt
1896 3957 1957 4001 se
1999 3935 2327 4024 explorate,

228 4035 380 4100 sicut
418 4033 721 4110 infantess
776 4034 939 4122 pueri
981 4042 1040 4096 et
1082 4032 1311 4122 puellae
1354 4043 1492 4099 ante
1534 4032 1841 4100 advectam
1884 4046 2139 4100 aetatem
2188 4036 2326 4099 dum

226 4158 369 4202 suae
413 4136 742 4201 intuitionis
769 4133 949 4199 fiuntt
980 4136 1223 4222 'pariter
1249 4134 1538 4221 simplices
1556 4186 1570 4208 ,
1625 4134 1725 4221 qui
1753 4135 1969 4201 nullius
1993 4133 2325 4199 reflexionis

229 4247 393 4311 suun
446 4247 577 4303 tum
621 4236 799 4301 etiam
845 4236 1070 4313 cuncti,
1142 4232 1352 4322 quibus
1396 4256 1515 4299 non
1553 4235 1736 4298 timor
1778 4235 1946 4306 θεῖς’
1992 4245 2051 4296 et
2092 4240 2328 4319 praeter

1863 4330 1913 4392 E
