2750 4775
45 2207 57 2260 υνν-
46 2107 62 2155 m
45 2013 61 2066 ,ῖ-
46 1891 60 1950 “,·“*
45 1803 60 1848 u
45 1701 58 1745 v..
45 1601 54 1643 -ι
45 1499 54 1538 ν·-
46 1396 51 1434 ·—
46 1275 54 1332 -Γ
45 1169 50 1229 ”⁴

46 3944 49 3979 -.„
45 3842 51 3879 ,-
46 3724 51 3781 Ήᾼ
45 3638 51 3681 w
45 3541 55 3603 ,4,-
45 3420 57 3482 *-
45 3330 58 3381 τι
45 3236 55 3280 -ι
46 3128 59 3177 Q
45 3030 60 3076 τ..
46 2932 58 2973 τ·
46 2825 61 2873 ι
50 2726 61 2771 ⁴22-

789 376 944 432 xlu.
1025 377 1379 431 SANCTA
1433 377 1777 436 GOENA.·
2217 393 2327 443 257

210 532 420 606 aedes,
471 541 529 594 et
556 518 635 606 ab
662 530 813 593 aede
851 530 911 592 in
952 528 1197 605 aedem,
1245 537 1303 591 et
1343 527 1406 590 in
1448 532 1861 595 communione
1900 553 2034 598 cum
2073 554 2327 623 congre-

206 632 367 721 gatis
409 630 523 706 ihi,
576 630 835 707 oraturi,
900 629 1244 704 clamaturi,
1280 638 1366 700 ,et
1409 629 1713 694 recitaturi
1759 632 2141 698 concionata:
2199 656 2330 700 om·

208 733 352 798 nino
383 741 591 800 cavete
624 732 821 806 vobis,
874 730 1146 794 nealiud
1187 729 1249 794 in
1294 730 1464 796 vobis
1493 730 1791 816 cogitetis,
1844 742 1902 793 et
1941 753 2072 796 cum
2119 755 2323 800 conso·

209 834 312 902 ciis
337 832 701 918 loquamini,
756 852 932 917 quam
971 840 1210 903 sancta,
1264 830 1356 915 pia
1401 840 1460 894 et
1495 831 1790 917 religiosa.
1870 831 2014 896 Post
2050 832 2198 898 haec
2239 818 2329 899 in·

209 933 477 998 troduxit
508 931 769 1020 Angelus
797 932 1141 996 comitatum
1171 951 1340 993 suum
1372 931 1430 993 in
1458 932 1805 1019 Templum,
1860 933 2018 1017 quod
2050 944 2180 997 erat
2208 935 2332 1023 ple-

206 1057 349 1100 num
382 1042 447 1097 et
476 1034 864 1120 constipatum
896 1030 1124 1106 multis,
1180 1031 1279 1116 qui
1323 1032 1381 1092 in
1426 1052 1638 1117 magna
1669 1032 1954 1118 dignitate
1997 1033 2055 1096 in
2100 1035 2329 1100 Mundo

209 1134 485 1207 fuerant,
538 1143 597 1196 et
625 1154 863 1220 quoque
892 1132 1088 1196 multis
1114 1152 1185 1194 ex
1216 1129 1418 1215 plebe,
1466 1140 1526 1194 et
1554 1132 1843 1219 praesidia
1872 1134 1944 1196 ad
1975 1143 2178 1220 portas
2207 1134 2329 1199 col-

207 1234 414 1313 locata
437 1243 644 1310 erant,
692 1254 768 1298 ne
807 1233 1265 1319 cuiquam-ante
1308 1232 1835 1298 commorationem
1881 1234 2057 1296 trium
2097 1234 2329 1301 dierum

205 1335 420 1402 liceret
445 1334 636 1405 exire;
690 1342 749 1397 et
775 1330 1239 1418 dixit-Angelus,
1291 1341 1379 1396 est
1414 1329 1588 1395 hodie
1616 1333 1908 1397 secundus
1936 1333 2094 1408 dies,
2143 1357 2176 1399 a
2204 1360 2326 1425 quo

207 1435 267 1499 hi
295 1435 549 1522 ingressi
568 1442 745 1509 sunt,
800 1433 1046 1498 lustrate
1087 1432 1248 1508 illos,
1303 1442 1359 1496 et
1404 1431 1893 1519 glorificationem
1937 1434 2048 1497 Dei
2088 1435 2328 1506 illorum

213 1536 519 1608 videbitis-;
573 1546 633 1598 et
665 1535 1027 1609 lustrabant,
1080 1542 1137 1596 et
1167 1532 1444 1596 viderunt
1478 1531 1789 1621 plerosque
1820 1533 2214 1611 dormientes,
2269 1547 2330 1603 et

207 1637 311 1723 qui
344 1634 611 1722 evigilati
638 1644 804 1710 sunt,
860 1634 1177 1698 oscitantes
1203 1642 1260 1696 et
1290 1634 1640 1710 oscitantes,
1687 1643 1746 1697 et
1772 1634 2055 1719 quosdam
2089 1656 2159 1699 ex
2189 1657 2332 1700 con-

210 1738 381 1801 tinua
429 1731 762 1800 elevatione
801 1735 1226 1820 cogitationum
1268 1733 1340 1798 ad
1391 1734 1617 1809 Deum,
1672 1745 1729 1797 et
1772 1755 1839 1797 ex
1886 1735 2047 1799 nullo
2092 1735 2328 1825 relapsu

212 1838 448 1901 illarum
479 1836 539 1900 in
570 1856 813 1922 corpus,
862 1836 1008 1898 sicut
1036 1832 1216 1897 facies
1244 1832 1502 1897 reclusas
1529 1857 1563 1910 a
1596 1857 1878 1923 corpore,
1924 1835 2006 1900 ita
2035 1837 2187 1900 enim
2216 1837 2329 1902 sibi

212 1938 617 2024 apparebant,
660 1945 719 1999 et
743 1936 879 1999 inde
909 1935 1086 1998 etiam
1118 1933 1275 2005 aliis;
1322 1933 1607 2020 quosdam
1640 1935 1856 1999 deliros
1883 1935 2067 2001 oculis
2092 1957 2164 2001 ex
2194 1958 2332 2025 per-

212 2048 390 2123 petua
417 2037 825 2102 subtractione
856 2035 1121 2105 illorum;
1180 2034 1397 2109 verbo,
1439 2057 1642 2099 omnes
1673 2056 2036 2122 compressos
2065 2047 2325 2123 pectore,

211 2148 271 2204 et
299 2139 482 2203 lassos
508 2137 715 2224 spiritu
744 2158 812 2200 ex
841 2135 1073 2209 taedio,
1121 2143 1180 2197 et
1209 2155 1452 2198 aversos
1494 2155 1526 2198 a
1570 2135 1826 2223 pulpito,
1879 2147 1939 2201 et
1985 2138 2327 2213 clamantes,

209 2249 554 2326 stupescunt
600 2259 773 2301 aures
811 2245 1083 2312 nostrae,
1137 2233 1298 2297 finite
1347 2235 1698 2313 conciones,
1751 2257 1871 2302 non
1916 2237 2155 2302 auditur
2200 2258 2328 2302 am-

212 2340 364 2427 plius
390 2359 542 2414 vox,
595 2347 653 2401 et
681 2337 883 2425 incipit
907 2335 1153 2401 fastidiri
1182 2356 1394 2401 sonus:
1449 2346 1505 2398 et
1537 2345 1675 2400 tnnc
1706 2349 2123 2416 surrexerunt,
2174 2339 2328 2405 etin

209 2440 394 2525 globo
423 2447 851 2502 concurrerunt
895 2438 967 2500 ad
1016 2446 1250 2523 portaS,
1305 2434 1664 2521 effregerunt
1708 2437 1868 2514 illas,
1925 2448 1980 2502 et
2027 2439 2326 2526 usgebant

216 2539 279 2601 in
312 2538 629 2623 praesidia,
679 2549 743 2602 et,
768 2539 1090 2624 abigebant
1119 2536 1236 2600 illa.
1323 2538 1434 2601 His
1476 2537 1643 2612 visis,
1696 2538 2049 2609 Sacerdotes
2087 2541 2326 2627 sequuti

213 2647 358 2717 sunt
398 2639 559 2712 illos,
611 2648 667 2701 et
708 2640 1106 2725 adjunxerunt
1151 2658 1213 2701 se
1257 2638 1540 2721 lateribus
1593 2637 1861 2715 illorum,
1933 2641 2209 2707 docentes
2266 2651 2329 2705 et

180 2739 533 2814 docentes,
585 2750 850 2816 orantes,
903 2740 1292 2824 suspiranteS,
1360 2739 1656 2814 dicentes,
1724 2740 2020 2814 celebrate
2065 2742 2327 2818 Festum,

212 2839 543 2928 glorificate
571 2840 798 2919 Deum,
850 2837 1213 2903 sanctificate
1241 2860 1375 2915 vos„
1431 2838 1490 2901 in
1538 2839 1691 2905 atrio
1732 2838 1846 2902 hoc
1878 2840 2039 2903 Caeli
2078 2839 2328 2926 inaugu-

212 2941 478 3013 rabimus
510 2962 616 3004 vos
658 2941 718 3004 in
759 2948 1060 3003 aeternam
1097 2936 1606 3003 Glorificationem
1652 2939 1762 3002 Dei
1801 2939 1862 3002 in
1905 2939 2221 3023 magnifico
2265 2947 2327 3002 et

210 3041 572 3130 amplissimo
602 3028 888 3126 Templo,
941 3039 1098 3126 quod
1143 3038 1425 3102 incaelo
1469 3048 1589 3115 est,
1648 3048 1704 3101 et
1741 3039 1823 3102 sic
1870 3038 1941 3102 ad
1979 3036 2323 3103 fruitionem

213 3153 493 3217 aeternae
524 3139 834 3205 felicitatis
912 3139 1028 3205 Sed
1057 3139 1206 3203 baec
1234 3140 1309 3202 ab
1338 3139 1450 3204 illis
1479 3161 1596 3204 non
1627 3139 1920 3203 intellecta
1939 3192 1953 3216 ,
2008 3144 2067 3201 et
2096 3138 2193 3202 vix
2221 3159 2325 3201 au·

212 3242 337 3306 dita
365 3251 500 3307 sunt
518 3284 553 3326 ›·-
577 3250 819 3328 propter
856 3239 1283 3318 hebetudinem
1305 3261 1374 3302 ex
1406 3239 1656 3304 duorum
1690 3240 1917 3302 dierum
1943 3239 2329 3325 suspensione

213 3342 458 3417 mentis,
512 3351 571 3405 et
607 3342 938 3405 retentione
969 3362 1002 3427 a
1031 3340 1366 3405 domesticis
1406 3348 1463 3403 et
1502 3338 1850 3403 forensibus,
1929 3338 2045 3402 Sed
2091 3359 2224 3402 cum
2261 3359 2326 3402 se

210 3464 245 3506 a
271 3441 698 3507 Sacerdotibus
727 3442 986 3506 avellere
1014 3440 1209 3504 conati
1237 3448 1394 3514 sunt,
1438 3439 1777 3504 sacerdotes
1802 3436 2331 3527 apprehendebant

210 3541 461 3609 brachia
515 3541 785 3617 illorum,
855 3553 1200 3627 et·.quoque
1247 3549 1471 3616 vestes,
1525 3550 1803 3626 urgentes
1845 3540 1920 3604 ad
1966 3538 2169 3621 aedes,
2226 3539 2330 3604 ubi

208 3643 567 3723 concionata
599 3643 1020 3721 recitarentur,
1074 3641 1173 3705 sed
1204 3639 1459 3716 frustra,
1514 3649 1571 3703 et
1600 3640 1967 3718 clamabant,
2013 3639 2331 3728 relinquite

209 3766 337 3821 nos,
390 3742 676 3815 sentimus
704 3744 763 3805 in
791 3762 1041 3828 corpore
1068 3742 1217 3804 sicut
1245 3738 1604 3827 deliquium„
1669 3740 1780 3804 His
1808 3736 2007 3818 dictis,
2049 3763 2188 3806 ecce
2218 3742 2328 3807 visi

206 3855 345 3909 sunt
373 3851 631 3929 quatuor
655 3843 783 3909 Viri
811 3844 869 3927 in
901 3842 1163 3906 candidis
1192 3842 1482 3916 vestibuS,
1527 3850 1584 3905 et
1610 3841 1670 3903 in
1703 3840 1893 3915 tiaris-»3
1939 3864 2089 3909 unus
2117 3863 2187 3904 ex
2214 3841 2328 3906 illis

208 3944 405 4011 fuerat
434 3944 494 4006 in
525 3942 754 4007 Mundo
783 3941 1333 4028 Archi-Episcopus,
1361 3952 1420 4004 et
1452 3951 1570 4006 tres
1594 3941 1805 4027 reliqui
1834 3940 2071 4007 fuerant
2089 3941 2330 4027 Episco-

206 4046 281 4131 pi,
326 4063 488 4107 1111110
516 4032 657 4106 facti
686 4042 930 4129 Angeli:
981 4041 1040 4105 hi
1070 4041 1487 4106 convocabant
1513 4037 1916 4119 Sacerdotes,
1951 4052 2007 4104 et
2036 4041 2327 4128 alloquuti

202 4145 334 4210 illos
359 4144 655 4220 dixerunt,
676 4144 929 4209 vidimus
956 4164 1062 4208 vos
1090 4163 1121 4205 e
1142 4140 1323 4206 Caelo
1355 4163 1486 4207 cum
1515 4141 1726 4206 ovibus
1751 4140 1861 4219 bis,
1891 4141 2191 4228 quomodo
2219 4161 2329 4204 vos

201 4245 442 4332 pascitis
468 4243 631 4319 illos,
678 4242 912 4335 pascitis
940 4241 1070 4306 illos
1099 4262 1282 4327 usque
1311 4242 1385 4305 ad
1418 4240 1706 4330 insanias3
1765 4240 1997 4327 nescitis
2038 4238 2175 4325 quid
2220 4258 2327 4324 per

526 4370 533 4373 ·
1575 4362 1582 4365 „
1847 4337 1906 4397 R
