2750 4775
446 335 510 387 X.
591 334 1193 387 REFORMATIO
1248 335 1357 387 ΕΤ
1405 335 2082 394 REGENEBATIO.
2245 349 2350 399 107

250 490 470 555 lectum
516 510 692 574 supra
733 509 996 553 amorem
1043 487 1369 554 voluntatis
1396 498 1586 577 potest
1612 487 2054 577 apprehendere
2081 490 2240 569 illas,
2289 502 2355 557 et

249 610 493 678 quoque
535 589 731 675 loqui,
783 590 1001 652 docere
1040 598 1098 655 et
1139 588 1484 675 praedicare
1509 590 1672 664 illas;
1721 592 1822 655 sed
1847 590 1942 655 ille
1967 591 2352 660 Reformatus

244 701 361 768 est,
389 689 515 777 *qui
547 691 606 754 in
622 690 942 759 affectione
972 690 1242 754 veritatis
1260 701 1356 755 *est
1383 701 1624 778 propter
1652 692 1990 767 veritatem,
2042 713 2177 758 nam
2204 695 2352 760 baec

242 791 487 857 affectio
543 791 845 877 conjungit
883 814 944 855 se
991 810 1122 855 cum
1169 791 1510 869 voluntate,
1576 802 1635 855 et
1671 793 1717 858 si
1761 792 1983 881 pergit,
2049 796 2354 883 conjungit

241 894 621 960 voluntatem
659 892 1015 967 intellectui;
1071 902 1130 956 et
1159 901 1300 957 tunc
1341 892 1545 980 incipit
1572 894 2005 980 Regeneratiot
2055 899 2356 981 quomodo

243 1005 451 1059 autem
483 994 883 1080 Regeneratio
915 1003 1115 1082 postea
1146 994 1524 1080 progreditur
1551 1004 1608 1059 et
1639 991 1968 1082 perficitur,
2016 996 2081 1059 in
2104 1016 2354 1082 sequen-

236 1097 408 1162 tibus
444 1097 689 1163 dicetur.
1038 1148 1050 1156 .

407 1203 553 1275 590.
607 1196 725 1261 Sed
754 1197 899 1274 boc,
950 1198 1139 1283 qualis
1166 1196 1345 1260 homo
1374 1205 1490 1272 est,
1543 1198 1706 1284 cujus
1731 1196 2063 1262 intellectus
2089 1199 2354 1262 elevatus

242 1309 359 1376 est,
390 1309 448 1363 et
475 1320 593 1379 pon
615 1319 720 1388 per
744 1297 904 1362 bunc
928 1316 1099 1362 amor
1125 1298 1467 1373 voluntatis,
1494 1298 1883 1363 illustrabitur
1912 1320 2017 1385 per
2045 1319 2354 1387 compara-

241 1402 474 1465 tiones:
540 1409 629 1465 est
665 1400 817 1464 sicut
856 1399 1052 1484 aquila
1094 1400 1303 1464 volans
1340 1400 1401 1462 in
1440 1400 1595 1474 alto,
1649 1399 1752 1464 sed
1791 1409 1860 1463 ut
1898 1400 2149 1486 primum
2193 1400 2354 1465 videt

239 1500 655 1577 escasinfra,
710 1512 775 1565 ut
818 1499 1094 1588 gallinas,
1165 1502 1354 1590 pullos
1394 1499 1659 1576 olerum,
1711 1501 1831 1565 imo
1865 1501 2354 1576 catulosovium,

241 1613 564 1667 momento.
591 1625 653 1667 se
695 1602 923 1688 dejicit,
974 1610 1035 1666 et
1066 1602 1340 1683 devorat.
1410 1602 1514 1666 Est
1551 1602 1729 1666 etiam
1756 1602 1907 1666 sicut
1933 1602 2217 1678 adulter,·
2249 1603 2352 1689 qui

238 1702 591 1769 inferiusm
620 1704 765 1768 cella
793 1702 1063 1769 recondit
1087 1714 1347 1768 scortum
1369 1749 1388 1779 ,
1436 1710 1498 1765 et
1521 1723 1628 1792 per
1658 1705 1817 1768 vices
1842 1706 2031 1789 surgit
2058 1704 2117 1767 in
2145 1724 2353 1789 supre-

240 1827 407 1870 mam
434 1807 733 1892 regionem
762 1805 990 1879 domus,
1043 1813 1101 1867 et
1132 1827 1263 1868 cum
1288 1804 1797 1871 commorantibus
1820 1803 1902 1867 ibi
1930 1805 1989 1869 in
2017 1805 2352 1890 praesentia

243 1907 446 1971 uxoris
482 1928 623 1972 suae
668 1905 930 1992 loquitur
962 1904 1258 1991 sapienter
1288 1905 1360 1967 de
1391 1905 1688 1981 castitate,
1745 1927 1817 1968 ac
1843 1905 2087 1970 alternis
2113 1926 2186 1968 ex
2211 1926 2354 1971 con-

242 2009 445 2072 sortiis
478 2030 540 2071 se
587 2007 864 2094 proripit,
917 2014 977 2069 et
1003 2006 1306 2069 lasciviam
1350 2025 1518 2069 suam
1563 2005 1714 2069 infra
1760 2009 1937 2073 satiat
1977 2028 2106 2070 cum
2134 2015 2351 2071 scorto.

245 2107 357 2170 Est
403 2128 639 2193 quoque
690 2107 894 2170 similis
951 2107 1166 2171 muscis
1212 2105 1473 2192 paludis,
1523 2127 1677 2191 quae
1722 2108 1778 2169 in
1833 2108 2106 2172 columna
2150 2108 2355 2173 volant

252 2228 433 2293 super
460 2206 666 2292 Capite
694 2207 839 2293 equi
855 2208 1165 2281 currentis,
1220 2226 1373 2292 quae
1402 2206 1735 2291 quiescente
1761 2230 1930 2295 equo
1944 2209 2240 2285 decidunt,
2293 2217 2353 2273 et

252 2307 618 2395 immergunt
657 2328 719 2370 se
761 2305 957 2394 paludi
997 2327 1168 2377 snae;
1223 2307 1354 2371 talis
1394 2315 1482 2370 est
1510 2305 1721 2383 bomo,
1774 2310 1872 2397 qui
1913 2311 1973 2372 in
2019 2311 2350 2375 elevatione

255 2418 344 2476 est
385 2409 585 2495 quoad
614 2408 1007 2485 intellectum,
1061 2418 1119 2473 at
1153 2429 1325 2474 amor
1350 2408 1669 2474 voluntatis
1694 2410 1846 2477 infra
1874 2412 1948 2476 ad
1979 2413 2182 2501 pedem
2211 2413 2351 2478 sub-

254 2510 752 2580 sistitimmersus
792 2509 1107 2575 immundis
1143 2520 1425 2586 naturae,
1476 2520 1534 2574 et
1575 2511 1897 2578 libidinosis
1923 2535 2217 2579 sensuum.
2271 2511 2351 2579 At

251 2612 389 2699 quia
431 2612 632 2678 lucent
667 2611 816 2676 sicut
855 2633 928 2674 ex
963 2611 1249 2697 sapientia
1288 2612 1487 2699 quoad
1526 2613 1924 2691 intellectum,
1977 2626 2037 2678 et
2077 2616 2376 2682 voluntas

244 2721 338 2780 est
375 2723 583 2777 contra
623 2713 818 2788 illam,
870 2723 1113 2801 possunt
1153 2714 1461 2780 assimilari
1490 2716 1667 2778 etiam
1708 2715 2077 2802 serpentibus
2118 2717 2216 2803 qui
2259 2716 2350 2780 lu·-

242 2825 381 2879 cent
406 2815 682 2901 squamis,
734 2824 793 2877 et
821 2814 1266 2890 cantharidibus
1292 2834 1446 2902 quae
1474 2814 1701 2902 fulgent
1726 2816 1881 2881 sicut
1908 2837 1978 2880 ex
2004 2838 2168 2892 auro,
2223 2826 2346 2880 tum

238 2915 458 2991 etiam,
511 2916 744 3002 ignibus
783 2913 957 2980 fatuis
987 2917 1048 2979 in
1077 2916 1420 3003 paludibus,
1471 2917 1647 3003 lignis
1676 2917 1948 3003 putribus
1993 2918 2347 2993 lucentibus,

236 3030 309 3080 et
352 3015 730 3104 phosphoris:
799 3017 955 3081 inter
994 3016 1127 3081 illos
1170 3026 1343 3093 sunt,
1395 3018 1496 3105 qui
1535 3027 1786 3102 possunt
1830 3019 2063 3082 mentiri
2108 3018 2350 3104 angelos

229 3117 418 3193 lucis,
473 3127 593 3181 tam
622 3118 778 3181 inter
803 3116 1070 3183 homines
1096 3118 1153 3180 in
1186 3119 1448 3195 Mundo,
1499 3137 1677 3204 quam
1720 3129 2143 3206 postmortem
2187 3121 2345 3206 opud

233 3219 491 3305 angelos
529 3219 711 3295 caeli,
763 3220 866 3284 sed
910 3218 969 3284 bi
1007 3229 1142 3305 post
1180 3220 1422 3286 brevem
1466 3218 1928 3306 explorationem
1961 3220 2347 3306 deprivantur

234 3320 540 3397 vestibus,
589 3330 649 3386 et
676 3322 814 3385 nudi
848 3319 1218 3405 dijiciuntur;
1271 3321 1462 3385 simile
1487 3329 1684 3383 tamen
1726 3343 1844 3385 non
1885 3320 2013 3385 fieri
2056 3327 2247 3408 potest
2283 3321 2345 3388 in

232 3421 497 3496 Mundo,
550 3423 685 3509 quia
712 3423 800 3485 ibi
825 3443 946 3487 non
974 3431 1214 3509 apertus
1242 3433 1328 3485 est
1353 3421 1595 3509 spiritus
1622 3422 1859 3486 illorum
1880 3470 1897 3497 ,
1947 3420 2049 3486 sed
2079 3422 2348 3508 superin-

237 3521 454 3586 ductus
496 3524 696 3599 vultu‚
744 3523 934 3611 qualis
970 3533 1058 3586 est
1100 3523 1400 3587 comoedis
1453 3544 1629 3610 super
1673 3521 1943 3598 theatro;
1996 3522 2153 3609 quod
2193 3520 2345 3589 facie

236 3632 302 3686 et
342 3644 445 3686 ore
486 3624 721 3689 mentiri
763 3624 984 3714 possint
1021 3621 1263 3711 angelos
1286 3624 1469 3699 luciS,
1523 3634 1609 3687 est
1637 3633 1903 3689 causa‘et
1930 3646 2166 3712 quoque
2195 3624 2345 3689 indi-

240 3723 434 3800 cium,
499 3725 657 3811 quod
699 3726 1061 3789 intellectum
1106 3726 1341 3816 possint·
1378 3724 1613 3789 elevare
1659 3745 1844 3812 paene
1883 3726 2345 3813 aid-sapientiam

239 3825 611 3911 angelicam,
663 3837 839 3913 supra
895 3847 1159 3898 amorem
1214 3825 1568 3902 voluntatis,
1634 3837 1698 3891 ut
1740 3827 1958 3891 dictum
2003 3836 2122 3902 est;
2191 3849 2350 3893 nunc

236 3926 383 4013 quia
425 3927 720 3993 internum
760 3936 821 3992 et
859 3937 1168 3996 externum
1211 3925 1470 3992 bominis
1512 3928 1869 4017 possuntita
1895 3929 1955 3991 in
1985 3928 2346 3994 contrarium

234 4024 407 4093 abire
431 4076 447 4104 ‚
494 4038 563 4092 et
611 4029 750 4115 quia
806 4051 1025 4118 corpus
1072 4027 1382 4117 projicitur
1424 4037 1485 4092 et
1527 4028 1767 4115 spiritus
1810 4039 2044 4106 manet,
2116 4038 2347 4093 constat

234 4128 401 4216 quod
459 4128 666 4196 furvus
720 4130 956 4220 spiritus
1014 4131 1198 4216 possit
1243 4127 1518 4195 babitare
1564 4128 1675 4216 sub
1731 4129 1983 4193 candida
2027 4128 2210 4206 facie,
2286 4136 2348 4187 et

233 4229 447 4317 igneus
484 4230 596 4296 sub
635 4231 855 4298 blando
882 4252 1019 4305 ore;
1074 4250 1257 4319 quare
1286 4229 1368 4293 mi
1401 4226 1625 4302 amice,
1679 4227 2013 4312 cognoscite
2046 4222 2344 4288 hominem
