2750 4775
54 1 236 449 Γ
733 372 1011 426 murex
1051 350 1810 433 Memonuumum(
2202 392 2309 442 soo

307 535 468 600 sunt,
511 526 646 613 quia
689 528 746 589 in
780 526 1074 615 pictisque
1098 527 1408 605 haesitant,
1434 533 1713 616 quoniam
1743 529 2043 597 Ecclesiae
2070 533 2224 599 inter
2248 558 2311 600 se

309 629 393 692 ita
413 627 777 716 discrepant,
807 638 864 692 et
893 648 1096 693 omnes
1122 629 1354 694 illarum
1386 632 1630 701 ministri
1659 632 1881 710 dicunt,
1910 653 2178 700 crustum
2199 655 2315 700 No-

309 746 430 804 mS,
453 748 666 793 sumus
688 730 982 793 Mmrsriu
1003 731 1141 805 Dm,
1170 750 1246 793 m
1270 751 1521 796 scmus:
1568 743 1626 797 et
1654 746 2066 820 apparuerunt.
2080 734 2312 824 Angeli,

309 853 463 917 quos
500 832 1017 916 interrogaverunt
1064 831 1135 895 de
1168 831 1473 897 charitate
1512 844 1570 896 et
1608 834 1772 911 Fide,
1820 836 1891 898 de
1919 835 2310 913 Paenitentia,

313 933 387 995 de
420 932 930 1017 Regeneratione,
983 932 1055 993 de
1085 932 1213 996 Deo
1234 981 1249 1009 ,
1305 932 1863 999 delmmortaiitate
1895 936 2161 1012 animae,
2213 940 2331 1002 de?

311 1055 430 1120 que
461 1031 765 1117 Baptismo
794 1041 852 1096 et
879 1032 1095 1099 Sancta
1127 1033 1356 1109 Caena,
1414 1035 1487 1101 ad
1529 1057 1681 1124 quae
1718 1034 1945 1123 singula
1991 1039 2313 1124 responde-

309 1144 454 1200 runt
479 1131 694 1221 Angeli
723 1136 823 1209 ita,
879 1144 939 1196 ut
967 1135 1249 1198 caderent
1274 1136 1714 1201 inintellectum
1742 1139 1994 1210 illorum,
2050 1138 2313 1209 dicentes

315 1256 529 1323 putre,
576 1236 744 1322 quod
788 1256 961 1300 omne
1011 1235 1286 1321 id'quod
1332 1259 1448 1300 non
1495 1239 1651 1302 cadit
1688 1240 1747 1301 in
1794 1239 2185 1317 intellectum,
2234 1243 2311 1306 sit

311 1339 464 1400 sicut
490 1339 842 1403 seminatum
870 1336 927 1399 in
965 1356 1177 1413 arena,
1234 1338 1390 1423 quod
1435 1348 1728 1425 utcunque
1771 1339 1969 1424 pluvia
2011 1340 2314 1428 irrigatur,

311 1450 503 1525 usque
531 1438 905 1509 emarcescin
961 1446 1020 1499 et
1048 1439 1210 1524 quod
1239 1437 1578 1503 Intellectus
1604 1438 1965 1506 occlusus-{ex
2007 1442 2312 1528 religione,

317 1558 440 1607 non
472 1540 723 1626 amplius
754 1538 950 1605 videat
992 1539 1305 1625 quicquam
1339 1541 1397 1603 in
1424 1539 1625 1604 Verbo
1652 1563 1723 1605 ex
1751 1541 1909 1618 luce,
1965 1564 2115 1630 quae
2164 1544 2307 1608 inibi

308 1652 398 1709 est
429 1662 461 1705 a
497 1640 775 1714 Domino,
820 1639 1137 1726 imonquod
1177 1640 1223 1705 si
1261 1641 1405 1706 illud
1439 1640 1598 1728 legit,
1627 1644 1755 1729 plus
1784 1652 1842 1707 et
1871 1645 1999 1731 plus
2045 1646 2106 1707 in
2133 1646 2311 1710 rebus

319 1740 453 1806 fidei
493 1740 775 1806 etsalutis
809 1740 1132 1816 caecutiat,
1171 1763 1254 1803 n:
1299 1746 1445 1806 621.

215 1842 369 1908 LXI.
424 1842 742 1924 Quomodo
771 1841 970 1915 homo,
1019 1841 1156 1906 dum
1187 1854 1575 1932 praeparatus
1599 1853 1685 1909 est
1713 1844 1785 1908 ad
1812 1845 2074 1921 Caelum,
2129 1848 2311 1912 intrat

221 2004 228 2011 .
317 1944 481 2018 iilud,
535 1942 804 2009 videlicet
834 1943 989 2028 quod
1021 1953 1147 2029 post
1178 1947 1688 2030 praeparationem
1720 1947 1915 2011 videat
1943 1948 2119 2023 viam,
2160 1969 2310 2036 quae

319 2047 391 2110 ad
417 2045 777 2115 Societatem
819 2043 878 2106 in
907 2044 1123 2120 Caelo,
1189 2044 1248 2106 in
1290 2067 1405 2130 qua
1449 2046 1710 2111 victurus
1751 2057 1837 2111 est
1878 2049 1938 2111 in
1985 2045 2310 2124 aeternum,

319 2146 526 2222 tendit,
577 2154 635 2209 et
662 2145 818 2233 quod
846 2146 1022 2230 juxta
1034 2146 1375 2209 societatem
1406 2146 1478 2211 sit
1508 2157 1694 2234 porta,
1749 2170 1899 2233 quae
1929 2151 2210 2237 aperitur,
2252 2159 2310 2213 et

318 2246 475 2335 quod
509 2255 639 2336 post
663 2248 966 2313 introitum
993 2246 1326 2331 inquiratur
1349 2268 1492 2312 num
1521 2248 1581 2310 in
1611 2246 1711 2312 ilio
1749 2250 1822 2312 sit
1862 2250 2063 2315 similis
2109 2252 2208 2315 lux
2248 2260 2311 2315 et

319 2349 518 2414 similis
545 2349 737 2424 calor,
796 2347 911 2412 boc
938 2357 1056 2424 est,
1108 2347 1292 2412 simile
1324 2369 1528 2413 verum
1570 2358 1628 2414 et
1669 2348 1924 2427 bonum,
1977 2374 2129 2440 quae
2158 2352 2311 2441 apud

265 2519 275 2526 ,
320 2448 580 2536 Angelos
608 2450 771 2516 istius
797 2449 1112 2526 societatis,
1163 2449 1329 2534 quod
1351 2450 1489 2514 dum
1512 2451 2010 2536 deprehenditur,
2065 2456 2314 2518 circum-

326 2553 483 2616 vadit
511 2551 839 2638 et·inquirit
866 2551 1106 2614 ubinam
1144 2572 1248 2615 sua
1277 2549 1486 2642 domus
1514 2561 1657 2626 est„
1685 2574 1819 2616 nam
1850 2576 1957 2642 pro
1987 2556 2321 2643 unoquovis

326 2655 556 2718 novitio
592 2650 822 2739 Angelo
868 2661 952 2715 est
993 2674 1147 2715 nova
1188 2653 1427 2727 domuS,
1495 2675 1611 2740 qua
1656 2655 1896 2720 inventa
1938 2658 2215 2745 recipitur
2253 2667 2311 2719 et

288 2773 292 2780 ·
323 2766 671 2819 numeratur
696 2762 760 2818 ut
791 2774 939 2816 unus
966 2754 1119 2818 inter
1151 2754 1295 2819 illos.
1368 2751 1447 2818 At
1489 2777 1632 2819 vero
1673 2754 1812 2830 illis,
1846 2755 1923 2817 in
1953 2757 2164 2841 quibus
2193 2778 2313 2819 non

323 2865 409 2921 est
439 2857 541 2924 lux
567 2865 625 2920 et
652 2856 835 2931 caior,
889 2853 1003 2917 hoc
1032 2861 1137 2929 est,
1185 2876 1393 2919 verum
1421 2866 1483 2918 et
1512 2857 1729 2920 bonum
1758 2854 1939 2930 Caeli,
1964 2857 1967 2860 ’
1994 2854 2143 2922 haec
2169 2857 2314 2920 dura

319 2979 450 3024 sors
475 2967 594 3031 est,
645 2956 802 3042 quod
846 2956 983 3019 dum
1013 2954 1263 3029 intrant,
1321 2958 1535 3034 misere
1572 2955 1942 3031 crucientur,
1992 2966 2052 3018 et
2083 2978 2153 3020 ex
2183 2978 2316 3021 cru-

321 3060 480 3132 ciatu
510 3080 570 3122 se
603 3057 944 3145 praecipites
972 3056 1248 3141 dejiciant
1276 3057 1565 3131 deorsum,
1599 3056 1713 3119 hoc
1742 3055 1807 3119 fit
1830 3056 1940 3120 illis
1969 3078 2038 3119 ex
2063 3056 2314 3143 sphaera

324 3161 468 3224 lueis
498 3169 556 3221 et
585 3158 796 3223 caloris
831 3158 992 3223 Caeli
1025 3158 1082 3219 in
1124 3179 1374 3241 quorum
1419 3158 1686 3244 opposito
1722 3166 1888 3231 sunt,
1941 3156 2087 3221 ethi
2116 3167 2315 3245 postea

254 3253 258 3258 ’
324 3281 445 3324 non
474 3261 722 3349 amptius
743 3261 982 3346 cupiunt
1010 3257 1282 3332 Caelum,
1332 3258 1437 3320 sed
1476 3257 1892 3321 consociantur
1922 3258 2210 3324 similibus
2253 3260 2316 3322 in

233 3397 242 3402 ff
311 3360 600 3430 ,Infernoz
665 3360 802 3426 inde
843 3370 1037 3447 patet,
1092 3359 1246 3443 quod
1281 3377 1495 3422 vanum
1525 3359 1598 3425 sit
1635 3359 1925 3444 cogitare,
1981 3360 2319 3446 quod-Cae-

243 3505 250 3516 ³
319 3464 444 3527 lum
472 3464 546 3525 sit
580 3462 754 3534 modo
775 3461 1056 3534 ,admissio
1086 3481 1156 3524 ex
1182 3459 1407 3545 gratia,
1466 3459 1731 3545 et-quod
1770 3460 2005 3545 admissi
2043 3460 2319 3528 fruantur

273 3562 558 3650 gaudiis
582 3564 683 3638 ibi,
708 3563 857 3627 sicut
884 3562 985 3649 qui
1013 3561 1073 3624 in
1103 3561 1325 3626 Mundo
1352 3561 1411 3624 in
1442 3562 1681 3624 domum
1712 3562 2048 3647 nuptiarum
2080 3559 2320 3640 intr,ant

324 3668 591 3730 11:⁸22.
667 3723 674 3728 ,
759 3677 762 3680 ’

212 3763 440 3832 LXII.
465 3764 641 3844 Quod
673 3764 874 3842 multi,
924 3763 1023 3851 qui
1053 3765 1433 3829 crediderunt
1480 3764 1637 3853 quod
1673 3763 1914 3829 Caelum
1955 3763 2143 3829 modo
2171 3775 2323 3831 esset

299 3865 602 3944 ,admissio
644 3888 713 3930 ex
746 3866 955 3953 gratia,
998 3875 1055 3926 et
1084 3874 1214 3954 post
1242 3861 1654 3931 admissionem
1685 3866 1962 3950 gaudium
1993 3876 2324 3944 aeternum,

324 3987 404 4032 ex
427 3969 596 4031 venia
638 3967 1009 4032 ascenderint
1049 3966 1418 4050 incaptum,
1468 3968 1569 4031 sed
1612 3969 1770 4051 quod
1814 3969 1950 4052 quia
1999 3988 2115 4029 non
2156 3968 2326 4032 susti-

325 4080 583 4133 nuerunt
628 4069 814 4134 lus-em
848 4077 906 4131 et
935 4068 1227 4141 calorem,
1269 4065 1384 4129 boc
1415 4078 1535 4141 est,
1593 4065 1765 4133 fidem
1809 4078 1866 4129 et
1912 4090 2174 4131 amorem
2223 4069 2321 4142 ibi,

241 4203 246 4206 ·
323 4171 386 4235 se
415 4154 760 4257 praecipites
788 4170 1136 4255 dejecerint,
1179 4178 1245 4231 et
1273 4168 1431 4251 qinod
1460 4176 1600 4233 tunc
1628 4171 1704 4232 ab
1735 4167 1974 4256 illisqui
2016 4167 2167 4234 infra
2208 4180 2326 4232 ste-

325 4280 552 4346 terunt,
609 4271 857 4343 visi‘sint
894 4270 1042 4333 sicut
1073 4269 1222 4357 Equi
1259 4268 1506 4333 mortui:
1562 4269 1718 4333 inter
1745 4268 2000 4355 illos-qui
2028 4267 2181 4333 infra
2208 4277 2324 4332 ste-
