2750 4775
430 363 501 416 78
657 351 1123 406 UNIVERSA
1169 351 1700 408 THEOLOGIA
1755 353 1824 407 N.
1865 353 1928 405 C.
1973 352 2080 403 ET
2121 353 2187 405 N.
2229 352 2292 403 E.

427 506 884 573 conscientiosos
912 505 1173 592 graviter
1199 507 1436 580 turbat3
1485 525 1760 572 snmusne
1790 526 1859 570 ex
1887 503 2218 593 Evangelio
2243 506 2357 584 sub
2383 526 2521 593 gra—

426 609 542 682 tia,
593 617 654 671 et
690 628 811 671 non
849 601 961 672 sub
1004 607 1151 671 dura
1191 607 1353 674 istius
1394 607 1786 695 paenitentiae
1823 606 1987 694 leget
2041 617 2276 694 praeter
2320 606 2520 695 plura.

426 711 696 790 Quinam
721 707 1022 785 dixerunt,
1072 708 1231 793 quod
1262 709 1403 772 dum
1432 707 1742 772 intendunt
1773 728 1841 772 se
1871 708 2215 796 explorare,
2268 715 2525 794 occupet

424 811 556 875 illos
581 808 836 874 formido
865 817 926 874 et
955 819 1178 885 terror,
1228 809 1379 874 sicut
1423 810 1693 876 viderent
1731 820 2059 876 monstrum
2097 809 2260 896 juxta
2299 811 2522 874 lectum

427 921 693 1000 tempore
716 909 973 974 diluculi.
1054 909 1145 973 Ex
1173 907 1266 975 his
1305 911 1639 996 patefactae
1679 919 1817 975 sunt
1860 919 2106 986 causae,
2157 931 2266 974 cur
2307 909 2527 978 Paeni-

427 1012 611 1078 tentia
639 1010 884 1076 actualis
911 1012 973 1073 in
1001 1010 1335 1076 Christiano
1363 1011 1716 1076 Reformato
1743 1011 1910 1075 Orbe
1933 1011 2011 1076 sit
2033 1012 2184 1076 sicut
2211 1012 2427 1076 insitu
2458 1019 2525 1076 et

429 1115 666 1200 rejecta.
751 1113 828 1177 Et
867 1111 1129 1198 quaesivi
1165 1112 1228 1175 in
1266 1112 1596 1200 praesentia
1622 1111 1857 1177 illorum
1883 1112 2170 1200 quosdam
2217 1112 2523 1177 Romano-

428 1212 770 1279 Catholicae
810 1213 1083 1299 religioni
1133 1211 1401 1277 addictos
1448 1213 1523 1276 de
1572 1210 1811 1277 Actuali
1857 1214 2093 1278 illorum
2136 1211 2524 1279 consessione

429 1336 631 1380 coram
658 1314 777 1379 suis
802 1313 1110 1388 ministris,
1165 1335 1306 1377 num
1334 1313 1433 1377 illa
1470 1313 1817 1379 refractaria
1844 1313 2052 1389 fuerit,
2104 1325 2163 1377 et
2202 1312 2526 1403 responde-

428 1425 598 1492 runt,
653 1415 810 1502 quod
841 1423 1153 1501 postquam
1179 1415 1393 1481 initiati
1420 1425 1555 1480 sunt
1581 1415 1641 1478 in
1679 1414 1870 1493 illam,
1921 1436 2046 1483 non
2085 1415 2386 1481 timuerint
2425 1435 2525 1479 re·

427 1515 760 1581 censionem
778 1517 1127 1582 delictorum
1155 1538 1395 1581 suorum
1418 1537 1617 1581 coram
1637 1514 2258 1581 confessionario‘non
2286 1533 2521 1598 severo,

428 1627 488 1684 et
532 1617 690 1705 quod
739 1638 872 1682 cum
918 1617 1175 1703 quadam
1218 1619 1527 1706 voluptate
1572 1618 1917 1703 collegerint
1960 1616 2095 1692 illa,
2150 1627 2209 1681 et
2252 1616 2526 1682 hilariter

425 1718 862 1783 enuntiaverint
889 1718 1145 1792 leviora,
1191 1728 1252 1781 at
1282 1719 1558 1804 graviora
1590 1720 1955 1803 aliquantum
1987 1717 2220 1790 timide;
2265 1729 2331 1783 et
2358 1717 2523 1805 quod

428 1820 746 1907 quotannis
787 1818 863 1882 ad
913 1819 1297 1882 constitutum
1339 1841 1512 1884 suum
1556 1841 1624 1882 ex
1666 1839 1829 1883 more
1866 1819 2055 1884 libere
2092 1819 2404 1895 redierint,
2457 1828 2526 1884 et

424 1921 585 2007 quod
616 1928 742 2007 post
771 1917 1199 1983 absolutionem
1229 1920 1290 1984 in
1328 1920 1735 1985 festivitatem:
1790 1931 1914 1990 turn
1946 1920 2107 2006 quod
2131 1939 2339 1986 omnes
2366 1921 2522 2006 aspi-

428 2022 586 2085 ciant
621 2022 772 2086 sicut
812 2020 1103 2107 impuros,
1156 2021 1253 2106 qui
1285 2044 1402 2085 non
1441 2020 1672 2109 aperire
1710 2019 1903 2086 cordis
1942 2022 2033 2087 sui
2073 2021 2522 2107 inquinamenta

431 2124 653 2187 volunt.
719 2120 833 2185 His
859 2121 1070 2185 auditis
1099 2121 1466 2199 Reformati,
1516 2122 1618 2210 qui
1654 2132 1990 2208 praesentes
2016 2132 2218 2198 erant,
2271 2121 2524 2210 aufuge-

429 2232 598 2298 runt,
646 2220 884 2308 quidam
913 2222 1173 2287 ridentes
1199 2234 1259 2288 et
1284 2224 1719 2299 cachinnantes,
1766 2222 2005 2311 quidam
2032 2233 2434 2310 stupescentes
2458 2232 2524 2289 et

430 2333 628 2387 tamen
671 2322 992 2390 laudantes.
1082 2324 1297 2390 Postea
1346 2334 1717 2391 accesserunt
1755 2325 1931 2411 aliqui
1979 2325 2169 2389 eidem
2216 2324 2522 2392 Ecclesiae

427 2424 741 2512 adscripti,
807 2426 908 2490 sed
954 2428 1303 2492 commorati
1349 2428 1409 2491 in
1450 2427 1817 2512 Regionihns
1855 2426 1955 2491 nbi
1997 2425 2363 2501 Reformati,
2415 2427 2523 2515 qni

426 2545 501 2589 ex
526 2546 635 2589 usu
663 2526 744 2588 ibi
774 2527 1030 2605 solenni,
1086 2548 1203 2591 non
1230 2529 1575 2616 specialem,
1616 2538 1681 2592 ut
1703 2527 1926 2593 fratres
1949 2527 2183 2592 illorum
2209 2527 2371 2603 alibi,
2414 2526 2522 2593 sed

431 2625 607 2690 modo
649 2649 1021 2693 communem
1074 2626 1518 2695 Confessionem
1558 2649 1758 2693 coram
1801 2627 2117 2715 Clavigero
2169 2649 2280 2694 suo
2320 2629 2525 2694 edide-

426 2738 600 2801 runt;
649 2727 709 2794 hi
752 2729 1058 2805 dixerunt,
1110 2730 1268 2813 quod
1311 2729 1562 2794 scrutari
1606 2750 1698 2803 se,
1753 2730 2081 2817 evestigare
2131 2739 2190 2794 et
2236 2729 2527 2816 evulgare

433 2829 587 2892 mala
612 2851 718 2896 sua
748 2830 1002 2898 actualia
1033 2838 1344 2895 etsecreta
1387 2830 1764 2916 cogitationis
1790 2851 2029 2918 prorsus
2055 2850 2173 2896 non
2202 2832 2524 2918 potuerint,

425 2937 488 2993 et
518 2930 672 3017 quod
698 2931 1052 2998 sensiverint
1078 2930 1135 2993 id
1165 2930 1244 2995 ita
1271 2930 1657 3020 repugnabile
1686 2941 1746 2996 et
1772 2931 2124 3007 terrificum,
2174 2932 2325 2996 sicut
2365 2931 2524 2996 velle

427 3031 677 3097 transire
717 3031 935 3097 fossam
968 3032 1044 3096 ad
1074 3030 1325 3109 vallum,
1379 3033 1479 3097 ubi
1518 3041 1635 3097 stat
1673 3032 1837 3099 miles
1873 3043 2137 3098 armatus
2176 3044 2235 3097 et
2277 3034 2520 3109 clamat,

426 3155 501 3196 ne
526 3132 757 3197 accede.
840 3133 930 3197 Ex
955 3130 1048 3198 his
1073 3155 1230 3201 nunc
1256 3142 1451 3221 patet,
1501 3133 1659 3220 quod
1685 3134 1944 3200 ‘actualis
1970 3133 2342 3199 Paenitentia
2374 3134 2523 3198 faci-

426 3234 493 3298 lis
518 3233 592 3299 sit
620 3234 776 3320 apud
804 3233 965 3311 illos,
1016 3237 1114 3323 qui
1147 3234 1455 3323 aliquoties
1492 3235 1650 3299 illam
1680 3245 1960 3321 egerunt,
2013 3233 2115 3300 sed
2156 3254 2382 3300 summe
2423 3256 2523 3300 re-

422 3332 701 3401 fractaria
730 3335 843 3402 illis
871 3336 969 3424 qui
1005 3357 1123 3400 non
1153 3345 1422 3421 egerunt.

577 3439 724 3500 563.
760 3436 985 3501 Notum
1012 3447 1120 3511 est,
1146 3434 1306 3522 quod
1334 3435 1714 3501 Consuetudo
1740 3436 1917 3501 faciat
1943 3437 2190 3502 alteram
2219 3447 2524 3514 naturam,

421 3546 483 3601 et
508 3536 668 3623 quod
693 3534 1029 3601 inde‘facile
1055 3535 1128 3600 sit
1156 3535 1289 3612 uni,
1340 3536 1499 3623 quod
1526 3538 1694 3602 alteri
1728 3537 1991 3616 difficile,
2042 3538 2120 3603 ita
2151 3560 2388 3628 quoque
2413 3559 2520 3603 ex·-

417 3639 659 3724 plorare
680 3656 743 3701 se
759 3684 775 3711 ,
817 3645 877 3699 et
903 3637 1212 3723 explorata
1236 3635 1534 3711 confiteri;
1587 3639 1727 3726 quid
1755 3638 1984 3705 facilius
2009 3648 2098 3703 est
2125 3638 2518 3717 mercenario,

420 3736 622 3823 bajulo
648 3745 707 3799 et
734 3736 979 3813 colono,
1024 3758 1200 3825 quam
1229 3738 1505 3806 laborare
1535 3740 1789 3807 brachiis
1816 3761 1852 3806 a
1878 3761 2054 3804 mane
2078 3741 2156 3806 ad
2186 3761 2521 3828 vesperam,

418 3859 552 3901 cum
579 3836 830 3904 vicissim
856 3837 1181 3907 honoratus
1207 3849 1267 3907 et
1285 3841 1574 3908 delicatus
1593 3838 1817 3929 absque
1844 3841 2188 3907 lassitudine
2209 3851 2269 3907 et
2294 3841 2524 3907 sudore

414 3937 572 4003 idem
617 3959 738 4003 non
781 3949 970 4028 potest
996 3940 1192 4007 facere
1216 3943 1455 4009 semisse
1479 3942 1681 4007 horae.
1763 3941 1964 4009 Facile
2003 3950 2093 4008 est
2137 3942 2520 4030 praecursori

419 4060 553 4105 cum
610 4039 825 4108 baculo
879 4052 936 4108 et
995 4044 1057 4107 in
1110 4042 1385 4111 mollibus
1438 4040 1652 4108 calceis
1714 4063 1958 4132 carpere
2016 4044 2175 4110 viam
2231 4043 2518 4121 milliaris,

415 4160 594 4228 quam
622 4144 981 4212 assuefactus
1009 4143 1146 4212 vehi
1166 4166 1381 4218 curru,
1434 4143 1530 4206 vix
1559 4152 1752 4229 potest
1785 4144 1944 4209 lente
1988 4166 2234 4211 currere
2272 4144 2370 4211 ab·
2393 4165 2517 4208 nna

414 4242 604 4330 platea
632 4244 692 4308 in
722 4246 984 4313 alteram.
1065 4245 1276 4311 Omnis
1317 4242 1532 4309 artifex
1577 4243 1838 4311 assiduus
1877 4246 2040 4333 operi
2077 4267 2198 4311 suo
2232 4244 2408 4313 facile
2448 4254 2515 4309 et
