2750 4775
889 332 985 388 IX.
1066 332 1705 388 PAENITENTIA.
2267 345 2335 395 7⁹

249 488 501 552 libenter
542 486 605 552 id.
638 486 902 573 peragit,
955 496 1014 550 et
1052 484 1257 550 abiens
1297 484 1373 548 ab
1412 483 1516 550 illo
1555 495 1692 551 avet
1732 486 1956 561 redire,
2007 508 2141 552 eum
2187 489 2338 556 alius

244 587 507 676 ejusdem
533 586 759 653 artificii
787 606 1042 673 gnarus,
1086 585 1190 650 sed
1229 607 1460 661 socors,
1514 587 1610 652 vix
1652 587 1886 650 tandem
1928 589 2057 673 cogi
2084 589 2158 654 ad
2187 589 2333 655 illud

240 698 468 778 potest:
523 688 786 754 similiter
831 688 1021 752 omnis
1061 688 1159 774 qui
1211 688 1269 748 in
1311 686 1507 773 aliqua
1551 686 1849 751 functione
1895 698 1997 762 aut
2035 691 2098 753 in
2136 691 2335 779 aliquo

237 790 440 856 studio
475 799 581 856 est
661 789 819 870 Quid
866 790 1095 877 pietatis
1128 788 1395 852 studioso
1435 787 1662 852 facilius
1697 798 1785 851 est
1825 810 2000 875 quam
2046 810 2220 854 orare
2258 793 2334 858 ad

235 892 470 965 Deum,
538 901 597 956 et
643 892 781 977 quid
828 888 1110 1005 impietati
1155 889 1526 976 emancipato
1570 885 1897 966 difficilius,
1959 898 2018 953 et
2062 890 2332 956 vicissim

230 991 393 1075 Quis
418 992 699 1058 sacerdos
723 990 908 1078 prima
939 991 1071 1054 vice
1107 988 1465 1054 concionans
1502 1011 1701 1055 coram
1735 977 1942 1076 Rege,
1997 1011 2116 1054 nou
2156 991 2340 1069 timet,

233 1104 302 1160 at
348 1102 663 1182 postquam
710 1093 1068 1158 instauratus
1111 1101 1230 1166 est,
1266 1091 1572 1178 intrepide
1619 1092 1826 1178 pergit.
1907 1090 2065 1172 Quid
2109 1090 2341 1158 facilius

236 1206 331 1262 est
363 1193 583 1260 bomini
613 1192 843 1279 Augelo
876 1215 1049 1279 quam
1082 1193 1318 1256 elevare
1347 1191 1552 1258 oculos
1587 1193 1662 1255 ad
1691 1192 1965 1267 Caelum,
2019 1202 2079 1255 et
2119 1192 2342 1257 bomini

235 1295 499 1362 diabolos
528 1295 780 1382 dejicere
819 1294 1022 1360 oculos
1067 1295 1138 1358 ad
1180 1293 1515 1369 infernum,
1567 1302 1630 1357 at
1671 1293 1720 1358 si
1767 1292 1865 1356 hic
1908 1291 2217 1383 hypocrita
2259 1293 2342 1370 fit,

235 1406 438 1488 potest
475 1396 740 1462 similiter
778 1396 1073 1482 suspicere
1115 1394 1188 1459 ad
1214 1393 1503 1468 Caelum,
1552 1394 1658 1459 sed
1698 1415 1910 1459 averso
1951 1396 2159 1459 corde:
2212 1394 2343 1461 finis

238 1507 491 1594 propter
529 1513 735 1586 quem,
789 1508 848 1560 et
874 1496 1009 1566 inde
1038 1494 1276 1564 habitus
1303 1495 1755 1583 unumquemvis
1773 1495 2010 1559 imbuit.

243 1709 435 1810 Quod
453 1715 567 1817 'qui
589 1724 1026 1790 Paenitentiam
1066 1746 1363 1814 nusquam
1389 1724 1541 1812 egit,
1579 1736 1687 1787 aut
1721 1742 1791 1786 se
1825 1743 1951 1785 non
1988 1723 2347 1816 introspexit

240 1837 304 1896 et
348 1840 649 1891 scrutatus
691 1840 810 1901 est,
856 1823 1118 1906 *tandem
1158 1846 1278 1889 non
1327 1828 1480 1887 sciat
1523 1821 1672 1915 quid
1710 1819 1935 1888 malum
1980 1819 2342 1901 damnabile,

284 1945 293 1952 ’
867 1939 923 1990 et
970 1923 1122 2017 quid
1169 1925 1389 1991 bonum
1432 1920 1718 1988 salutare.
1925 1935 1930 1942 '

382 2107 553 2168 ,564.
584 2083 906 2182 Quoniam
949 2100 1127 2187 pauci·
1159 2101 1220 2161 in
1249 2098 1583 2164 Christiano
1614 2097 1964 2165 Reformato
1996 2099 2168 2165 Orbe
2207 2121 2344 2190 pae-

248 2204 557 2274 nitentiam
596 2211 813 2288 agunt,
863 2200 1003 2266 ideo·
1026 2201 1315 2286 adjectum
1342 2201 1602 2275 esthon,
1653 2200 1810 2287 quod
1851 2200 1948 2287 qui
1986 2221 2108 2266 nou
2149 2223 2213 2266 se
2251 2202 2340 2265 in-

253 2303 538 2387 trospexit
578 2311 635 2367 et
686 2309 980 2366 scrutatus
1019 2312 1137 2376 est,
1185 2299 1283 2363 ille
1326 2301 1568 2365 tandem
1597 2322 1715 2364 non
1750 2303 1897 2366 sciat
1937 2303 2076 2386 quid
2115 2303 2341 2370 malum

256 2404 625 2477 damnabile,
678 2403 905 2490 etquid
935 2398 1152 2471 bonum
1182 2402 1471 2477 salutare3
1524 2424 1643 2467 non
1683 2402 1839 2467 enim
1877 2405 1932 2473 ei
1961 2404 2194 2491 Religio
2232 2415 2340 2482 est,

253 2504 410 2585 unde
438 2506 552 2569 hoc
575 2505 751 2576 sciat,
781 2505 996 2568 malum
1026 2506 1199 2580 enim,
1226 2506 1383 2592 quod
1407 2504 1587 2568 homo
1607 2525 1726 2568 nou
1751 2505 1934 2580 vjdet,
1951 2506 2256 2592 cognoscit
2281 2517 2342 2571 et

246 2607 539 2695 agnoscit,
577 2614 791 2680 manet,
834 2617 890 2672 et
918 2605 1074 2691 quod
1104 2615 1318 2682 manet,
1372 2598 1674 2671 radicatur
1705 2605 1833 2691 plus
1858 2616 1919 2670 et
1946 2606 2104 2694 plus,
2154 2626 2340 2695 usque

245 2709 391 2774 dum
434 2708 706 2773 obstruat
742 2706 1025 2771 interiora
1064 2708 1277 2773 mentis
1299 2708 1467 2795 ejus,
1523 2728 1594 2773 ex
1620 2729 1738 2795 quo
1768 2706 1948 2772 bomo
1985 2707 2054 2772 fit
2093 2708 2345 2795 primum

246 2809 560 2885 naturalis,
611 2808 823 2873 deinde
851 2809 1153 2886 sensualis,
1205 2819 1262 2872 et
1288 2807 1524 2875 demum
1559 2828 1911 2898 corporeus,
1962 2817 2020 2874 et
2044 2806 2224 2872 hicet
2248 2809 2347 2877 itte

244 2922 370 2975 non
394 2912 520 2975 ,scit
561 2908 799 2995 aliquod
843 2911 1062 2973 malum
1105 2910 1470 2984 damnabile,
1527 2930 1639 2979 uec
1681 2909 1899 2973 bonum
1936 2908 2227 2980 salutatu
2281 2909 2348 2974 fit

248 3012 406 3077 sicut
451 3011 633 3077 arbor
668 3031 842 3097 super
870 3010 1013 3074 dura
1044 3020 1208 3100 petra
1226 3059 1242 3085 ,
1296 3031 1450 3098 quae
1477 3011 1634 3074 inter
1660 3008 1951 3081 foramina
1976 3008 2101 3097 ejus
2125 3011 2348 3099 spargit

245 3111 497 3187 radices,
552 3120 615 3174 et
641 3112 898 3187 tandem,
940 3112 1078 3198 quia
1108 3111 1303 3177 deficit
1333 3111 1566 3188 humor,
1620 3111 1942 3175 marcescit-
2007 3109 2217 3175 Omnis
2241 3110 2349 3176 ho-

246 3234 355 3278 mo
381 3217 493 3277 rite
523 3213 836 3286 educatus,
887 3221 976 3276 est
999 3213 1300 3279 rationalis
1340 3224 1399 3277 et
1418 3214 1702 3291 moralis,
1753 3211 1856 3277 sed
1882 3211 1956 3276 ad
1986 3211 2347 3276 rationalita÷

245 3323 374 3379 tem
402 3323 538 3378 sunt
567 3312 717 3379 duae
747 3314 896 3388 viae,
950 3334 1066 3378 una
1100 3334 1133 3377 e
1161 3312 1418 3388 Mundo,
1461 3313 1707 3378 alterae
1738 3312 1946 3378 Caeloz
2000 3310 2095 3377 ille
2126 3311 2223 3397 qui
2250 3332 2345 3377 ra-

243 3414 484 3483 tionalis
524 3425 580 3477 et
622 3413 859 3481 moralis
895 3412 1087 3483 factus
1126 3425 1212 3481 est
1240 3436 1272 3477 e
1303 3412 1566 3492 Mundo,
1621 3423 1680 3481 et
1710 3434 1830 3478 non
1857 3413 2037 3479 etiam
2082 3432 2114 3475 e
2142 3410 2344 3491 Caelo,

242 3536 368 3581 non
397 3514 702 3583 rationalis
727 3525 788 3581 et
814 3504 1051 3583 moralis
1077 3524 1164 3582 est
1189 3516 1297 3580 nisi
1325 3537 1432 3581 ore
1452 3524 1510 3579 et
1529 3525 1716 3601 gestu,
1741 3535 1814 3580 ac
1842 3516 1997 3579 intus
2025 3523 2110 3579 est
2136 3513 2343 3593 bestia,

242 3616 368 3681 imo
394 3616 556 3694 fera,
605 3619 744 3705 quia
785 3638 966 3689 unum
1012 3618 1137 3705 agit
1180 3638 1313 3685 cum
1353 3616 1466 3682 illis
1510 3618 1611 3703 qui
1654 3617 1714 3680 iu
1747 3614 1986 3681 Inferno
2017 3624 2186 3694 sunt,
2240 3617 2344 3683 ubi

247 3739 454 3781 omnes
481 3717 627 3787 tales
654 3728 816 3783 sunt:
870 3720 1054 3807 atqui
1085 3718 1389 3793 rationalis
1414 3726 1474 3780 et
1501 3718 1738 3781 moralis
1764 3719 1939 3785 etiam
1967 3728 2054 3783 est
2082 3739 2114 3781 e
2143 3717 2346 3797 Caelo,

242 3816 345 3882 hic
372 3837 513 3885 vere
537 3818 855 3887 rationalis,
868 3828 929 3883 et
954 3820 1193 3902 moralis
1219 3828 1327 3893 est,
1366 3818 1504 3906 quia
1531 3818 1703 3884 simul
1726 3818 1954 3904 spiritu,
1991 3840 2100 3883 ore
2126 3828 2186 3883 et
2213 3841 2347 3884 cor-

242 3941 422 4010 pore,
469 3921 532 3986 in
559 3920 649 3995 bis
674 3920 826 3986 binis
851 3929 948 3986 est,
965 3919 1267 4008 spirituale
1306 3920 1478 3985 intus·
1495 3919 1644 3985 sicut
1669 3919 1903 3994 anima,
1955 3919 2113 4006 quod
2141 3926 2345 3985 actuat

240 4024 551 4099 naturale,
603 4020 869 4089 sensuale
908 4030 967 4086 et
1008 4036 1393 4109 corporeum,
1444 4032 1626 4087 unum
1661 4020 1837 4087 etiam
1884 4021 2006 4108 agit
2052 4041 2183 4085 cum
2230 4019 2345 4084 illis

240 4116 341 4210 qui
368 4125 431 4189 in
459 4123 645 4191 Caelo
667 4133 836 4188 sunt:
887 4142 1073 4211 quare
1099 4122 1275 4188 datur
1303 4120 1640 4213 spiritualis
1656 4119 1963 4187 rationalis
2002 4126 2063 4183 et
2102 4118 2345 4187 moralis

242 4223 451 4303 homo,
504 4233 581 4290 et·
591 4245 831 4313 quoque
855 4244 1015 4291 mere
1041 4223 1325 4289 naturalia
1350 4206 1652 4288 rationalis
1690 4229 1751 4286 et
1776 4219 2049 4293 moralis,
2102 4227 2166 4282 et
2194 4234 2346 4284 unus
