2750 4775
518 368 618 415 150
746 353 1211 409 UNIVERSA
1253 355 1786 411 T-HEOLOGJA
1833 358 1899 409 N.
1943 357 2004 410 C.
2047 358 2141 409 ΕΤ
2182 357 2250 410 Ν.
2292 357 2349 409 Ε.

488 507 665 586 luce,
715 508 943 597 etquid
970 509 1231 595 cogitare
1260 509 1484 597 absque
1512 510 1870 597 intelligere,
1926 510 2040 575 hoc
2079 532 2198 575 non
2241 520 2322 575 est
2359 511 2556 575 Huma-

503 632 679 687 num,
732 610 897 674 corvi
924 620 982 674 et
1013 610 1177 697 picae
1204 612 1382 677 etiam
1413 619 1654 699 possunt
1693 612 1919 676 discere
1964 611 2123 699 loqui
2168 614 2384 698 absque
2417 610 2558 675 intel·

501 712 693 785 leem
759 732 1063 800 possumus
1111 711 1285 776 vobis
1320 733 1693 788 asseverare,
1749 710 1907 801 quod
1953 714 2350 800 unusquisque
2390 711 2558 786 homo,

501 815 667 901 cujus
705 812 901 879 anima
946 813 1272 889 desiderat,
1327 814 1507 899 possit
1544 813 1745 879 videre
1789 815 2073 880 veritates
2116 814 2294 879 Verbi
2333 814 2390 877 in
2426 814 2560 886 luce;

500 936 620 983 non
650 914 825 979 datur
853 916 1100 989 animal,
1155 914 1314 999 quod
1345 936 1464 978 non
1492 915 1602 979 scit
1627 936 1771 980 suae
1799 916 1959 981 vitae
1986 916 2181 980 cibum
2202 967 2216 989 ,
2266 915 2565 979 dumwidet

499 1016 699 1093 illum,
753 1025 813 1080 et
854 1013 1038 1080 homo
1078 1025 1167 1081 est
1209 1013 1446 1085 Animal
1485 1017 1777 1083 rationale
1820 1026 1879 1079 et
1922 1017 2256 1105 spirituale,
2308 1015 2398 1081 hic
2435 1015 2566 1078 videt

500 1139 644 1184 suae
673 1117 862 1193 vitae,
902 1136 1020 1181 non
1049 1117 1135 1180 ita
1160 1117 1454 1205 corporis,
1493 1117 1599 1180 sed
1627 1118 1856 1182 animae
1886 1119 2111 1193 cibum,
2153 1118 2254 1203 qui
2281 1125 2367 1182 est
2390 1135 2563 1181 verum

502 1204 672 1292 fidei,
720 1219 771 1283 si
795 1220 977 1287 esurit
1006 1219 1205 1292 illum,
1260 1222 1319 1281 e't
1350 1218 1495 1304 petit
1523 1217 1687 1285 illum
1717 1240 1751 1283 a
1779 1219 2070 1292 Domino;
2118 1219 2398 1305 quicquid
2420 1219 2564 1281 etiam

503 1341 622 1384 non
678 1321 956 1407 recipitur
1008 1320 1339 1394 intellectu,
1404 1319 1517 1382 boc
1562 1341 1674 1387 nec
1717 1319 1989 1387 inhaeret
2030 1321 2352 1389 memoriae
2401 1316 2565 1405 quoad

502 1442 661 1497 rem,
712 1421 813 1486 sed
841 1421 1031 1487 solum
1061 1421 1257 1509 quoad
1288 1440 1496 1493 voces;
1548 1440 1734 1508 quare
1773 1443 1903 1485 cum
1944 1422 2314 1507 despeximus
2348 1440 2381 1484 e
2419 1419 2564 1484 Caelo

502 1524 562 1587 in
591 1522 917 1598 Mundum,‘
954 1545 1087 1595 -uon
1121 1523 1369 1587 vidimus
1398 1521 1745 1610 quiequam,
1798 1523 1900 1588 sed
1930 1523 2108 1588 modo
2141 1522 2468 1597 audivimus
2493 1541 2567 1584 so-

499 1647 627 1701 nos3
674 1626 986 1711 plerosque
1012 1623 1505 1688 disbarmonicos:
1555 1623 1655 1689 sed
1684 1624 2159 1693 enumerabimus
2186 1625 2402 1712 aliqua,
2444 1638 2566 1711 quae

498 1725 754 1791 Docti-e
802 1725 976 1794 Cleru
1021 1733 1408 1789 removerunt
1453 1724 1528 1787 ab
1575 1723 1907 1801 intellectu,
1974 1747 2093 1791 non
2140 1718 2389 1791 scientes
2437 1718 2564 1810 quod

497 1827 672 1891 binae
703 1827 834 1893 viae
861 1826 939 1890 ad
967 1822 1336 1893 Intellectum
1364 1825 1513 1902 sint,
1568 1847 1683 1890 una
1713 1849 1745 1888 e
1774 1826 2002 1891 Mundo
2038 1837 2096 1891 et
2123 1825 2313 1891 altera
2343 1849 2375 1890 e
2400 1823 2566 1897 Caelo,
2651 1834 2652 1907 ξ

501 1929 744 2016 etquod
778 1928 1066 1991 Dominus
1092 1925 1382 1990 subducat
1406 1926 1765 1991 intellectum
1797 1948 1829 1989 e
1859 1928 2117 2006 Mundo,
2174 1928 2567 1993 dum·illustrat
2651 1916 2652 1935 ¹

496 2028 694 2105 iumm
750 2038 809 2092 at
835 2029 882 2093 si
911 2026 1251 2092 Intellectus
1282 2029 1575 2095 clauditur
1599 2050 1672 2093 ex
1703 2029 2047 2116 Religione,
2102 2029 2399 2093 clauditur
2422 2028 2469 2091 ei
2494 2025 2567 2091 via
2651 2030 2652 2033 ’

497 2154 531 2194 e
560 2128 774 2206 Caelo,
826 2140 887 2193 et
913 2139 1053 2192 tunc
1079 2129 1405 2195 homanon
1435 2131 1565 2223 ptus
1589 2130 1852 2199 videt-in
1895 2130 2108 2203 Verbo·
2142 2151 2323 2216 quam
2365 2148 2567 2194 caecus:
2651 2140 2652 2197 ἡ

501 2232 750 2297 vidimus
778 2230 971 2315 plures
999 2231 1144 2294 tales
1171 2231 1446 2294 cecidisse
1474 2232 1531 2295 in
1560 2228 1798 2307 foveas,
1849 2253 1882 2295 e
1913 2233 2125 2317 quibus
2164 2253 2288 2295 non
2334 2248 2568 2295 surrexe·
2651 2252 2652 2267 ¹

496 2341 652 2398 runt.
692 2331 862 2395 -Sint
918 2331 1201 2420 Exempla
1244 2331 1657 2410 illustrationi,
1721 2354 1924 2398 annon
1976 2332 2309 2420 intelligere
2362 2327 2569 2422 potestis
2651 2342 2652 2426 J

498 2433 636 2521 quid
665 2433 935 2498 Charitas
962 2445 1020 2498 et
1046 2433 1425 2521 quidFides,
1477 2434 1635 2520 quod
1665 2434 2051 2504 Charitassit
2093 2437 2243 2499 bene
2272 2457 2422 2499 -curn
2461 2452 2568 2518 pro-
2651 2431 2652 2436 ’

498 2535 654 2597 ximo
697 2553 908 2620 ager-e,
960 2546 1019 2599 et
1064 2534 1221 2621 quod
1251 2534 1425 2602 Fides
1456 2529 1717 2600 sitrecte
1748 2536 1820 2602 de
1849 2537 2016 2611 Deo,
2067 2545 2125 2603 et
2168 2535 2242 2600 de
2265 2525 2569 2602 essentiali-

498 2637 610 2699 bus
638 2635 933 2700 Ecclesiae
961 2638 1224 2723 cogitare
1246 2683 1262 2710 ,
1315 2645 1374 2700 et
1397 2636 1536 2698 inde
1567 2636 1724 2722 qnod
1752 2637 1854 2722 qui
1893 2637 2045 2702 bene
2078 2636 2199 2725 agit
2225 2646 2288 2700 et
2317 2647 2472 2701 recte
2495 2653 2569 2695 co-

502 2736 695 2824 gitat,·
733 2735 846 2800 hoc
894 2748 1012 2813 est,
1067 2737 1166 2823 qui
1213 2736 1364 2802 bene
1409 2738 1657 2801 vivit-et
1702 2748 1863 2804 recte
1906 2739 2123 2815 credit,
2170 2738 2467 2809 salvatum
2512 2730 2568 2796 ad

498 2837 647 2902 haec
672 2838 947 2902 dixerunt
977 2838 1136 2923 quod
1165 2837 1526 2922 intelligant„
1594 2839 1786 2904 Porro
1832 2838 2103 2904 dixerunt
2140 2836 2405 2925 Angeli‚'
2439 2829 2568 2923 quod

500 2931 935 3022 Paenitentiassa
967 2938 1220 3024 peccatis
1247 2938 1484 3025 agenda
1505 2941 1609 3016 sit,
1663 2949 1729 3002 ut
1770 2937 1953 3006 horno
1995 2941 2288 3015 salvetur,
2344 2951 2403 3008 et
2439 2932 2569 3025 quod

498 3039 607 3106 nisi
636 3037 816 3103 homo
844 3035 1264 3127 paenitentiam
1292 3038 1444 3125 agit,
1484 3049 1720 3105 maneat
1748 3040 1808 3103 in
1831 3042 2121 3128 peccatis,
2160 3027 2226 3103 in'
2247 3063 2400 3127 quae
2429 3046 2571 3102 natus

497 3143 618 3216 est,
672 3151 733 3204 et
759 3140 916 3234 quod
949 3141 1364 3228 paenitentiam
1398 3161 1574 3227 agere
1596 3189 1612 3216 ‚
1664 3141 1739 3206 sit
1766 3162 1888 3206 non
1916 3143 2068 3209 velle
2101 3143 2426 3230 malaquia
2459 3142 2572 3206 suni

497 3243 920 3309 contra-Deum
941 3288 961 3315 ‚
988 3260 1079 3305 ¹ac
1105 3243 1286 3305 semel
1313 3252 1416 3305 aut
1446 3240 1533 3305 bis
1559 3243 1621 3308 in
1648 3264 1805 3306 anno
1833 3243 2087 3310 scrutari
2113 3264 2173 3308 se
2191 3292 2209 3321 ,
2260 3245 2460 3310 videre
2485 3255 2570 3304 sua

474 3345 679 3418 (mala,
737 3342 1005 3410 confiteri
1057 3342 1157 3406 illa
1211 3364 1414 3420 coram
1469 3342 1764 3417 Domine,
1818 3345 2135 3430 implorare
2189 3353 2398 3431 opem,
2446 3336 2569 3405 desi·

434 3460 447 3468 “
496 3457 655 3511 stere
681 3444 924 3517 abillis,
980 3453 1033 3505 et
1067 3445 1245 3508 vitam
1270 3461 1493 3514 ⁴novam
1522 3444 1706 3519 inire,
1759 3454 2130 3532 etquantum
2160 3445 2273 3510 hoc
2318 3445 2500 3518 facit,·
2526 3444 2572 3501 et

494 3548 680 3611 credit
722 3547 780 3608 in
825 3545 1181 3619 Dominum,
1233 3554 1470 3610 tanturn
1506 3554 1743 3632 peccata
1789 3549 2217 3618 remittantum.
2253 3556 2400 3614 tunc
2438 3545 2571 3610 dixe·

450 3639 455 3642 ¹
495 3647 713 3731 run'tz‘e
742 3645 968 3720 Gaetu,
1023 3644 1169 3708 baec
1216 3644 1628 3729 intelligimus,
1680 3645 2260 3733 et·sic'etiam»quid
2307 3640 2569 3713 Remissio

495 3756 888 3834 peecatorum.
974 3746 1047 3810 Et
1077 3757 1216 3811 tunc
1243 3755 1616 3831 rogaverunt·
1637 3742 1898 3834 Angelos
1932 3758 1995 3812 ut
2035 3747 2425 3814 informarent
2453 3739 2570 3808 'illos

477 3846 772 3934 amplius,
827 3855 884 3909 et
929 3847 1163 3933 quidem
1209 3867 1365 3910 nunc
1403 3848 1476 3911 de
1515 3848 1676 3925 Deo,
1730 3850 1803 3913 de
1843 3848 2567 3930 Immortalitate:.animae,

493 3946 1121 4033 de³Regcneratione,.
1160 3958 1217 4013 et
1245 3948 1317 4011 de
1345 3948 1684 4037 Baptismo;
1719 3947 1964 4037 -Angeli
1992 3951 2066 4016 ad
2105 3948 2253 4016 baec
2283 3944 2570 4038 responde·

492 4049 664 4123 hant,
700 4050 1148 4115 nonxdicemus
1190 4051 1508 4138 quicquam
1558 4047 1665 4116 nisi
1712 4052 1872 4138 quod
1916 4052 2300 4138 in‘telligitis„5
2329 4045 2567 4135 [alioquin

486 4150 649 4214 ‘cadit
675 4172 871 4215 sermo
903 4162 1133 4231 noster,
1184 4152 1339 4218 sicut
1371 4152 1569 4239 pluvia
1612 4154 1669 4214 in
1704 4171 1980 4229 arenam,
2031 4166 2088 4216 et
2131 4153 2190 4214 in·
2227 4149 2449 4218 ‘semina
2485 4143 2566 4217 ibi,

494 4261 645 4338 qnae
678 4261 1035 4342 utcunque-e
1064 4253 1249 4320 Caelo·
1272 4253 1517 4340 irrigata
1538 4301 1552 4328 ,
1597 4274 1788 4340 usque.
1809 4251 2218 4321 emarcescunt
2237 4252 2563 4344 eupereunt.
