2750 4775
707 384 985 438 INDEX
1029 386 1780 443 MEMORABILIUM.
2212 406 2316 455 383

302 542 444 607 solis
481 540 667 604 literis
702 561 805 603 seu
845 540 1089 629 syllabis
1118 541 1231 616 ibi,
1286 541 1387 627 qui
1431 551 1552 618 est,
1609 540 1778 632 quod
1801 544 2101 611 Dominus
2139 553 2320 615 etiam

305 647 386 707 sit
418 644 754 706 niisericors
785 639 910 704 illis
936 644 1044 733 qui
1068 637 1482 729 malefaciunt,
1537 663 1610 704 n:
1660 647 1807 706 278.

204 742 466 809 xxxlt.
521 742 697 822 Quod
745 751 883 805 ante
929 743 1191 806 Verbum
1228 741 1616 825 Israeliticum
1648 742 1826 806 suerit
1867 745 2168 822 Verbum,
2215 769 2316 813 cu-

296 844 392 930 jus
409 842 574 906 Libri
596 842 935 930 Prophetici
968 843 1163 906 vocati
1192 843 1737 917 suntEuuu‘rrATA,
1767 853 1825 906 et
1857 844 2136 909 Historici
2157 848 2315 912 Bm,-

299 964 382 1007 LA
424 943 760 1017 JEROVAE,
814 953 872 1005 et
912 952 1146 1029 praeter
1189 943 1297 1007 hos
1338 945 1517 1006 etiam
1564 943 1743 1007 Liber
1780 945 2067 1008 Jsscnan
2106 947 2314 1024 dictus,

293 1044 408 1129 qui
438 1054 560 1106 tres
603 1044 777 1108 etiam
808 1045 1188 1107 nominantur
1220 1044 1279 1105 in
1310 1053 1514 1107 nostro
1559 1044 1797 1116 Verbo;
1856 1054 1914 1108 et
1956 1046 2114 1131 quod
2144 1044 2314 1111 Anti-

300 1165 487 1230 quum
517 1142 657 1206 illud
686 1143 949 1208 Verbum
980 1142 1241 1206 fueritin
1270 1145 1464 1211 Terra
1493 1145 1806 1219 Canaane,
1853 1146 2027 1235 Syria
2048 1194 2064 1222 ,
2118 1148 2315 1214 Meso·

301 1244 600 1331 potamia,
670 1241 924 1318 Arabia,
994 1242 1233 1332 Assyria
1254 1294 1267 1315 ‚
1341 1243 1640 1311 Chaldaea
1664 1295 1677 1320 ,
1747 1242 2053 1335 Aegypto,
2121 1249 2312 1338 Tyro,

297 1344 528 1408 Zidone
555 1352 613 1408 et
641 1343 893 1415 Ninive;
950 1356 1010 1407 at
1049 1345 1207 1431 quod
1249 1345 1416 1421 Hoc,
1470 1347 1608 1432 quia
1655 1346 1889 1430 plenum
1934 1357 2064 1410 erat
2098 1348 2313 1415 talibus

300 1444 885 1531 correspondentiis,
940 1463 1093 1529 quae
1117 1455 1348 1508 remote
1378 1444 1709 1529 significant
1738 1446 2013 1510 caelestia
2047 1458 2106 1509 et
2144 1449 2313 1535 spiri-

299 1545 520 1620 tualia,
574 1566 726 1630 quae
769 1566 973 1609 ansam
1015 1544 1305 1609 dederunt
1344 1545 1737 1622 Idololatriis,
1794 1569 1863 1610 ex
1902 1546 2119 1612 Divina
2162 1550 2311 1614 Pro-

299 1646 565 1710 videntia
596 1645 919 1710 evanuerit.
1003 1645 1252 1720 Audivi,
1306 1648 1464 1732 quod
1507 1649 1709 1711 Moses
1744 1668 1816 1709 ex
1853 1647 1953 1710 illo
1983 1648 2185 1712 Verbo
2211 1669 2311 1712 ex-

298 1746 602 1834 scripserit
629 1745 727 1810 ilia
766 1767 919 1833 quae
946 1747 1019 1809 de
1057 1745 1394 1819 creatione,
1426 1747 1658 1811 Adamo
1685 1756 1744 1810 et
1774 1747 2016 1822 Chaiva,
2048 1749 2309 1825 Diluvio,

303 1867 376 1909 ac
416 1848 496 1910 de
537 1845 826 1918 Noacbo,
880 1857 939 1909 et
987 1848 1060 1909 de
1107 1847 1295 1911 tribus
1349 1849 1474 1932 ejus
1522 1847 1710 1918 Finis,
1769 1849 2151 1924 memoravit,
2206 1851 2308 1914 sed

302 1968 420 2017 non
479 1947 739 2010 ulterius
820 1947 997 2026 Quod
1049 1946 1201 2009 idem
1263 1947 1406 2011 illud
1452 1949 1718 2013 Verbum
1763 1949 1917 2035 apud
1958 1951 2204 2036 populos
2248 1951 2306 2013 in

302 2047 634 2112 ΤΑιιτΑιιιΑ
664 2067 890 2113 MAGNA
919 2047 1111 2112 adbuc
1141 2058 1507 2113 reservatum
1535 2050 1629 2123 sit,
1662 2058 1720 2111 et
1747 2049 1902 2134 quod
1931 2069 2002 2111 ex
2029 2049 2130 2113 illo
2158 2050 2309 2115 bau-

302 2146 455 2210 riant
502 2158 814 2234 praecepta
854 2170 995 2212 suae
1036 2148 1171 2212 fidei
1215 2157 1273 2211 et
1312 2149 1500 2224 vitae,
1557 2149 1616 2210 in
1648 2149 1874 2214 Mundo
1913 2149 2202 2235 spirituali
2236 2173 2307 2215 ex

306 2243 544 2332 Angelis
573 2249 706 2311 inde
739 2248 878 2311 mihi
908 2251 1159 2313 relatum
1190 2258 1306 2324 est,
1363 2269 1436 2310 ιι.
1496 2254 1643 2313 2Ἷ9.

204 2341 484 2413 XXXIII
527 2348 705 2428 Quod
727 2349 806 2413 illi
837 2350 935 2437 qui
962 2351 1023 2412 in
1050 2349 1336 2437 spirituali
1367 2351 1599 2415 Mundo
1625 2359 1780 2424 sunt,
1808 2371 1928 2415 non
1959 2312 2179 2437 possint
2207 2372 2307 2440 ap·

309 2470 512 2531 parere
541 2451 651 2514 illis
679 2452 777 2534 qui
807 2450 864 2513 in
892 2451 1190 2526 Naturali,
1245 2472 1354 2515 nec
1385 2451 1653 2526 vicissim,
1706 2451 1788 2515 ita
1823 2473 1945 2515 ιι-οιι
1971 2452 2221 2539 Spiritus
2249 2464 2307 2517 et

312 2546 896 2634 Angelibominibus,
927 2572 1054 2614 nec.
1072 2550 1130 2613 hi
1158 2551 1288 2627 illis,
1317 2562 1561 2639 propter
1590 2570 1932 2616 msc-,nmen
1965 2573 2151 2617 mrsu
2175 2553 2308 2617 sm-

315 2666 574 2714 ntTUALE
601 2673 679 2715 Er
704 2671 1053 2726 annuam,
1095 2673 1197 2716 seu
1232 2653 1389 2737 quod
1423 2652 1598 2729 idem,
1646 2654 1797 2715 inter
1836 2653 2222 2717 substantiale
2250 2665 2310 2716 et

312 2751 642 2815 materiale:
686 2742 757 2814 ex
774 2750 887 2815 bac
917 2753 1143 2838 origine
1170 2761 1276 2828 est,
1296 2753 1455 2838 quod
1482 2753 1782 2838 spiritibus
1809 2762 1866 2814 et
1893 2751 2116 2837 angelis
2140 2775 2305 2837 pror·

303 2870 400 2915 sus
426 2852 541 2916 alia
570 2853 819 2938 Lingua,
863 2853 974 2916 alia
1003 2853 1331 2940 Scriptura,
1372 2864 1432 2917 et
1461 2872 1698 2939 quoque
1734 2850 1848 2914 alia
1881 2850 2176 2936 Cogitatio
2212 2853 2306 2928 sit,

302 2973 478 3038 quam
506 2974 660 3038 quae
687 2963 774 3016 est
801 2952 1167 3019 bominibus:
1223 2953 1382 3038 quod
1411 2955 1491 3017 ita
1519 2954 1613 3028 sit,
1641 2953 1943 3014 detectum
1972 2963 2058 3014 est
2086 2972 2192 3037 per
2219 2953 2306 3020 vi-

301 3074 435 3116 vam
465 3054 889 3140 experientiam
909 3101 924 3129 ,
964 3075 1118 3138 quae
1148 3053 1301 3117 sacta
1335 3064 1423 3118 est
1451 3053 1607 3138 quod
1637 3072 1738 3140 per
1771 3052 1926 3115 vices
1954 3051 2307 3115 intraverint

298 3154 371 3216 ad
392 3175 532 3219 suos
551 3162 612 3216 et
639 3154 920 3218 redierint
940 3155 1015 3218 ad
1030 3175 1150 3227 me,
1170 3164 1225 3216 et
1252 3156 1335 3216 sic
1356 3153 1744 3218 contulerintz
1782 3151 1917 3213 inde
1939 3160 2305 3237 compertum

295 3265 404 3328 est,
462 3255 621 3338 quod
649 3263 723 3316 ne
753 3255 988 3342 quidem
1034 3274 1148 3318 una
1192 3274 1306 3317 vox
1346 3253 1612 3338 Linguae
1650 3250 1969 3337 spiritualis
2013 3251 2187 3316 detur
2230 3253 2307 3317 si·

296 3356 450 3418 milis
495 3356 668 3418 alicui
697 3357 828 3419 voci
862 3355 1130 3440 Linguae
1158 3351 1470 3418 naturalis:
1522 3362 1580 3416 et
1616 3352 1779 3437 quod
1818 3351 2125 3439 Scriptura
2152 3352 2306 3422 ‘illo-

294 3477 428 3519 rum
460 3465 756 3520 constaret
786 3477 857 3518 ex
884 3454 1155 3545 syllabis,
1210 3475 1460 3541 quarum
1489 3441 1857 3540 unaquaevis
1878 3452 2136 3519 ,involvit
2174 3475 2306 3519 sen·

291 3577 426 3620 sum
472 3555 719 3642 alicujus
763 3558 881 3628 rei;
935 3566 992 3619 et
1045 3557 1201 3641 quod
1258 3555 1439 3619 Ideae
1484 3553 1855 3640 cogitationis
1903 3552 2139 3617 illorum
2184 3576 2306 3618 ιιοιι

291 3656 515 3726 cadant
560 3657 621 3719 in
656 3657 816 3720 ideas
844 3656 1216 3742 cogitationis
1260 3656 1572 3727 naturalis;
1629 3675 1807 3720 causa
1846 3653 2057 3718 borum
2106 3654 2308 3720 discri-

291 3758 522 3820 minum
552 3766 637 3821 est
657 3803 674 3830 ,
705 3757 862 3844 ¹quia
891 3756 1130 3841 spiritus
1157 3767 1216 3821 et
1248 3756 1444 3844 angeli
1483 3766 1617 3821 sunt
1644 3757 1702 3822 in
1735 3755 2063 3844 principiis,
2117 3754 2308 3820 homi-

231 3885 240 3892 ·
289 3871 397 3922 nes
425 3867 624 3921 autem
656 3858 714 3920 in
744 3856 1132 3943 principiam,
1161 3878 1288 3924 xseu
1317 3857 1475 3945 quod
1504 3857 1585 3920 illi
1613 3857 1674 3921 in
1703 3855 1998 3945 prioribus
2024 3866 2181 3932 sunt,
2235 3877 2307 3920 ex

289 3958 508 4046 quibus
537 3970 600 4021 ut
627 3957 819 4022 causis
848 3968 981 4029 sunt
1010 3959 1357 4045 posteriora,
1410 3968 1468 4021 et
1495 3958 1765 4024 homines
1788 3958 1848 4019 iu
1881 3956 2306 4043 posterioribus

287 4080 360 4124 ex
389 4058 518 4121 illis.
576 4058 816 4122 Dictum
846 4066 965 4134 est,
1019 4058 1179 4145 quod
1205 4058 1394 4123 simile
1422 4057 1739 4128 discrimen
1769 4058 1842 4123 sit
1870 4056 2025 4120 inter
2057 4056 2307 4145 linguas,

287 4158 615 4247 scripturas
660 4168 719 4224 et
759 4159 1148 4246 cogitationes
1176 4154 1540 4245 Angelorum
1583 4157 1741 4222 tertii
1772 4155 1937 4221 Caeli
1965 4165 2022 4219 et
2048 4152 2308 4244 Angelo-

292 4281 424 4324 rum
453 4259 730 4354 secundi,
783 4281 854 4323 n:
890 4263 1036 4324 280.
