2750 4775
649 380 809 433 V111.
890 380 1302 434 LIBERUM
1359 379 1899 435 ARBITRIUM.
2282 395 2347 444 17

239 534 453 608 intrat,
502 533 613 597 sub
641 533 753 598 illis
779 543 914 597 sunt
943 533 1136 601 civilia
1157 580 1172 608 ‚
1227 533 1474 598 moralia
1503 543 1559 596 et
1588 536 1915 611 naturalia,
1971 555 2121 621 quae
2154 535 2213 598 in
2242 534 2351 601 bo-

241 636 400 698 mine
441 654 676 697 omnem
716 656 882 700 suam
915 636 1094 698 vitam
1124 627 1416 722 recipiunt
1443 656 1475 698 a
1504 635 1935 722 spiritualibus,
1989 657 2142 722 quae
2171 658 2350 724 supra

238 736 340 798 illa
370 734 605 809 sedent,
658 743 717 798 et
758 736 893 822 quia
942 735 1060 799 vita
1104 757 1137 798 a
1180 737 1470 823 supremis
1497 734 1687 798 influit
1715 756 1748 799 a
1777 737 2069 812 Domino,
2122 758 2192 801 ac
2224 738 2345 804 vita

239 834 498 900 hominis
524 845 612 898 est
641 857 823 924 [ιοεςιιιν
838 836 1022 899 libere
1054 835 1351 921 cogitare,
1408 836 1590 911 velle,
1644 846 1702 899 et
1731 835 1865 897 inde
1894 836 2056 923 loqui
2090 845 2146 900 et
2187 836 2348 902 face·

238 958 363 1010 re„
393 935 661 1022 sequitur
697 936 856 1022 quod
886 937 1022 999 inde
1054 946 1111 1000 et
1140 959 1257 1000 non
1289 936 1525 1001 aliunde
1553 935 1626 1000 sit
1654 936 1903 998 liberum
1935 936 2243 1001 arbitrium
2289 939 2347 1000 in

241 1036 496 1125 politicis
535 1047 593 1099 et
652 1036 1054 1102 naturalibus:
1129 1059 1199 1099 ex
1249 1037 1536 1124 spirituali
1582 1035 1681 1101 illo
1727 1036 1947 1100 Libero
1993 1045 2080 1100 est
2123 1036 2348 1102 homini

240 1137 543 1225 perceptio
572 1137 711 1200 boni
743 1147 800 1200 et
829 1138 989 1212 veri,
1044 1159 1114 1200 ac
1140 1138 1275 1222 justi
1314 1147 1370 1200 et
1413 1140 1558 1201 recti
1592 1137 1649 1199 in
1682 1135 1980 1212 civilibus,
2033 1157 2186 1223 quae
2218 1159 2350 1226 per-

239 1237 434 1325 ceptio
476 1246 562 1300 est
603 1238 724 1324 ipse
766 1238 1099 1302 intellectus
1135 1238 1193 1299 in
1234 1259 1336 1301 sua
1380 1238 1651 1302 essentia.
1706 1237 1988 1301 Liberum
2030 1237 2347 1301 arbitrium

237 1338 498 1401 hominis
526 1338 585 1400 in
614 1338 1033 1425 spiritualibus,
1089 1347 1174 1402 est
1207 1339 1615 1424 comparative
1644 1338 1793 1401 sicut
1825 1343 1927 1400 a‘er
1955 1337 2020 1400 in
2048 1337 2346 1423 pulmone,

238 1440 341 1525 qui
381 1439 703 1502 secundum
745 1461 952 1503 omnes
997 1439 1152 1502 vices
1186 1439 1561 1522 cogitationis
1588 1438 1745 1523 ejuS,
1800 1436 2150 1513 attrahitur,
2203 1438 2350 1502 deti-

239 1552 422 1603 netur
468 1547 526 1601 et
568 1540 885 1615 emittitur,
938 1549 996 1602 et
1035 1538 1192 1625 quod
1231 1540 1458 1624 absque
1488 1561 1559 1603 eo
1589 1539 1740 1603 foret
1770 1538 1824 1601 ei
1855 1539 2020 1625 pejus
2048 1559 2225 1625 quam
2264 1539 2350 1603 illi

238 1641 340 1727 qui
369 1640 621 1715 incubo,
676 1640 888 1725 angina
917 1648 974 1702 et
1002 1640 1293 1703 asthmate
1323 1641 1576 1705 laborat.
1635 1640 1707 1703 Et
1738 1639 1894 1725 quod
1924 1638 1999 1701 sit
2025 1638 2176 1703 sicut
2211 1660 2356 1726 sano

238 1742 372 1827 guis
398 1742 458 1802 in
489 1739 698 1813 corde,
752 1742 855 1830 qui¹
879 1741 924 1805 si
948 1741 1237 1829 inciperet
1265 1739 1551 1816 deficere,
1603 1759 1707 1803 cor
1733 1740 1990 1825 primum
2014 1739 2353 1828 palpitaret,

237 1850 298 1905 et
329 1850 458 1930 post
487 1841 904 1907 convulsiones
931 1842 1268 1906 omnimode
1308 1842 1654 1928 quiesceret.
1713 1840 1786 1903 Et
1829 1838 1985 1903 foret
2022 1838 2174 1904 sicut
2217 1863 2350 1905 cor-

241 1963 352 2028 pus
383 1951 640 2017 motum,
693 1942 854 2027 quod
884 1941 1072 2006 fertur
1100 1942 1382 2027 quamdiu
1413 1942 1463 2005 ei
1502 1950 1750 2006 conatus
1779 1941 1964 2014 inest,
2016 1948 2075 2003 et
2118 1962 2233 2004 una
2269 1941 2352 2006 si-

243 2043 365 2105 mul
407 2051 669 2112 cessant;
720 2042 801 2105 sic
832 2043 1008 2105 etiam
1039 2052 1126 2105 est
1155 2062 1287 2104 cum
1318 2041 1507 2116 libero
1538 2041 1804 2116 arbitrio,
1834 2041 1892 2102 in
1927 2061 2046 2125 quo
2076 2040 2353 2108 voluntas

241 2143 498 2207 hominis
525 2151 642 2214 est;
699 2151 1049 2226 utrumque,
1102 2141 1275 2204 simul
1318 2141 1570 2206 liberum
1616 2141 1921 2204 arbitrium
1967 2151 2026 2203 et
2055 2142 2349 2219 voluntaS,

242 2244 303 2306 in
333 2242 575 2305 homine
607 2241 811 2306 vocari
841 2250 1030 2327 potest
1062 2245 1308 2305 conatus
1338 2241 1436 2309 viv
1445 2264 1525 2314 uS,
1583 2262 1722 2305 nam
1751 2249 2012 2304 cessante
2042 2241 2351 2308 voluntate

243 2350 434 2421 cessat
464 2340 652 2416 actio,
705 2351 763 2404 et
794 2350 1056 2406 cessante
1084 2340 1272 2407 libero
1302 2340 1552 2406 arbitrio
1582 2352 1767 2407 cessat
1798 2342 2087 2406 voluntas.
2144 2343 2207 2408 si
2247 2364 2355 2409 au-

245 2444 506 2507 ferretur
552 2442 804 2523 liberum
850 2442 1150 2527 spirituale
1195 2440 1449 2519 homini,
1506 2443 1681 2505 etiam
1725 2443 2130 2527 comparative
2178 2444 2353 2523 foret,

240 2545 393 2611 sicut
432 2541 813 2606 auferrentur
851 2553 1020 2606 rotae
1054 2565 1086 2607 a
1117 2542 1437 2618 machinis,
1493 2541 1734 2606 brachia
1766 2544 2108 2630 recipientia
2150 2551 2351 2610 a‘erem

242 2666 277 2707 a
321 2644 520 2718 molis,
578 2665 646 2707 ac
686 2643 819 2709 vela
851 2665 885 2707 a
913 2644 1179 2709 navibus.
1239 2644 1368 2707 Imo
1399 2643 1552 2707 foret
1581 2644 1729 2708 sicut
1759 2667 1890 2707 cum
1923 2642 2195 2722 bomine,
2250 2646 2353 2733 qui

238 2746 507 2832 spiritum
548 2743 791 2818 emittit,
848 2765 980 2808 cum
1014 2746 1296 2809 moritur:
1353 2745 1473 2812 vita
1520 2745 1672 2809 enim
1716 2747 1955 2834 spiritus
1995 2741 2251 2810 hominis
2291 2746 2353 2810 in

237 2847 432 2910 libero
472 2846 598 2930 ejus
639 2844 887 2909 arbitrio
931 2846 990 2908 in
1032 2845 1436 2931 spiritualibus
1477 2844 1769 2939 consistit3
1836 2845 2049 2930 Angeli
2090 2856 2354 2932 gemunt,

239 2947 381 3009 dum
424 2945 600 3009 modo
644 2945 890 3020 dicitur,
946 2946 1103 3031 quod
1145 2945 1259 3010 hoc
1287 2945 1568 3009 Liberum
1602 2943 1915 3011 arbitrium
1950 2964 1984 3008 a
2013 2946 2212 3012 multis
2241 2948 2357 3012 Mi-

237 3047 440 3116 nistris
483 3045 781 3109 Ecclesiae
833 3046 1008 3109 hodie
1067 3056 1345 3133 negetur,
1419 3055 1477 3109 et
1528 3056 1744 3110 vocant
1787 3045 2168 3131 negationem
2212 3047 2358 3134 ejus,

237 3147 512 3211 delirium
541 3136 726 3235 ‘supra
768 3146 1055 3229 delirium.

237 3372 428 3458 Quod
469 3373 696 3465 absque
732 3368 950 3438 Libero
987 3370 1263 3439 Arbitrio
1308 3377 1369 3436 in
1409 3369 1859 3465 spiritualibus,
1917 3366 2190 3438 Verbum
2228 3396 2354 3440 non

292 3471 477 3562 foret
529 3472 793 3562 alicujus
837 3499 1016 3549 usne,
1074 3487 1506 3566 consequenter
1539 3471 1822 3538 Ecclesia
1865 3494 1973 3541 nec
2016 3471 2273 3565 aliquid.

395 3652 542 3712 483.
596 3649 822 3713 Notum
864 3658 953 3714 est
991 3650 1051 3713 in
1082 3650 1379 3715 Universo
1407 3638 1748 3715 Christiano
1775 3650 1956 3726 orbe,
2008 3650 2171 3737 quod
2200 3651 2354 3717 Ver·

164 3796 173 3801 -
239 3754 383 3815 bum
425 3752 499 3814 sit
533 3751 590 3812 in
622 3750 741 3815 lato
770 3750 959 3815 sensu
989 3750 1144 3827 Lex,
1197 3771 1301 3813 seu
1328 3749 1510 3812 Liber
1551 3750 1782 3835 legum,
1834 3751 2158 3817 secundum
2206 3773 2355 3837 quas

235 3836 727 3928 homo‘victurus
767 3860 884 3927 est,
946 3861 1008 3914 ut
1050 3853 1232 3914 vitam
1275 3861 1578 3929 aeternam
1620 3850 1937 3925 sortiatur3
1996 3861 2053 3915 et
2093 3853 2233 3939 quid
2275 3852 2357 3916 ibi

235 3951 615 4040 frequentius
649 3952 895 4035 dicitur,
948 3973 1136 4037 quam·
1169 3951 1327 4038 quod
1376 3949 1557 4014 homo
1601 3950 1981 4015 facturus‘sit
2025 3952 2248 4016 bonum
2296 3960 2356 4016 et

237 4074 362 4115 non
403 4052 651 4126 malum,
705 4062 762 4115 et
792 4054 949 4139 quod
992 4053 1327 4116 crediturus
1363 4051 1440 4115 sit
1467 4050 1524 4112 in
1553 4051 1781 4127 Deum,
1836 4063 1895 4115 et
1928 4074 2044 4116 non
2075 4053 2136 4114 iu
2162 4052 2353 4122 idolam

238 4162 300 4216 et
340 4162 428 4217 est
467 4151 610 4214 illud
642 4152 879 4240 plenum
914 4153 1208 4238 mandatis
1238 4161 1295 4214 et
1325 4151 1836 4214 exhortationibus
1865 4151 1939 4214 ad
1967 4151 2097 4228 illa,
2154 4172 2225 4214 ac
2252 4151 2355 4212 be-

240 4251 676 4327 nedictionibus
714 4274 784 4319 ac
826 4233 1100 4341 pollicitis
1133 4252 1531 4340 praemiorum
1564 4273 1669 4339 pro
1700 4251 1811 4315 illis
1840 4252 1940 4337 qui
1969 4250 2228 4365 faciunt,
2281 4266 2352 4309 ac

1880 4349 1931 4410 Β
