2750 4775
399 339 504 386 3111
625 324 1088 378 UMVERSA
1140 322 1680 378 TIIEOLOGIA
1728 323 1793 376 N.
1837 322 1901 376 C.
1940 322 2049 375 ΕΤ
2090 322 2158 375 N.
2202 324 2265 375 E..

398 499 516 544 nna
545 499 680 543 cum
707 497 814 542 sna
843 477 1018 542 turba
1060 478 1284 562 ejectos
1321 485 1445 553 est,
1502 476 1785 542 Calvinus
1821 496 1885 541 se
1932 476 2183 540 contulit
2220 476 2285 538 in
2322 497 2500 563 quan—

397 581 534 644 dam
575 578 817 645 domum
863 578 1288 653 meretriciam,
1351 588 1410 642 et
1451 579 1535 644 ibi
1562 585 1826 642 moratus
1862 597 1968 664 per
1996 577 2238 663 aliquod
2267 586 2501 664 tempus.

397 681 470 744 V.
527 679 600 743 Et
646 679 784 766 quia
815 688 957 743 tunc
998 678 1212 744 fruitus
1256 687 1345 744 est
1388 678 1660 743 libertate
1704 676 2227 763 circumvagandi,
2281 687 2340 741 et
2369 701 2507 765 qno-

398 802 517 868 que
569 779 808 869 propius
857 779 931 842 ad
979 781 1509 845 commorationem
1565 778 1667 842 ubi
1722 800 1921 866 eram,
1984 777 2341 852 accedendi,
2414 779 2509 843 dv

397 891 523 946 tum
553 890 642 946 est
667 881 829 967 quoi
858 901 991 944 cum
1030 880 1172 956 illo,
1221 888 1281 944 et
1309 880 1562 965 primum
1603 880 1677 944 de
1718 878 1898 944 Novo
1944 878 2158 953 Caelo,
2215 879 2381 964 quod
2412 879 2508 943 ho·

395 982 492 1046 die
529 981 806 1046 conditur
845 982 922 1044 ab
963 979 1107 1055 illis,
1160 981 1260 1067 qui
1302 980 1630 1044 Dominum
1676 980 1869 1043 solum
1916 1000 2025 1067 pro
2071 978 2208 1044 Deo
2255 980 2425 1044 Caeli
2461 988 2512 1043 et

411 1092 607 1147 terrae
661 1090 1026 1167 agnoscunt,
1091 1082 1414 1145 secundum
1475 1082 1663 1145 verba
1715 1079 1902 1167 Ipsius
1946 1079 2100 1166 apud
2162 1078 2509 1144 mathaeum

399 1177 542 1270 Cap.
578 1179 885 1247 XXVIII:
939 1185 1054 1253 18;
1099 1192 1156 1245 et
1197 1182 1356 1268 qnod
1396 1181 1453 1244 bi
1503 1181 1779 1257 credant,
1848 1173 2010 1267 quod
2050 1180 2184 1268 Ipse
2226 1190 2289 1245 et
2334 1182 2513 1246 Pater

343 1300 359 1314 ·
401 1304 582 1346 unum
626 1284 760 1357 sint,
825 1279 966 1346 Job.
1009 1283 1101 1346 Xz
1148 1287 1263 1351 30:
1317 1290 1379 1345 et
1403 1282 1562 1366 quod
1605 1282 1737 1368 Ipse
1776 1282 1848 1346 sit
1895 1282 1954 1342 in
1995 1281 2178 1346 Patre
2222 1290 2307 1342 et·
2335 1281 2512 1346 Pater

398 1384 460 1446 in
513 1382 676 1471 Ipso;
756 1393 816 1446 et
873 1382 1034 1469 quod
1089 1384 1188 1468 qui
1235 1383 1396 1445 videt
1441 1391 1502 1444 et
1555 1383 1857 1467 cognoscit
1910 1375 2132 1467 Ipsum,
2196 1379 2402 1446 videat
2457 1391 2513 1445 et

398 1484 719 1570 cognoscat
747 1484 1010 1558 Patrem,
1061 1482 1201 1546 Job.
1231 1479 1406 1547 xlv:
1444 1487 1480 1546 6
1510 1483 1583 1546 ad
1619 1487 1690 1546 11
1721 1509 1734 1544 ε
1781 1494 1840 1546 et
1868 1480 2029 1567 quod
2053 1481 2140 1545 sic
2169 1504 2325 1545 unus
2356 1483 2514 1547 Deus

395 1586 470 1649 sit
500 1586 556 1647 in
584 1583 847 1647 Ecclesia
873 1584 1021 1647 sicut
1051 1584 1109 1646 in
1136 1583 1348 1647 Caelo:
1397 1583 1470 1645 ad
1499 1605 1652 1670 quae
1681 1605 1715 1647 a
1742 1606 1836 1645 me
1866 1582 2021 1645 dicta
2052 1584 2333 1667 primum,
2367 1583 2514 1646 sicut

395 1685 603 1759 soluit,
657 1685 1142 1758 obmutescebat,
1194 1684 1299 1748 sed
1354 1691 1485 1768 post
1537 1685 1834 1749 semissem
1888 1681 2074 1746 borae
2115 1683 2294 1747 solvit
2341 1683 2514 1747 silen-

398 1786 578 1859 tium,
635 1794 693 1848 et
747 1785 927 1855 dixit,
979 1783 1163 1847 fuitne
1208 1783 1477 1848 Christus
1521 1785 1760 1859 Homo,
1815 1782 1969 1846 filius
2011 1783 2243 1847 Mariae
2290 1793 2513 1872 nuptae

395 1884 682 1972 Josepbo,
711 1884 1012 1970 quomodo
1043 1892 1234 1970 potest
1258 1884 1440 1950 homo
1468 1885 1706 1949 adorari
1738 1894 1800 1948 ut
1826 1885 2023 1956 Deus3
2075 1895 2135 1947 ot
2166 1884 2307 1948 dixi:
2351 1893 2512 1949 estne

392 1985 571 2050 Jesus
600 1984 865 2050 Christus
896 1985 1264 2071 Redemptor
1289 1994 1348 2048 et
1375 1985 1659 2050 Salvator
1690 1995 1921 2060 noster,
1976 1985 2142 2048 Deus
2180 1995 2242 2047 et
2286 1986 2511 2059 Homo,

396 2086 470 2149 ad
500 2084 657 2171 quod
688 2085 1007 2171 respondit,
1061 2095 1145 2149 est
1176 2085 1338 2150 Deus
1376 2094 1436 2148 et
1467 2088 1702 2161 Homo,
1754 2095 2016 2150 attamen
2047 2086 2352 2151 Divinitas
2393 2106 2511 2151 uon

394 2195 483 2251 est
511 2187 637 2271 ejus
663 2185 766 2248 sed
793 2194 878 2247 est
907 2185 1133 2256 Patris;
1189 2196 1245 2249 et
1275 2187 1575 2273 quaesivi,
1630 2187 1868 2250 ubinam
1913 2197 2054 2250 tunc
2093 2197 2182 2250 est
2224 2186 2512 2258 Christus,

393 2286 569 2360 dixit,
614 2294 701 2349 est
727 2286 787 2347 in
817 2283 1031 2349 infimis
1058 2286 1252 2362 Caeli,
1298 2287 1458 2373 qnod
1489 2285 1864 2354 confirmavit
1906 2308 2010 2373 per
2037 2285 2510 2350 humiliationem

392 2384 518 2469 ejus
545 2408 745 2449 coram
773 2384 986 2462 Patre,
1038 2398 1097 2451 et
1139 2387 1300 2474 quod
1343 2409 1547 2473 passus
1585 2387 1659 2452 sit
1702 2410 1765 2452 se
1810 2387 2106 2474 cruciligi;
2160 2386 2255 2452 bis
2297 2389 2512 2473 adjecit

394 2485 637 2549 dicteria
665 2486 725 2548 in
754 2485 992 2550 Cultum
1021 2488 1241 2576 Ipsius.
1298 2509 1453 2573 quae
1478 2498 1623 2552 tnnc
1649 2489 1709 2551 in
1740 2490 2086 2553 memoriam
2117 2489 2249 2573 ejus
2278 2514 2312 2551 e
2340 2490 2508 2552 Mun·

395 2587 473 2650 do
500 2587 897 2673 irrupserunt,
935 2611 1103 2675 =quae
1145 2590 1203 2652 in
1239 2608 1470 2654 summa
1513 2599 1715 2663 erant,
1767 2591 1925 2675 quod
1971 2589 2179 2654 Cultus
2224 2590 2355 2674 ejus
2396 2609 2508 2652 non

393 2686 553 2751 aliud
581 2687 685 2761 sit,
741 2710 918 2774 quam
963 2688 1339 2764 Idololatria,
1390 2700 1448 2753 et
1478 2690 1667 2753 voluit
1700 2689 1958 2776 adjicere
2000 2688 2245 2753 infanda
2295 2689 2370 2753 de
2414 2688 2509 2753 illo

394 2789 589 2864 cultu,
646 2811 849 2854 verum
879 2787 1120 2877 Angeli,
1178 2791 1277 2877 qui
1319 2791 1478 2876 apud
1520 2811 1614 2853 me
1649 2801 1855 2867 erant,
1904 2800 2390 2877 compresserunt
2427 2790 2508 2853 13-

398 2891 494 2954 bia
538 2891 694 2975 ejos;
747 2911 859 2975 ego
888 2911 1032 2954 vero
1059 2912 1133 2954 ex
1160 2890 1301 2954 Zelo
1333 2890 1718 2957 convertendi
1750 2891 1949 2965 illum,
1994 2890 2146 2964 dixi,
2197 2890 2365 2978 quod
2390 2891 2509 2955 Do-
2628 2906 2635 2909 “

397 2992 590 3054 minus
615 2991 897 3056 Salvator
924 3002 1126 3056 noster
1157 3012 1274 3055 non
1316 2992 1494 3055 modo
1523 2991 1597 3055 sit
1625 2991 1789 3055 Deus
1813 2990 2136 3064 etHomo,
2187 2990 2295 3056 sed
2338 2992 2508 3057 etiam

397 3090 557 3177 quod
585 3091 646 3154 in
675 3090 812 3178 Ipso
838 3092 999 3155 Deus
1023 3091 1098 3155 sit
1128 3092 1330 3155 Homo
1357 3100 1419 3154 et
1453 3091 1656 3156 Homo
1682 3091 1846 3156 Deus
1865 3140 1882 3167 ,
1927 3101 1988 3154 et
2011 3091 2127 3156 boc
2160 3090 2507 3157 confirmavi

398 3211 471 3253 ex
514 3191 739 3266 Paulo,
804 3191 984 3273 Quod
1027 3192 1086 3253 in
1134 3190 1269 3275 Ipso
1309 3192 1503 3256 omnis
1528 3191 1851 3278 ‘plenitudo
1891 3192 2238 3257 Divinitatis
2287 3191 2509 3256 habitet

397 3293 820 3378 corporaliter,
868 3291 1092 3356 Coloss.
1147 3291 1237 3354 II:
1292 3298 1362 3362 9;
1417 3301 1478 3355 et
1518 3314 1587 3354 ex
1631 3291 1941 3368 Jobanne,
1994 3293 2172 3373 Quod
2219 3293 2293 3356 sit
2337 3312 2510 3357 verus

396 3392 561 3456 Deus
599 3393 823 3458 etvita
852 3402 1127 3481 aeterna,
1183 3392 1420 3479 lEpist.
1452 3391 1535 3458 V:
1580 3394 1682 3456 20.
1731 3396 1849 3465 21;
1903 3403 2025 3457 tum
2068 3415 2140 3456 ex
2184 3392 2276 3457 his
2325 3391 2507 3479 Ipsius

395 3491 636 3556 Domini
670 3492 907 3569 Verbis,
961 3493 1137 3573 Quod
1170 3493 1444 3558 voluntas
1472 3493 1668 3558 Patris
1692 3493 1802 3570 sit,
1858 3502 1922 3557 ut
1948 3494 2139 3558 omnis
2179 3494 2281 3580 qui
2325 3492 2509 3557 credit

397 3591 459 3652 in
501 3588 746 3666 Filium,
797 3592 1014 3659 habeat
1064 3593 1626 3669 vitamaeternam,
1676 3603 1735 3657 et
1781 3594 1941 3679 quod
1984 3594 2084 3681 qui
2132 3615 2255 3656 non
2304 3593 2509 3668 credit,

397 3691 778 3757 non-visurus
806 3694 876 3754 sit
905 3695 1119 3768 vitam,
1172 3694 1271 3760 sed
1301 3696 1393 3758 ira
1419 3693 1533 3759 Dei
1559 3713 1736 3780 super
1763 3694 1863 3758 illo
1892 3703 2160 3769 maneat,
2206 3693 2348 3758 Joh.
2389 3692 2507 3756 111:

401 3794 504 3853 3-6.
564 3790 703 3877 Cap.
742 3791 1025 3864 V1240.;
1080 3814 1152 3857 ac
1190 3795 1460 3884 insuper,
1517 3794 1677 3880 quod
1721 3794 1895 3859 Fides
1935 3795 2303 3884 symbolica,
2354 3814 2504 3880 quae

395 3889 803 3957 Athanasiana
852 3902 1121 3969 vocatur,
1174 3895 1372 3975 dictet,
1430 3892 1591 3979 quod
1624 3893 1681 3956 in
1710 3893 1947 3959 Christo
1996 3895 2162 3960 Deus
2198 3904 2263 3958 et
2305 3895 2505 3959 Homo

397 4011 519 4056 non
547 3990 663 4055 sint
690 3992 840 4069 duo,
893 3994 993 4059 sed
1027 4015 1244 4071 unum,
1298 4006 1358 4059 et
1400 3993 1558 4081 quod
1601 3994 1716 4058 sint
1758 3997 1816 4059 in
1861 4017 1974 4060 una
2002 3996 2311 4071 Persona,
2360 3994 2506 4061 sicut

396 4092 592 4155 anima
622 4103 681 4157 et
710 4115 925 4181 corpus
946 4095 1005 4158 in
1032 4094 1291 4158 bomine.
1349 4095 1463 4159 His
1491 4093 1705 4160 auditis
1736 4096 2069 4184 respondit,
2126 4096 2270 4183 quid
2311 4095 2506 4161 omnia

396 4189 532 4267 illa,
589 4213 740 4277 quae
767 4193 1061 4282 protulisti
1091 4214 1160 4255 ex
1189 4194 1424 4268 Verbo,
1480 4194 1597 4275 nisi
1617 4193 1846 4276 inania,
1902 4206 2066 4262 estne
2103 4196 2374 4263 Verbum
2414 4196 2506 4261 Li·

2668 4288 2681 4329 1
