2750 4775
21 2911 30 2951 -u-
21 2806 31 2853 V·-
21 2706 31 2752 τ..
21 2608 31 2649 *-
21 2506 34 2549 a
21 2398 34 2446 ν·
21 2302 35 2342 ΤΊ
23 2203 34 2238 ‘›‘

479 373 548 429 X.
628 370 1230 427 REFORMATm
1284 374 1393 425 ET
1447 374 2121 432 REGENERATIO.
2285 387 2389 435 125

270 527 624 592 *induc-endo
655 527 981 614 plenariam
1019 528 1425 615 impotentiam
1467 528 1526 590 iu
1566 528 1705 600 illis;
1760 540 1815 592 et
1858 540 1994 594 tunc
2034 529 2185 594 sicut
2225 530 2388 596 Deus

285 628 484 696 solum
515 639 862 714 operaretur
892 649 924 692 a
953 648 1058 693 sua
1090 639 1287 716 parte,
1340 638 1398 691 et
1428 630 1586 693 nulla
1620 631 1877 717 potentia
1908 632 2046 694 data
2085 630 2241 711 foret
2280 629 2387 696 ho-

285 731 435 795 mini
468 731 818 818 cooperandi
849 750 881 792 a
909 750 1050 804 sua,
1102 739 1161 794 et
1188 731 1270 793 sic
1296 751 1358 794 se
1389 730 1822 815 conjungendh
1863 732 1999 819 quid
2029 742 2171 796 tunc
2208 732 2387 797 homo

277 833 491 920 quoad
520 831 1058 916 regenerationem,
1114 834 1220 895 nisi
1249 831 1401 895 sicut
1429 832 1659 895 vinctus
1703 833 1897 918 quoad
1936 851 2145 896 manus
2184 843 2242 896 et
2290 855 2387 920 pe-

291 934 430 1009 des,
481 933 681 997 similis
707 933 921 996 vinctis
948 934 1008 993 in
1035 933 1316 1007 navibus,
1366 933 1625 1018 galeres,
1678 934 1935 1009 vocatis,
1988 934 2087 1020 qui
2128 935 2173 997 si
2208 935 2389 998 mani-

288 1037 381 1099 cis
410 1044 468 1097 et
497 1035 712 1120 pedicis
739 1055 800 1098 se
830 1034 1232 1107 exsolverent,
1282 1033 1555 1097 similiter
1588 1043 1648 1097 ut
1686 1032 1769 1096 illi
1800 1034 2104 1120 puniretur
2130 1043 2187 1097 et
2217 1037 2390 1099 morti

291 1136 711 1210 damnaretur,
765 1133 877 1197 hoc
916 1145 1033 1208 est,
1083 1134 1145 1198 si
1171 1157 1242 1199 ex
1270 1134 1456 1198 libero
1485 1136 1730 1198 arbitrio
1760 1135 1978 1199 bonum
2009 1135 2231 1200 faceret
2257 1156 2394 1222 pro-

290 1237 488 1310 ximo,
538 1246 598 1300 et
627 1257 701 1300 ex,
737 1257 797 1300 se
837 1235 1103 1300 crederet
1143 1239 1202 1299 in
1242 1235 1471 1312 Deum,
1522 1235 1725 1299 salutis
1767 1257 1958 1300 causa.
2039 1236 2196 1316 Quid
2240 1236 2394 1303 soret

292 1337 479 1405 homo
518 1336 818 1402 instalibus
847 1335 1261 1413 confirmatus,
1310 1347 1367 1400 et
1409 1346 1610 1400 tamen
1657 1337 1717 1400 in
1761 1337 1857 1424 pio
1898 1337 2185 1402 desiderio
2212 1337 2393 1411 Caeli,

294 1439 411 1504 nisi
439 1440 585 1504 sicut
613 1438 779 1502 larva
808 1449 970 1501 stans
997 1439 1052 1500 in
1083 1438 1338 1512 visione,
1392 1460 1528 1500 num
1574 1437 1717 1502 fides
1758 1437 1855 1501 illa
1896 1458 2028 1501 cum
2067 1439 2186 1504 suis
2216 1439 2394 1503 bene-

288 1540 441 1606 ficiis
486 1539 675 1605 infusa
719 1539 828 1615 sit,
882 1549 983 1603 aut
1027 1542 1271 1616 sinon,
1327 1561 1465 1602 num
1511 1539 1884 1617 infundatur,
1954 1540 2199 1625 proinde
2252 1561 2393 1605 num

291 1643 465 1707 Deus
508 1639 687 1705 Pater
725 1641 995 1706 misertus
1033 1640 1134 1718 sit,
1191 1649 1296 1706 aut
1339 1662 1479 1704 num
1523 1640 1706 1705 Filius
1749 1639 1937 1728 Ipsius
1981 1641 2390 1717 intercesserit,

295 1752 404 1808 aut
435 1765 570 1806 num
596 1743 847 1828 Spiritus
872 1748 1109 1806 sanetus
1136 1741 1273 1806 alibi
1304 1750 1624 1829 occupatus
1653 1763 1771 1805 non
1805 1752 2114 1825 operetur;
2168 1751 2226 1805 et
2268 1752 2395 1805 tan-

297 1845 431 1908 dem
465 1865 533 1907 ex
562 1844 820 1930 plenaria
852 1844 1183 1930 ignorantia
1225 1842 1299 1907 de
1336 1842 1452 1905 hoc
1479 1842 1812 1917 recederet,
1863 1853 1921 1906 et
1960 1863 2021 1907 se
2063 1844 2395 1907 consolare-

297 1956 398 2009 tur
426 1967 528 2032 per
550 1943 697 2018 hoc,
752 1945 908 2032 quod
955 1944 1343 2029 forte'gratia
1385 1943 1843 2008 illa-moralitati
1887 1943 2041 2007 vitae
2086 1964 2286 2019 meae,
2335 1943 2397 2007 in

299 2068 418 2135 qua
447 2067 575 2109 sum
603 2056 661 2108 et
689 2067 900 2109 maneo
928 2047 1076 2113 sicut
1119 2047 1311 2130 prius,
1363 2044 1530 2118 insit,
1581 2055 1639 2107 et
1676 2045 1758 2108 sic
1797 2045 1895 2109 illa
1940 2045 1998 2106 in
2033 2066 2133 2109 me
2171 2054 2394 2120 sancta,

298 2158 362 2213 at
389 2149 448 2209 in
476 2147 619 2222 illis,
671 2148 768 2231 qui
798 2146 970 2209 fidem
1002 2146 1159 2208 illam
1203 2166 1323 2208 non
1365 2144 1558 2232 adepti
1598 2155 1764 2222 sunt,
1818 2145 2156 2233 prophana;
2203 2166 2395 2231 ,quare

303 2258 370 2312 ut
397 2248 677 2311 sanctitas
704 2248 762 2308 in
791 2246 1123 2318 moralitate
1155 2267 1283 2308 mea
1315 2255 1646 2321 remaneat,
1702 2249 1925 2311 cavebo
1955 2246 2198 2333 posthac
2227 2268 2297 2310 ne
2326 2269 2398 2311 ex

303 2370 402 2411 me
430 2367 640 2461 operer
669 2347 873 2420 fidem,
927 2367 1039 2410 nec
1074 2346 1453 2420 charitatem
1509 2357 1745 2435 praeter
1785 2347 1986 2437 plura}
2040 2346 2172 2413 talis
2212 2349 2398 2426 larva,

311 2457 419 2513 aut
445 2449 490 2510 si
520 2448 737 2525 mavis,
787 2449 919 2511 talis
944 2458 1135 2513 statua
1161 2447 1299 2512 salis
1326 2447 1391 2513 fit
1416 2450 1635 2526 omnis,
1688 2451 1785 2535 qui
1828 2450 2049 2536 cogitat
2083 2450 2159 2513 de
2201 2451 2399 2537 Rege-

307 2550 614 2613 neratione
643 2550 865 2636 absque
895 2550 1110 2613 Libero
1138 2549 1424 2613 arbitrio
1410 2571 1467 2612 m
1497 2550 1908 2637 spiritualibus.

465 2643 896 2726 617.⁸I-10m0,
951 2652 1049 2738 qui
1077 2651 1259 2714 credit
1290 2652 1864 2738 Regenerationem
1841 2651 1983 2716 dari
2023 2652 2246 2739 absque
2277 2652 2398 2718 ullo

302 2751 494 2816 libero
541 2751 787 2815 arbitrio
838 2753 896 2814 in
947 2753 1371 2840 spiritualibus,
1439 2753 1517 2817 ita
1565 2754 1790 2838 absque
1834 2753 2283 2841 cooperatione,
2334 2752 2400 2818 fit

297 2853 505 2942 quoad
536 2855 729 2916 omnia
774 2875 916 2917 vera
947 2852 1241 2918 Ecclesiae
1270 2853 1515 2940 frigidus
1548 2854 1697 2917 sicut
1722 2873 1959 2930 saxum,
2001 2864 2058 2917 et
2085 2855 2131 2918 si
2163 2853 2401 2930 calidus,

303 2965 393 3020 est
418 2954 567 3019 sicut
595 2956 770 3018 torris
796 2955 865 3017 -in
911 2954 1045 3018 foco
1087 2956 1333 3041 ignitus,
1386 2956 1485 3041 qui
1524 2953 1737 3040 flagrat
1786 2978 1853 3018 ex
1896 2955 2402 3048 combustibilibus

296 3055 529 3130 initio,
581 3056 716 3141 quia
747 3077 818 3119 ex
846 3056 1343 3143 concupiscentiis.
1431 3055 1536 3120 Ille
1568 3057 1967 3143 comparative
2007 3055 2070 3118 fit
2109 3057 2257 3120 sicut
2300 3076 2402 3141 pa-

292 3157 507 3221 latium
535 3156 840 3228 subsidens
867 3159 926 3220 in
956 3167 1172 3220 terram
1202 3177 1385 3243 usque
1415 3157 1488 3220 ad
1517 3167 1734 3221 tectum
1775 3158 1931 3242 ejus,
1984 3167 2043 3221 et
2078 3157 2402 3220 inundatur

299 3259 472 3344 aquis
499 3258 830 3335 lutulentis,
883 3267 1097 3343 etpost
1136 3257 1253 3322 hoc
1293 3258 1521 3323 habitat
1558 3281 1733 3345 super
1777 3260 1936 3322 nudo
1978 3266 2167 3331 tecto,
2220 3266 2279 3342 et
2319 3257 2399 3321 ibi

303 3359 415 3423 sibi
463 3358 601 3423 facit
651 3360 965 3423 tentorium
1014 3381 1084 3422 ex
1130 3359 1331 3423 cannis
1378 3358 1765 3446 palustribus,
1811 3369 1894 3423 'et
1938 3360 2172 3422 demum
2223 3358 2398 3422 etiam

306 3469 529 3523 tectum
556 3459 847 3535 subsidet,
878 3470 959 3523 „et
988 3460 1107 3546 ipse
1135 3460 1550 3546 submergitur.
1609 3460 1710 3524 Est
1749 3482 1985 3547 quoque
2015 3457 2216 3522 similis
2244 3460 2403 3535 navi,

305 3562 366 3623 in
397 3581 513 3646 qua
544 3561 734 3624 omnis
760 3562 990 3646 generis
1022 3561 1311 3648 pretiosae
1343 3582 1566 3624 merces
1603 3582 1673 3625 ex
1700 3561 1899 3625 Verbo
1940 3571 2000 3624 ut
2036 3558 2401 3626 thesaurario

297 3672 475 3736 sunt,
518 3683 679 3748 quae
711 3662 805 3724 vel
833 3684 865 3725 a
895 3662 1158 3725 muribus
1186 3671 1247 3724 et
1277 3662 1473 3726 blattis
1514 3662 1948 3737 corroduntur,
1999 3662 2091 3729 vel
2134 3682 2165 3724 a
2210 3664 2404 3728 nautis

308 3762 700 3851 projiciuntur
728 3764 787 3825 in
817 3781 998 3836 mare,
1037 3771 1094 3825 et
1120 3763 1204 3825 sic
1234 3772 1594 3827 mercatores
1620 3761 2047 3829 defraudantur
2071 3763 2190 3828 suis
2216 3764 2402 3828 bonis.

288 3863 671 3927 Eruditiseu
701 3864 962 3950 opulenti
992 3885 1062 3927 ex
1091 3863 1223 3926 fidei
1253 3865 1420 3929 istius
1450 3864 1681 3929 arcanis
1710 3874 1845 3930 sunt
1886 3866 2101 3929 similes
2127 3863 2408 3930 institori-

302 3966 418 4029 bus
463 3966 523 4027 in
569 3964 897 4052 Cauponis,
962 3966 1060 4052 qui
1106 3956 1374 4030 venduut
1418 3975 1644 4031 statuas
1688 3964 2017 4041 idolorum,
2055 3961 2305 4031 ‘fructus
2346 3975 2410 4029 et

308 4064 491 4130 flores
536 4087 766 4141 cereos,
821 4066 1161 4157 conchylia,
1218 4067 1451 4154 viperas
1503 4067 1564 4128 iu
1613 4065 1854 4155 phialis,
1906 4075 1964 4130 et
2016 4061 2238 4130 similia*
2273 4063 2405 4129 alia.

244 4169 251 4174 ’
308 4167 400 4232 Illi
414 4199 433 4243 ·,
490 4168 588 4253 qui
617 4190 687 4231 ex
718 4168 872 4232 nulla
900 4167 1186 4255 spirituali
1222 4168 1480 4254 potentia
1524 4165 1746 4230 bomini
1778 4166 2069 4254 applicata
2114 4175 2172 4228 et
2199 4166 2344 4227 'data
2374 4183 2412 4225 a

308 4269 603 4345 Domino,
659 4290 780 4335 non
834 4268 1041 4335 volunt
1093 4278 1359 4357 spectare
1402 4286 1663 4342 sursum;
1728 4276 1865 4331 sunt
1907 4264 2221 4330 actualiter
2255 4261 2414 4326 ..sicut
