2750 4775
387 344 492 393 312
613 329 1078 383 UNMERSA
1137 327 1679 382 TREOLOGIA
1723 329 1791 383 N.
1836 326 1900 380 C.
1943 328 2051 379 ΕΤ
2092 328 2163 383 Π.
2206 328 2270 378 Β.

383 485 529 552 stica
560 504 701 557 sua,
749 480 1029 565 adjuncta
1073 489 1262 552 esset,
1317 479 1380 542 in
1425 500 1541 565 qua
1581 492 1755 544 erant
1796 490 1919 543 tres
1958 479 2241 555 Mensae,
2297 480 2508 566 quibus

386 584 724 650 assidebant
765 583 817 646 ei
859 582 1110 657 similes,
1164 580 1263 667 qni
1303 579 1667 644 charitatem
1712 580 1893 644 etiarn
1933 581 1992 642 in
2035 581 2278 645 exilium
2325 581 2510 664 ejece-

385 693 563 761 runt,
618 693 677 748 et
724 683 884 768 quod
913 682 994 745 ibi
1022 682 1199 745 etiam
1230 691 1444 767 quarta
1487 680 1698 745 Mensa
1746 682 2105 767 quandoque
2149 682 2512 766 apparuerit,

387 807 569 872 super
591 806 712 872 qua
739 784 1078 848 Monstrosa
1109 784 1168 843 in
1201 782 1378 845 variis
1396 780 1610 845 formis
1640 782 1764 845 visa
1793 791 1951 857 sunt,
1995 804 2035 846 a
2067 782 2288 867 quibus
2317 792 2511 845 tamen

388 908 509 951 non
538 884 913 952 deterrefacti
940 891 1109 956 sunt,
1161 881 1304 945 dixit
1341 883 1501 968 quod
1530 903 1663 945 cum
1689 881 1781 946 bis
1810 882 2090 968 loquutus
2117 884 2222 958 sit,
2267 891 2328 944 et
2355 882 2511 969 quod

389 989 469 1052 ab
497 984 824 1049 illisindies
851 980 1250 1047 continuatus.
1307 979 1387 1045 At
1416 1004 1560 1045 vero
1588 992 1719 1067 post
1758 982 2002 1068 aliquod
2045 991 2283 1069 ternpus
2327 982 2512 1067 perci-

389 1099 485 1151 tus
514 1089 757 1160 timore,
810 1084 1000 1170 caepit
1033 1081 1254 1169 aliquid
1283 1083 1354 1145 de
1384 1082 1689 1146 Charitate
1715 1103 1997 1159 exarare,
2050 1084 2153 1146 sed
2200 1085 2365 1167 quod
2396 1104 2511 1146 uno

391 1187 487 1252 die
514 1186 807 1272 inscripsit
835 1183 1111 1258 chartae,
1166 1182 1356 1247 altero
1385 1205 1503 1246 non
1536 1184 1711 1254 vidit3
1757 1182 1872 1247 boc
1912 1184 2068 1246 enirn
2098 1182 2165 1247 fit
2194 1183 2516 1268 unicuique

390 1288 511 1362 ibi,
564 1286 703 1349 dum
735 1285 954 1372 aliquid
985 1305 1057 1346 ex
1083 1284 1211 1348 solo
1253 1283 1518 1347 Externo
1558 1281 1798 1347 bomine
1827 1284 2088 1347 immittit
2128 1283 2414 1359 chartae,
2459 1293 2515 1346 et

392 1409 514 1451 non
554 1387 729 1451 simul
763 1386 840 1449 ab
869 1384 1148 1461 Interno‚
1197 1386 1275 1447 ita
1308 1406 1379 1447 ex
1421 1393 1630 1447 coacto
1672 1394 1731 1446 et
1774 1406 1897 1447 non
1938 1406 2009 1448 ex
2051 1383 2278 1460 libero,
2335 1407 2408 1447 ex
2456 1406 2516 1448 se

393 1489 764 1553 obliteratur.
843 1483 921 1548 At
967 1496 1275 1572 postquam
1317 1486 1562 1549 Novum
1592 1484 1837 1549 Caelum
1866 1505 1899 1548 a
1928 1485 2191 1549 Domino
2234 1495 2515 1572 caeptum

394 1597 481 1654 est
509 1587 824 1652 instaurari
842 1634 860 1662 ‚
911 1607 983 1649 ex
1012 1585 1143 1649 luce
1174 1605 1245 1647 ex
1276 1583 1393 1649 hoc
1418 1582 1600 1648 Caelo
1627 1607 1867 1650 exorsus
1893 1594 1981 1649 est
2008 1587 2301 1671 cogitare,
2358 1584 2514 1672 quod

392 1689 548 1753 forte
575 1689 635 1752 in
664 1710 868 1753 errore
899 1698 1079 1762 esset,
1135 1707 1322 1772 quare
1349 1707 1420 1749 ex
1449 1686 1745 1749 anxietate
1788 1696 2032 1773 propter
2067 1695 2295 1750 sortem
2324 1707 2517 1760 suam,

393 1788 626 1877 aliquas
664 1789 823 1852 ideas
865 1786 1177 1849 interiores
1216 1786 1326 1849 sibi
1370 1785 1683 1872 impressas
1727 1786 1800 1847 de
1838 1785 2147 1850 Charitate
2187 1787 2410 1861 sensit,
2461 1787 2517 1849 in

397 1913 519 1975 qno
545 1898 702 1954 statu
732 1888 1018 1951 consuluit
1049 1887 1346 1961 Verbum,
1399 1896 1456 1949 et
1490 1898 1630 1949 tunc
1658 1887 1846 1972 aperti
1877 1897 2013 1950 sunt
2042 1888 2168 1971 ejus
2205 1886 2403 1963 oculi,
2459 1896 2518 1949 et

397 1990 572 2064 vidit,
637 1988 795 2075 quod
841 1987 985 2050 illud
1029 1995 1218 2049 totum
1267 1987 1504 2074 plenum
1547 1997 1697 2051 esset
1739 1985 1974 2050 Aaron
2018 2006 2085 2049 m
2140 1989 2380 2060 Danu,
2442 2009 2520 2050 ΕΤ

394 2090 630 2154 Aaou:
657 2108 821 2153 enea
847 2106 1226 2163 moxmuu,
1266 2088 1346 2151 ita
1380 2089 1547 2173 quod·
1565 2097 1717 2153 esset
1748 2097 1809 2150 ut
1839 2088 2139 2152 Dominus.
2159 2088 2321 2163 dicit,
2356 2086 2517 2175 quod

397 2211 471 2253 ex
503 2190 734 2253 duobus
778 2188 890 2251 illis
931 2187 1230 2252 Mandatis
1262 2188 1557 2274 pendeant
1586 2188 1706 2251 Lex
1733 2196 1792 2251 et
1818 2186 2194 2272 Prophetae,
2248 2186 2369 2251 boc
2415 2197 2521 2262 est,

394 2299 586 2353 totum
625 2288 915 2358 Verbum;
970 2309 1041 2350 ex
1068 2287 1181 2350 hoc
1211 2298 1478 2374 tempore
1506 2289 1828 2353 translatus
1855 2298 1941 2351 est
1971 2289 2308 2353 interius-in
2339 2289 2521 2352 Meri·-

394 2390 550 2453 diem
582 2410 783 2453 versus
810 2389 1232 2464 Occidentem,
1285 2399 1346 2452 et
1386 2390 1470 2455 sic
1509 2392 1567 2453 in
1608 2390 1781 2454 aliam
1823 2389 2113 2465 Domum,
2171 2412 2204 2454 e
2243 2410 2363 2475 qua
2396 2412 2517 2453 me·

400 2510 532 2552 cum
573 2487 853 2574 loquutus
879 2499 995 2561 est,
1054 2492 1282 2566 dicens,
1336 2491 1495 2575 quod
1527 2512 1682 2554 nunc
1705 2489 2010 2574 Scriptura
2048 2491 2176 2574 ejus
2204 2491 2279 2553 de
2311 2489 2520 2553 Chari-

398 2597 520 2653 tate
552 2609 672 2652 non
701 2602 1018 2657 evanescat
1060 2592 1210 2654 sicut
1250 2592 1441 2675 prius,
1495 2591 1595 2655 sed
1638 2591 1798 2677 quod
1843 2601 2076 2677 postero
2124 2592 2220 2654 die
2265 2590 2519 2656 obscure

401 2699 702 2779 appareat.
787 2692 921 2755 Hoc
952 2692 1196 2757 miratus
1220 2712 1382 2765 sum,
1437 2692 1596 2778 quod
1627 2713 1758 2755 curn
1787 2690 2085 2767 ambulat,
2128 2711 2373 2777 gressus
2398 2691 2519 2773 ejus

395 2792 718 2856 audiantur
745 2793 1077 2879 pulsatiles,
1131 2796 1281 2855 sicut
1310 2792 1409 2877 qui
1440 2792 1648 2858 ferreis
1678 2792 1889 2856 calceis
1914 2792 2101 2854 induti
2131 2814 2315 2877 super
2346 2792 2521 2878 plano

393 2894 625 2981 lapideo
657 2894 954 2956 incedunt.
1042 2894 1150 2956 His
1179 2893 1573 2978 adjiciendum
1604 2902 1694 2958 est
1714 2944 1727 2969 ‚
1783 2892 1941 2979 quud
1973 2914 2105 2954 curn
2135 2892 2323 2979 aliqui
2354 2891 2521 2955 novi-

397 2995 462 3056 tii
492 3016 524 3056 e
562 2994 789 3060 Mundo
819 3017 949 3057 cum
979 2994 1082 3057 illo
1111 2992 1392 3079 loquendi
1423 3002 1483 3056 et
1522 2993 1685 3057 illum
1727 2993 1966 3057 videndi
2006 3013 2183 3057 causa
2214 2991 2519 3057 Conclave

395 3096 523 3178 ejus
551 3097 943 3169 intraverunt,
964 3094 1350 3157 advocaverit
1384 3116 1563 3158 unum
1594 3115 1667 3157 ex
1685 3091 1986 3180 spiritibus
2006 3093 2273 3178 magicis,
2294 3094 2398 3178 qui
2419 3113 2518 3179 per

397 3192 742 3282 phantasias
767 3203 1088 3280 potuerunt
1117 3195 1397 3257 inducere
1428 3196 1624 3259 varias
1649 3194 1873 3281 species
1904 3193 2188 3268 decoras),
2242 3195 2346 3279 qui
2381 3203 2522 3256 tunc

397 3304 838 3360 exornaverunt
859 3294 1157 3358 Conclave
1189 3296 1315 3378 ejus
1342 3295 1797 3369 decoramentis,
1826 3301 1884 3355 et
1915 3294 2211 3380 tapetibus
2242 3293 2520 3367 rosaceiS,

396 3405 466 3457 et·
494 3417 730 3482 quoque
760 3406 1043 3481 tanquam
1073 3395 1436 3459 Librarioin
1467 3397 1690 3468 medi03
1747 3402 1806 3457 at
1840 3414 1985 3458 vero
2028 3404 2094 3457 ut
2135 3393 2396 3482 primurn
2435 3392 2517 3456 illi

395 3494 745 3570 abiverant,
797 3497 1131 3581 disparatae
1173 3506 1309 3560 sunt
1361 3496 1584 3583 species
1624 3495 1789 3570 illae,
1855 3515 1928 3558 ac
1970 3495 2130 3580 prior
2169 3495 2518 3559 incrustatio

397 3593 652 3658 calcaria
694 3617 764 3658 ac
802 3596 1057 3660 inanitas
1096 3597 1297 3659 rediit:
1350 3596 1454 3661 sed
1500 3596 1614 3660 hoc
1654 3596 1791 3659 dum
1834 3595 1892 3656 in
1942 3595 2123 3680 priori
2162 3594 2338 3659 Statu
2392 3594 2518 3657 fuit.

557 3698 702 3757 798.
759 3696 849 3757 De
893 3695 1182 3760 Csnvmo
1223 3698 1528 3783 sequentia
1567 3696 1716 3760 baec
1755 3695 1990 3770 audivi,
2063 3695 2108 3758 1.
2155 3694 2333 3774 Quod
2382 3715 2517 3757 cum

397 3795 650 3882 primurn
691 3796 752 3857 in
798 3793 1084 3857 Mundum
1128 3798 1490 3883 spiritualem
1541 3797 1737 3871 alluit,
1792 3816 1910 3858 non
1960 3794 2279 3860 crediderit
2323 3795 2514 3867 aliter,

397 3916 578 3981 quam
610 3894 766 3981 quod
796 3891 988 3958 adhuc
1016 3895 1075 3957 in
1105 3899 1364 3974 Mundo,
1422 3897 1521 3961 ubi
1559 3907 1761 3974 natus,
1814 3904 1999 3969 esset,
2050 3904 2111 3958 et
2157 3897 2403 3961 tametsi
2439 3895 2515 3958 ab

396 3992 639 4080 Angelis
666 3995 746 4059 illi
775 3997 834 4058 in
861 3995 1183 4084 primordio
1213 3998 1513 4063 associatis
1541 3997 1798 4072 audivit,
1845 3995 2002 4081 quod
2032 4017 2193 4060 nunc
2218 3997 2280 4060 in
2298 4016 2513 4061 ,eorum

397 4095 627 4159 Mundo
669 4109 850 4173 esset,
904 4106 964 4160 et
1011 4117 1129 4160 non
1172 4099 1233 4160 in
1272 4119 1381 4161 suo
1422 4098 1637 4186 priori,
1689 4097 1868 4173 dixit,
1923 4096 2078 4159 idem
2115 4098 2258 4161 mihi
2303 4116 2517 4182 corpus

399 4204 518 4274 est,
572 4197 814 4262 eaedem
846 4216 1082 4269 manus,
1132 4206 1194 4258 et
1232 4197 1450 4262 similes
1493 4220 1733 4274 sensus,
1780 4197 1888 4263 sed
1930 4197 2307 4263 instruebant
2348 4197 2513 4261 illum

2674 4274 2684 4323 l
