2750 4775
472 364 580 414 toa
708 351 1165 407 (vaensA
1206 352 1739 431 ‘tuq-zoen
1784 352 1851 408 Ν.
1895 350 1961 407 c,
2003 351 2114 403 ΕΤ
2155 350 2223 407 s.
2269 353 2330 403 ε.

467 506 790 595 virgultum
834 507 1059 593 absque
1102 505 1289 570 foliis:
1340 503 1524 570 flores
1557 506 1654 592 qui
1698 505 2056 594 praecedunt
2086 505 2374 579 fructum,
2422 515 2543 570 sunt

441 607 664 672 'media
692 606 1049 673 ¹decantandi
1070 628 1346 683 succum,
1401 606 1527 693 ejus
1552 608 1932 691 sanguinem,
1985 615 2044 669 et
2071 605 2380 694 separandi
2408 626 2544 671 cras-

469 709 630 775 siora
670 709 796 796 ejus
834 732 867 775 a
911 707 1276 795 purioribus,
1329 718 1402 772 et·
1422 730 1528 794 pro
1570 706 1791 771 influxu
1821 707 2035 772 borum
2063 709 2124 770 in
2151 708 2281 772 sinu
2310 722 2415 773 suo
2439 706 2546 771 for-

468 809 670 876 mandi
697 832 917 878 novum
947 808 1365 892 caudicillum,
1402 831 1508 897 per
1532 831 1706 896 quem
1734 830 1942 873 succus
1969 809 2316 873 decantatus
2342 806 2549 881 influat,

466 921 529 976 et
563 912 647 977 sic
684 912 872 978 initiet
910 921 972 974 et
1008 911 1338 975 successive
1381 909 1712 974 conformet
1747 908 2041 986 fructum,
2090 910 2193 995 qui
2231 908 2547 995 comparari

466 1020 660 1101 potest
698 1014 864 1089 testi,
928 1012 987 1075 in
1031 1034 1152 1098 quo
1196 1012 1419 1075 semina
1479 1009 1892 1099 perficiuntur:
1955 1011 2151 1075 anima
2206 1009 2548 1095 vegetativa,

468 1134 622 1197 quae
664 1115 866 1178 intime
903 1115 963 1177 in
997 1114 1156 1177 omni
1184 1111 1471 1199 particula
1501 1114 1658 1190 succi
1688 1122 1927 1197 regnat,
1977 1133 2080 1176 seu
2108 1113 2358 1175 essentia
2389 1111 2549 1196 proli-

467 1211 578 1279 fica
615 1214 770 1298 ejus,
825 1236 942 1279 non
981 1213 1217 1278 aliunde
1258 1223 1388 1290 est,
1436 1235 1610 1296 quam
1640 1235 1713 1277 ex
1751 1213 1949 1277 calore
1982 1212 2191 1278 Mundi
2228 1204 2548 1301 spiritualis,

465 1316 569 1405 qui
596 1318 735 1402 quia
762 1326 849 1381 est
875 1338 948 1380 ex
972 1314 1258 1401 spirituali
1283 1313 1422 1378 Sole
1451 1313 1566 1387 ibi,
1623 1335 1741 1378 non
1769 1315 1951 1402 spirat
1993 1314 2151 1377 aliud
2183 1335 2361 1401 quam
2393 1333 2547 1400 gene·

463 1417 789 1493 rationem,
841 1427 898 1482 et
938 1437 1042 1506 per
1084 1417 1236 1480 hanc
1274 1416 1590 1480 creationis
1628 1415 2171 1490 continuationem,
2224 1425 2285 1478 et
2315 1417 2445 1501 quia
2471 1435 2548 1477 es-

464 1514 790 1585 sentialiter
830 1520 1015 1603 spirat
1055 1518 1492 1602 generationem
1530 1515 1810 1592 hominis,
1864 1516 1997 1580 ideo
2027 1518 2423 1602 quodcunque
2460 1532 2547 1599 ge·

463 1629 668 1695 uerat,
739 1621 790 1683 ei
836 1618 1133 1706 quandam
1175 1617 1612 1681 similitudinem
1668 1615 1923 1681 hominis
1974 1616 2215 1680 inducit.
2288 1616 2383 1681 Ne
2431 1615 2546 1702 quis

463 1719 732 1795 miretur,
785 1720 943 1807 quod
971 1720 1189 1781 dictum
1218 1719 1309 1792 sit,
1363 1718 1522 1804 quod
1547 1719 1811 1804 subjecta
1839 1718 2036 1803 Regni
2064 1717 2415 1803 vegetabilis
2440 1736 2543 1779 non

464 1821 581 1884 sint
624 1822 733 1895 nisi
775 1819 1130 1894 masculina,
1201 1829 1260 1881 et
1298 1819 1458 1905 quod
1501 1819 1624 1884 sola
1667 1819 1857 1884 Terra
1903 1839 2005 1883 seu
2043 1817 2257 1883 humus
2301 1819 2376 1883 sit
2412 1818 2545 1881 sicut

465 1922 793 1986 communis
819 1921 1032 1996 Mater,
1074 1940 1175 1984 seu
1201 1920 1351 1984 sicut
1383 1920 1656 1994 faemina,
1683 1920 2074 1990 illustrabitur
2102 1919 2211 1984 hoc
2245 1941 2352 2007 per
2375 1917 2545 1984 simile

461 2022 524 2085 in
552 2020 809 2107 Apibus,
850 2019 961 2084 illis
986 2021 1305 2085 secundum
1332 2021 1659 2108 autopsiam
1687 2022 2188 2086 SwAMMEenAm
2218 2023 2280 2084 in
2309 2025 2432 2106 ejus
2456 2018 2546 2082 Βι-

463 2141 630 2187 Βιιιε
668 2142 992 2195 uuonan,
1045 2132 1131 2186 est
1159 2122 1335 2186 modo
1363 2144 1480 2186 una
1512 2123 1838 2186 communis
1865 2131 2084 2197 mater,
2126 2143 2195 2184 ex
2226 2143 2352 2210 qua,
2375 2120 2546 2186 omnis

464 2222 780 2311 progenies
820 2225 997 2286 totius
1038 2221 1289 2287 alvearis
1330 2223 1709 2310 producitur;
1763 2242 1895 2287 cum
1929 2219 2021 2286 bis
2048 2223 2415 2287 animalculis
2442 2241 2543 2284 non

464 2324 645 2387 datur
671 2322 782 2389 nisi
806 2344 924 2387 una
953 2325 1278 2389 communis
1306 2335 1531 2400 mater,
1583 2324 1721 2412 quid
1761 2345 1882 2387 non
1921 2323 2194 2389 omnibus
2227 2324 2541 2389 fruticibus.

463 2424 641 2506 Quod
677 2426 868 2490 Terra
907 2427 981 2490 sit
1021 2427 1347 2490 communis
1385 2436 1596 2501 mater,
1641 2428 1816 2490 etiam
1856 2425 2237 2515 spiritualiter
2283 2423 2544 2490 illustrari

463 2534 686 2614 potest,
739 2537 797 2591 et
838 2526 1164 2592 illustratur
1205 2548 1308 2614 per
1348 2524 1498 2600 boc,
1555 2529 1714 2613 quod
1739 2527 1928 2593 Terra
1957 2527 2015 2588 in
2044 2526 2246 2592 Verbo
2273 2525 2541 2614 significet

461 2627 818 2704 Ecclesiam,
870 2639 929 2692 et
967 2626 1226 2692 Ecclesia
1276 2637 1363 2692 est
1403 2630 1727 2693 communis
1767 2630 1995 2703 Mater,
2067 2638 2132 2690 ut
2175 2645 2414 2715 quoque
2453 2626 2539 2689 illa

460 2738 712 2794 vocatur
758 2731 817 2793 in
858 2730 1093 2798 verbm
1147 2729 1305 2814 quod
1343 2730 1542 2793 Terra*
1576 2727 1862 2815 significet
1903 2729 2263 2805 Ecclesiam,
2321 2725 2540 2793 consule

448 2828 901 2896 Apoennsm
943 2830 1370 2901 Brevem-ram,
1427 2850 1494 2890 n:
1524 2833 1671 2892 285.
1705 2836 1851 2904 902,
1908 2831 2007 2893 ubi
2036 2830 2093 2892 id
2122 2841 2422 2895 ostensum
2447 2833 2538 2892 est.

459 2931 635 3012 Quod
676 2942 871 2996 autem
914 2940 1070 2993 terra
1111 2951 1213 2994 seu
1242 2929 1453 2993 humus
1483 2930 1659 3014 possit
1686 2932 1907 2997 intrare
1935 2932 1994 2993 in
2013 2931 2296 2994 intimum
2321 2928 2542 2996 seminis

458 3053 643 3119 usque
685 3033 758 3096 ad
802 3029 1130 3121 prolificum
1171 3033 1295 3116 ejus
1311 3081 1333 3104 ,‚
1380 3042 1437 3095 et
1468 3029 1583 3093 hoc
1618 3034 1869 3095 educere
1905 3042 1974 3095 et¹
2001 3031 2415 3108 circumferre,
2464 3035 2540 3092 est

456 3133 596 3219 quia
626 3135 1021 3220 unusquisque
1050 3131 1412 3218 pulvisculus
1437 3154 1540 3197 seu
1570 3132 1763 3218 pollen
1785 3151 1861 3196 ex
1889 3134 2137 3198 essentia
2167 3151 2272 3197 sua
2301 3132 2541 3219 exspirat

456 3233 694 3320 aliquod
739 3234 953 3300 subtile
994 3234 1143 3298 sicut
1179 3234 1512 3308 effluvium,
1569 3235 1726 3318 quod
1765 3243 2067 3319 penetratu
2118 3229 2232 3297 boc
2270 3231 2335 3297 tit
2380 3252 2450 3297 ex
2487 3227 2537 3290 vi

455 3335 649 3402 activa
680 3337 892 3401 caloris
918 3358 950 3398 e
978 3334 1262 3422 spirituali
1291 3333 1530 3399 Mundo.

611 3443 756 3503 586.
825 3437 1000 3516 Quod
1041 3435 1221 3500 homo
1265 3456 1384 3497 non
1431 3436 1609 3522 possit
1655 3435 1998 3520 regenerari
2054 3435 2162 3500 nisi
2203 3433 2538 3504 successive,

454 3539 737 3604 illustrari
780 3523 969 3625 potest
1009 3536 1085 3598 ab
1123 3535 1396 3612 omnibus
1434 3545 1493 3597 et
1533 3537 1809 3621 singulis,
1862 3556 2013 3622 quae
2044 3536 2100 3599 in
2128 3536 2354 3600 Mundo
2382 3541 2535 3597 natu·

455 3640 567 3707 rali
596 3641 881 3707 existunt;
917 3634 1115 3700 Arbor
1145 3656 1261 3698 non
1291 3644 1479 3719 potest
1502 3635 1559 3697 in
1588 3638 1864 3701 arborem
1894 3657 2157 3701 crescere
2183 3638 2336 3700 intra
2367 3651 2533 3699 unum

455 3742 647 3814 diem,
698 3739 801 3802 sed
842 3737 1091 3823 primum
1135 3757 1205 3798 ex
1233 3734 1484 3811 semine,
1543 3747 1741 3823 postea
1769 3737 2097 3812 ex'radice,
2153 3749 2210 3801 et
2240 3736 2445 3801 deinde
2472 3751 2535 3794 ex

452 3840 724 3914 surculo,
747 3877 751 3888 ·
777 3859 848 3902 ex
875 3858 994 3923 quo
1024 3834 1085 3897 fit
1115 3835 1366 3910 caudex,
1421 3844 1479 3898 et
1505 3858 1574 3900 ex
1606 3835 1719 3902 hoc
1748 3840 2070 3925 procedunt
2100 3840 2244 3902 rami
2286 3857 2418 3901 cum
2457 3832 2535 3896 fo-

450 3942 575 4015 liis,
627 3950 686 4003 et
723 3933 960 4002 demu'm
1001 3935 1177 4002 flores
1222 3945 1279 3999 et
1322 3937 1578 4001 fructus:
1633 3960 1741 4001 nec
1779 3940 1967 4026 surgit
2008 3940 2266 4004 triticum
2294 3960 2366 4003 ac
2407 3935 2536 3999 hor-

452 4040 627 4107 deum
655 4041 716 4106 in
744 4060 989 4106 messem
1016 4061 1135 4102 uno
1166 4038 1290 4115 die;
1344 4060 1467 4104 non
1497 4037 1841 4103 aedificatur
1874 4040 2082 4106 domus
2108 4059 2226 4105 una
2255 4040 2381 4112 die;
2437 4052 2534 4098 nec

406 4125 427 4144 ⁹
454 4144 706 4231 assurgit
747 4142 927 4207 bomo
971 4142 1032 4207 in
1057 4150 1344 4207 staturam
1374 4164 1496 4207 uno
1525 4140 1618 4204 die
1640 4188 1656 4216 ,
1708 4141 1902 4205 minus
1927 4142 1988 4205 in
2014 4141 2395 4231 sapientiam:
2436 4152 2536 4199 necx

457 4243 719 4311 Ecclesia
772 4244 1136 4310 instauratur
1178 4253 1235 4308 et
1278 4241 1582 4332 perficitur
1619 4260 1742 4304 uno
1789 4239 1913 4316 die;
1982 4264 2094 4307 nec
2134 4243 2309 4307 datur
2352 4239 2532 4324 aliqua
