2750 4775
434 336 504 385 2ss
663 323 1121 378 UNIVERSA
1165 323 1696 379 THEOLOGIA
1747 325 1815 382 N.
1860 324 1924 378 C.
1967 325 2075 377 ET
2117 326 2183 378 N.
2222 328 2291 383 E.

432 478 710 553 Caelum,
762 487 820 541 et
860 478 1051 543 nullus
1089 477 1161 542 ad
1193 477 1532 554 Infernum,
1581 478 1683 543 sed
1714 478 1872 567 quod
1905 478 2086 543 homo
2125 501 2188 545 se
2216 482 2405 569 ipsum
2430 482 2534 548 ad-

431 579 588 643 dicat
633 578 874 644 Inserno
915 601 1018 666 per
1064 580 1314 644 abusum
1350 579 1549 644 Liberi
1590 579 1680 643 sui
1737 579 1967 644 arbitrii
2009 581 2067 644 in
2109 581 2533 669 spiritualibus,

426 701 498 745 ex
541 703 661 768 quo
709 680 1082 769 amplectitur
1124 679 1265 745 talia
1314 701 1468 766 quae
1505 700 1577 743 ex
1597 679 1851 746 inferno
1880 679 2189 753 exhalant;
2243 705 2412 760 nam,
2466 694 2534 748 ut

425 802 605 867 supra
637 781 857 844 dictum
883 790 1002 855 est,
1056 782 1248 852 omnis
1274 779 1455 846 homo
1485 789 1721 846 tenetur
1748 781 1806 844 in
1838 781 2164 848 meditullio
2207 784 2363 849 inter
2387 785 2535 849 Cae-

427 881 547 945 lum
578 890 635 946 et
666 881 1007 956 Infernum,
1059 892 1125 946 ut
1149 882 1222 947 sit
1249 882 1308 945 in
1354 882 1707 970 aequilibrio
1755 882 1909 947 inter
1936 883 2158 948 bonum
2186 895 2244 949 et
2292 886 2533 965 malum,

427 991 487 1046 et
512 982 648 1046 inde
677 983 737 1046 in
769 983 984 1047 Libero
1011 982 1259 1047 arbitrio
1291 984 1350 1046 in
1380 983 1798 1070 spiritualibus,

584 1086 733 1147 491.
782 1084 961 1164 Quod
1007 1084 1172 1149 Deus
1215 1084 1495 1147 indiderit
1552 1084 1835 1149 Liberum
1896 1106 2012 1148 11011
2066 1086 2241 1150 modo
2287 1084 2538 1163 homini,

422 1185 526 1251 sed
568 1185 746 1250 etiam
790 1185 953 1248 omui
992 1184 1246 1259 bestiae,
1299 1184 1420 1248 imo
1461 1184 1637 1249 etiam
1679 1185 1978 1271 analogon
2019 1186 2145 1267 ejus
2170 1187 2533 1264 inanimatis,

425 1286 667 1351 cuilibet
713 1285 786 1348 ad
828 1286 1229 1372 recipiendum
1270 1285 1414 1349 illud
1442 1285 1767 1350 secundum
1795 1306 1965 1350 suam
1998 1296 2307 1363 naturam,
2370 1296 2436 1351 ut
2475 1298 2539 1353 et

425 1388 586 1474 quod
617 1385 931 1486 prospiciat
959 1386 1232 1450 omnibus
1257 1387 1370 1451 illis
1401 1385 1620 1451 bonum
1644 1433 1662 1461 ,
1712 1388 1815 1451 sed
1845 1388 2003 1475 quod
2029 1388 2264 1474 objecta
2297 1398 2539 1453 vertant

425 1487 568 1552 illud
615 1489 675 1551 in
716 1488 969 1561 malum,
1021 1486 1533 1574 illustrarisspotest
1586 1507 1693 1573 per
1747 1491 2251 1577 comparationes;
2325 1490 2539 1553 Atmo-

424 1587 673 1675 sphaera
718 1589 819 1651 dat
863 1586 1049 1652 cuivis
1088 1586 1313 1651 homini
1353 1588 1582 1675 copiam
1624 1588 1978 1675 respirandi,
2039 1589 2308 1654 similiter
2346 1590 2539 1655 cuivis

429 1687 649 1753 bestiae
690 1698 749 1752 et
787 1686 980 1764 ferae,
1037 1696 1097 1751 et
1136 1710 1372 1776 quoque
1414 1689 1603 1755 cuivis
1642 1690 1774 1764 avi,
1826 1698 1945 1753 tam
1976 1691 2198 1754 buboni
2223 1712 2404 1777 quam
2434 1711 2539 1754 co·

424 1790 692 1864 lumbae,
747 1797 806 1851 et
845 1810 1085 1874 quoque
1132 1793 1363 1878 copiam
1408 1790 1678 1864 volandi,
1751 1800 1811 1854 et
1861 1799 2062 1855 tamen
2117 1793 2536 1879 atmosphaera

426 1912 543 1956 non
574 1892 630 1953 in
663 1909 838 1953 causa
867 1897 986 1963 est,
1043 1891 1201 1976 quod
1233 1891 1401 1979 copia
1430 1891 1528 1954 illa
1572 1891 1892 1977 recipiatur
1918 1912 1951 1956 3
2000 1893 2311 1957 contrariis
2360 1890 2538 1977 genio

422 2000 484 2055 et
522 1989 737 2055 indole.
814 1989 1091 2055 Oceanus
1129 1990 1228 2055 dat
1271 1990 1673 2056 habitaculum
1714 1992 1773 2054 in
1813 2014 1909 2068 se,
1977 2003 2038 2057 et
2082 2012 2319 2080 quoque
2360 1990 2538 2057 affert

420 2091 764 2156 alimoniam
794 2091 952 2153 omni
987 2092 1158 2176 pisci,
1211 2093 1314 2157 sed
1344 2093 1545 2156 nonin
1575 2114 1751 2158 causa
1782 2101 1901 2169 est,
1955 2094 2115 2181 quod
2145 2115 2294 2158 unus
2322 2093 2401 2158 ibi
2432 2093 2538 2157 de-

425 2192 635 2280 glutiat
675 2191 963 2267 alterum,
1015 2202 1073 2256 et
1117 2193 1277 2278 quod
1321 2193 1655 2259 crocodilus
1695 2203 1890 2258 vertat
1927 2192 2083 2259 hanc
2121 2195 2180 2258 in
2212 2215 2537 2271 venenum,

423 2316 542 2380 quo
586 2291 802 2356 occidit
837 2290 1156 2356 hominem.
1212 2294 1315 2358 Sol
1342 2295 1620 2384 prospicit
1648 2294 1919 2359 omnibus
1946 2295 2223 2359 lucemet
2251 2294 2533 2372 calorem,

427 2395 529 2460 sed
560 2394 790 2479 objecta
814 2442 830 2470 ‚
885 2415 1039 2480 quae
1068 2404 1206 2459 sunt
1237 2397 1402 2460 varia
1433 2396 1783 2483 vegetabilia
1820 2406 2016 2461 terrae
2036 2442 2053 2471 ,
2108 2398 2397 2485 recipiunt
2438 2396 2538 2461 illa

425 2494 853 2572 diversimode,
905 2494 1080 2559 aliter
1107 2493 1307 2561 Arbor
1338 2497 1529 2574 hona,
1584 2506 1643 2559 et
1680 2499 2001 2582 virgultum
2031 2497 2289 2572 bonum,
2342 2505 2399 2561 et
2428 2497 2539 2562 ali-

421 2605 516 2660 ter
560 2598 726 2683 spina
766 2605 824 2658 et
869 2595 1080 2670 sentis,
1135 2607 1239 2661 aut
1281 2598 1455 2661 aliter
1492 2597 1678 2662 herba
1725 2598 1978 2663 innocua
2026 2620 2202 2683 quam
2250 2598 2530 2663 toxicata.

421 2697 636 2762 Pluvia
665 2719 699 2760 e
736 2697 1042 2783 superiore
1084 2698 1328 2782 regione
1374 2699 1826 2786 atmosphaerae
1866 2699 2058 2764 ubivis
2097 2700 2156 2765 in
2200 2711 2389 2764 terras
2432 2696 2536 2761 de-

419 2796 582 2874 fluit,
633 2806 691 2861 et
720 2808 916 2862 terrae
943 2798 1349 2863 subministrat
1385 2821 1570 2885 aquas
1598 2799 1735 2862 inde
1763 2801 1949 2865 cuivis
1977 2801 2329 2875 arbusculo,
2387 2796 2529 2864 her·
2561 2836 2562 2841 κ

422 2898 535 2962 bae
572 2907 631 2961 et
671 2899 956 2982 gramini,
1008 2907 1068 2962 et
1106 2900 1410 2986 quodlibet
1454 2900 1669 2967 horum
1701 2899 1959 2984 applicat
1998 2899 2127 2965 illas
2164 2901 2274 2966 sibi
2321 2920 2534 2965 secun-

420 2999 561 3061 dum
601 2998 1017 3085 indigentiam,
1069 2998 1183 3062 boc
1222 3010 1309 3065 est
1347 3001 1509 3087 quod
1540 3011 1793 3067 vocatur
1819 3001 2118 3087 analogon
2145 3001 2345 3065 Liberi
2374 3000 2535 3065 arbi-

420 3099 538 3175 trii,
589 3099 723 3186 quia
753 3100 1057 3164 insorbent
1081 3101 1176 3164 illa
1206 3103 1398 3166 libere
1422 3122 1526 3189 per
1553 3100 1772 3177 oscula,
1829 3102 2005 3188 por¹os
2033 3111 2091 3164 et
2120 3111 2368 3177 meatus,
2421 3099 2532 3185 qui

417 3209 687 3287 tempore
718 3203 929 3266 caloris
954 3212 1112 3266 stant
1141 3203 1359 3291 aperti,
1417 3212 1476 3265 et
1505 3211 1663 3265 terra
1708 3204 1883 3266 modo
1916 3203 2179 3290 suggerit
2221 3213 2281 3267 et
2320 3202 2532 3267 latices

417 3310 477 3365 et
505 3302 829 3378 elementa,
882 3313 939 3367 et
972 3302 1230 3391 vi‘rgulta
1259 3302 1583 3368 secundum
1612 3304 1911 3388 quoddam
1952 3304 2140 3368 simile
2178 3304 2302 3371 sitis
2342 3311 2402 3366 et
2442 3302 2532 3366 fa·

419 3403 527 3466 mis
567 3403 665 3467 illa
708 3404 1024 3468 adducunt.
1092 3402 1295 3487 Simile
1336 3412 1425 3466 est
1464 3425 1597 3466 cum
1626 3403 1991 3478 hominibus,
2047 3403 2207 3489 quod
2236 3403 2532 3469 Dominus

417 3504 572 3589 apud
601 3504 1055 3591 unumquemvis
1082 3501 1387 3567 hominem
1417 3500 1626 3568 influat
1655 3527 1786 3568 cum
1816 3505 2028 3571 Calore
2064 3503 2372 3591 spirituali,
2427 3502 2531 3590 qui

417 3604 476 3668 in
500 3627 609 3670 sua
638 3607 889 3685 essentia
921 3613 1008 3667 est
1037 3604 1258 3666 bonum
1288 3602 1537 3677 amoris,
1591 3613 1651 3667 et
1679 3626 1811 3668 cum
1840 3607 1970 3669 luce
1997 3605 2318 3693 spirituali,
2371 3624 2530 3692 quae

415 3705 476 3769 in
501 3727 605 3770 sua
636 3705 889 3770 essentia
921 3712 1008 3765 est
1040 3723 1248 3766 verum
1276 3703 1632 3787 sapientiae,
1683 3705 1785 3769 sed
1823 3704 2005 3773 homo
2046 3706 2253 3794 recipit
2292 3706 2394 3770 illa
2434 3724 2531 3769 se-

419 3806 673 3869 cundum
728 3824 896 3868 suam
943 3803 1427 3882 conversionem,
1491 3806 1585 3868 vel
1634 3803 1707 3869 ad
1752 3807 1977 3880 Deum,
2033 3805 2129 3872 vel
2175 3806 2250 3870 ad
2291 3806 2528 3879 semet,-

419 3914 606 3990 quare
633 3904 772 3968 dicit
801 3902 1113 3978 Dominus,
1167 3903 1268 3967 ubi
1297 3904 1369 3969 de
1398 3926 1605 3970 amore
1631 3924 1774 3991 erga
1807 3907 2138 3995 proximum
2169 3906 2344 3971 docet
2397 3904 2532 3982 „Ut

399 4001 548 4095 filii
571 4004 784 4069 Patris
821 4007 985 4082 siliS,
1039 4007 1148 4097 qui
1178 4002 1384 4072 «Solem
1403 4003 1578 4094 facit
1601 4010 1838 4073 exoriri
1874 4031 2051 4102 super
2099 4005 2297 4074 malos
2333 4020 2391 4071 et
2425 4005 2532 4071 bo-

418 4127 549 4179 um,
603 4118 660 4169 et
678 4102 950 4196 pluviam
976 4108 1152 4172 mittit
1175 4130 1362 4199 super
1379 4111 1586 4196 justos
1617 4121 1676 4173 et
1704 4110 2003 4195 injustos,
2055 4107 2271 4175 Matth.
2301 4107 2388 4175 V:
2423 4109 2528 4181 45;

416 4212 478 4267 et
507 4202 647 4268 alibi
663 4254 679 4284 ,
734 4203 904 4297 quod
924 4204 1077 4272 velit
1104 4211 1366 4273 omnium
1402 4207 1722 4274 salutem.“
