2750 4775
397 388 508 439 δελ
613 377 1085 432 UMVERSA
1130 373 1672 430 T11EOLOG1A
1728 376 1796 432 N.
1840 376 1907 432 G.
1952 377 2058 428 ET
2104 376 2169 429 N.
2215 376 2279 432 E.

394 530 595 618 copia,
648 540 709 594 et
746 529 1120 595 subscribant
1148 529 1352 594 alicui:
1406 538 1593 594 status
1632 529 1731 592 hic
1763 529 2001 593 illorum
2032 538 2502 617 repraesentatur

391 635 454 696 in
498 630 725 699 Mundo
764 630 1052 718 spirituali
1101 652 1205 715 per
1251 632 1495 704 Virum,
1546 631 1649 717 qui
1699 631 1809 694 sub
1865 631 2017 694 ulnis
2063 639 2263 717 portat
2309 630 2505 706 libroS,

394 744 453 798 et
492 754 626 798 cum
673 732 884 819 aliquis
933 731 1237 795 contendit
1278 733 1350 794 de
1399 731 1596 816 aliqua
1659 752 1725 794 re
1776 731 2011 814 iudicii,
2070 729 2301 817 inquit,
2357 731 2507 796 dabo

396 834 500 899 tibi
543 853 917 921 responsum,
972 840 1029 894 et
1058 832 1212 895 illico
1243 831 1537 919 depromit
1563 831 1819 918 aliquem
1852 831 2066 895 librum
2099 831 2210 895 sub
2242 831 2408 908 ulna,
2452 844 2507 895 et

293 951 310 958 ⁶
396 936 699 1020 praelegit.

551 1039 697 1098 815.
781 1034 867 1098 Ex
908 1032 1020 1096 hoc
1049 1032 1284 1095 illorum
1323 1041 1480 1095 statu
1511 1031 1840 1117 procedunt
1872 1033 2077 1117 plura,
2132 1043 2190 1096 et
2232 1035 2388 1120 iuter
2416 1033 2507 1097 illa

393 1134 540 1209 hoc;
593 1135 750 1221 quod
779 1133 1104 1220 spiritualia
1135 1133 1435 1196 Ecclesiae
1464 1134 1742 1220 inscripta
1772 1131 2094 1196 memoriae
2124 1143 2405 1209 teneant,
2456 1144 2510 1196 et

395 1253 537 1300 raro
567 1237 802 1300 elevent
843 1236 940 1300 illa
983 1235 1040 1295 in
1073 1234 1446 1297 intellectum
1475 1236 1874 1318 superiorem,
1929 1234 2030 1297 sed
2076 1235 2254 1298 modo
2301 1234 2514 1297 immit-

398 1344 525 1399 tant
554 1336 653 1399 illa
683 1336 744 1399 in
771 1335 1146 1399 Intellectum
1176 1333 1550 1407 inferiorem,
1604 1356 1636 1397 e
1665 1357 1787 1419 quo
1816 1336 1886 1397 de
1921 1334 2033 1399 illis
2061 1335 2511 1409 ratiocinantur,

397 1437 475 1500 ita
509 1459 749 1525 prorsus
785 1436 957 1499 aliter
997 1457 1173 1522 quam
1215 1435 1510 1499 Nationes
1550 1435 1804 1507 liberac;
1857 1435 1915 1498 hi
1946 1436 2142 1521 quoad
2188 1435 2513 1522 spiritualia

398 1537 731 1615 Ecclesiae,
772 1558 925 1623 quae
955 1543 1249 1600 vocantur
1271 1535 1670 1621 Theologica,
1713 1546 1849 1600 sunt
1875 1538 2025 1601 sicut
2051 1533 2328 1621 Aquilae,
2363 1556 2512 1620 quae

395 1659 459 1703 se
501 1635 760 1702 evehunt
807 1638 865 1698 in
909 1637 1180 1722 quamvis
1219 1636 1624 1711 altitudinem,
1676 1647 1757 1700 at·
1787 1637 2078 1702 Nationes
2121 1658 2245 1700 non
2292 1636 2512 1699 liberae

394 1748 530 1804 sunt
559 1739 711 1804 sicut
740 1738 954 1802 Olores
1000 1738 1054 1799 in
1098 1736 1299 1800 fluvio.
1383 1736 1459 1800 Et
1501 1760 1738 1823 quoque
1785 1737 2074 1802 Nationes
2116 1736 2340 1800 liberae
2381 1747 2513 1800 suut

394 1841 543 1903 sicut
567 1839 745 1905 Cervi
774 1840 1121 1924 grandiores
1150 1859 1282 1901 cum
1311 1837 1446 1902 altis
1475 1838 1784 1912 cornibus,
1838 1840 1936 1926 qui
1968 1848 2327 1923 percurrunt
2358 1859 2511 1901 cam·

395 1961 535 2025 pos,
590 1942 755 2005 lucos
783 1948 840 2002 et
867 1941 1067 2028 sylvas
1095 1940 1150 1999 in
1183 1939 1351 2025 plena
1384 1937 1616 2003 licentia
1639 1990 1651 2008 ‚
1707 1939 2081 2003 at'Nationes
2124 1961 2246 2000 non
2293 1938 2513 2001 liberae

394 2051 532 2103 sunt
558 2039 706 2106 sicut
733 2040 908 2104 cervi
937 2040 996 2102 in
1028 2038 1281 2102 vivariis
1310 2039 1531 2102 detenti
1561 2049 1623 2102 ut
1668 2040 1929 2103 serviant
1957 2039 2239 2126 Principi.
2310 2039 2513 2103 Porro

395 2140 608 2230 Populi
650 2141 938 2205 libertatis
975 2148 1112 2204 sunt
1155 2140 1303 2203 sicut
1353 2139 1507 2225 Equi
1557 2140 1823 2204 volantes
1871 2141 1951 2204 ab
1989 2138 2268 2225 Antiquis
2317 2138 2514 2204 vocati

398 2241 640 2327 Pegasi,
694 2241 792 2328 qui
841 2241 1175 2303 non-modo
1218 2261 1398 2326 super
1443 2241 1667 2314 Maria,
1725 2241 1826 2305 sed
1874 2243 2051 2304 etiam
2095 2261 2275 2327 super
2318 2239 2513 2304 Colles

399 2343 504 2428 qui
529 2351 945 2429 nuncupantur
972 2339 1299 2414 Parnassii‚
1349 2349 1406 2403 et
1438 2363 1674 2427 quicque
1703 2342 2149 2430 super-Musaea
2179 2339 2519 2414 infraeillos,

401 2443 637 2515 volant3
695 2451 754 2505 at
806 2441 1019 2528 Populi
1073 2463 1192 2506 non
1241 2443 1581 2507 manumissi
1636 2452 1772 2505 sunt
1827 2444 1976 2506 sicut
2035 2442 2309 2528 generosi
2364 2440 2519 2527 Equi

295 2592 304 2601 .
399 2539 647 2627 pulchre
677 2539 962 2627 phalerati
1002 2543 1058 2606 in
1087 2542 1348 2615 Stabulis
1380 2544 1633 2628 Regum.
1722 2544 1831 2607 His
1873 2544 2083 2608 similia
2116 2542 2264 2606 -surrt
2311 2542 2518 2606 discri-

404 2643 559 2705 mina
590 2642 941 2727 judiciorum
971 2645 1031 2706 in
1060 2644 1530 2731 rebus·mysticis
1555 2640 1952 2728 Theologiae3
2006 2643 2217 2709 Clerici
2248 2643 2361 2716 ibt,-
2380 2642 2518 2706 dum

405 2743 670 2832 discipuli
697 2753 859 2819 sunt,
913 2765 986 2806 ex
1015 2766 1117 2807 ore
1150 2743 1599 2807 Didascalorum
1626 2744 1690 2805 in
1722 2744 1935 2833 Lyceis
1967 2740 2310 2808 exscribunt
2336 2744 2523 2805 dicta-

403 2845 594 2919 mina,
652 2855 709 2908 et
755 2844 901 2909 baec
946 2845 1284 2909 custodiunt
1327 2845 1476 2907 sicut
1522 2853 1969 2909 auctoramenta
2023 2845 2408 2919 eruditionis,
2463 2852 2524 2905 et

404 2967 538 3009 cum
595 2947 930 3033 inaugurati
984 2956 1119 3010 sunt
1170 2945 1540 3020 sacerdotio,
1618 2954 1720 3009 aut
1772 2945 2072 3010 constituti
2108 2945 2409 3009 ‘Lectores
2468 2944 2527 3006 in

402 3046 773 3137 Gymnasiis,
824 3045 884 3110 bi
913 3070 944 3108 e
975 3045 1304 3121 cathedris,
1358 3054 1417 3107 et
1455 3045 1538 3110 illi
1581 3067 1613 3109 e
1640 3046 1973 3132 suggestis,
2027 3045 2351 3109 canonicas
2382 3066 2525 3109 suas

401 3148 701 3233 loquela‘S,
749 3156 820 3210 ex
853 3147 1115 3221 dictatis,
1160 3146 1230 3208 de
1262 3147 1476 3230 quibus
1506 3156 1896 3233 nunc'supra‚
1938 3156 1999 3209 ut
2022 3146 2349 3234 plurimum
2378 3145 2529 3208 bau-

402 3247 577 3309 riunt.
659 3247 1013 3312 Sacerdotes
1064 3248 1334 3321 illorum,
1417 3246 1517 3334 qui
1569 3266 1690 3310 non
1742 3268 1815 3310 ex
1867 3246 2223 3310 orthodoxia
2280 3246 2528 3320 docent,

405 3350 796 3412 communiter
835 3349 1116 3433 Spiritum
1161 3346 1474 3421 Sanctum,
1532 3369 1601 3409 ac
1640 3347 1936 3410 mirabiles
1977 3347 2101 3430 ejus
2145 3345 2531 3432 operationes

405 3458 462 3509 et
488 3450 874 3512 excitationes
901 3450 1277 3512 sanctitatum
1321 3449 1383 3509 in
1419 3448 1693 3513 cordibus
1722 3448 2097 3536 praedicant;
2152 3456 2214 3511 at
2253 3446 2370 3521 illi,
2428 3448 2531 3532 qui

404 3567 473 3609 ex
502 3546 784 3611 hodierna
816 3549 1187 3612 Orthodoxia
1217 3548 1288 3610 de
1318 3548 1737 3620 Fide'docent‚
1783 3557 2070 3636 apparent
2100 3546 2348 3632 Angelis
2374 3548 2533 3611 sicut

365 3707 372 3711 .
404 3648 607 3711 laurea
635 3667 705 3711 ex
735 3646 887 3711 soliis
918 3651 1132 3713 aesculi
1165 3648 1343 3733 ligata
1363 3648 1665 3733 ·insigniti;
1720 3659 1780 3711 at
1808 3649 1921 3724 illi,
1977 3649 2077 3734 qui
2105 3657 2177 3710 ex
2218 3646 2423 3711 Verbo
2458 3648 2532 3711 de

404 3745 709 3810 Charitate
740 3752 798 3808 et
828 3747 951 3829 ejus
980 3751 1259 3835 operibus
1287 3750 1534 3822 ducent,
1589 3746 1877 3836 apparent
1918 3746 2159 3834 Angelis
2199 3749 2352 3811 sicut
2397 3750 2535 3811 lau-

401 3867 503 3911 rea
541 3866 614 3907 ex
659 3844 811 3910 soliis
838 3848 1149 3912 odoriferis
1187 3871 1218 3911 e
1263 3851 1430 3914 lauro
1462 3859 1735 3912 contexta
1768 3850 1979 3912 ornati.
2014 3868 2018 3877 ·
2063 3849 2419 3934 Evangelici
2450 3849 2534 3911 ibi

402 3950 460 4011 in
493 3946 966 4011 contentionibus
995 3970 1126 4012 cum
1157 3949 1521 4014 Reformatis
1552 3951 1624 4013 de
1653 3950 2001 4014 veritatibus
2042 3959 2336 4035 apparent
2373 3950 2539 4016 sicut

404 4049 667 4110 lacerent
699 4057 916 4129 vestes,
963 4070 1032 4112 ex
1064 4068 1238 4113 causa
1270 4052 1405 4136 quia
1438 4051 1988 4136 vestes-significant
2020 4052 2319 4114 veritates.

477 4172 484 4181 ·
562 4143 709 4210 81‘6.
767 4149 1046 4225 Quaesivi
1077 4150 1318 4212 ubinam
1345 4151 1837 4235 Hamburgenses
1876 4152 1933 4213 in
1964 4149 2536 4238 Mundo'spirituaii

407 4245 814 4322 inveniuntur,
857 4270 937 4312 ‘ac
968 4248 1187 4312 dict-um
1218 4259 1338 4322 est,
1394 4251 1553 4335 quod
1579 4250 1782 4314 nullibi
1814 4261 2143 4338 appareant
2187 4251 2431 4315 collecti
2478 4252 2542 4314 in

2630 4 2702 392 l

2677 447 2702 572 <
