2750 4775
631 325 1338 381 ADDITAMETUM.
1386 357 1448 366 ·-
1495 327 1991 383 LUTHERUS.
2266 339 2389 390 309:

245 482 514 569 amplius
569 479 731 565 loqui
771 480 928 544 serio
971 479 1349 544 interdictum
1399 487 1518 555 est,
1573 490 1628 543 et
1673 491 1873 566 postea
1910 465 2060 547 sicut
2105 483 2265 570 prius
2305 507 2377 549 ex

249 582 557 649 Memoria
588 591 645 644 et
673 580 848 645 simul
877 579 1186 644 Intellectu
1217 577 1447 642 docuit:
1505 581 1636 643 talis
1662 580 2013 659 persuasio,
2067 605 2217 670 quae
2245 607 2375 670 spe-

249 685 380 747 cies
405 683 824 745 incantationis
860 690 979 756 est,
1031 681 1276 745 scaturit
1322 702 1391 742 ex
1436 700 1641 744 amore
1688 682 1810 755 sui,
1866 704 1932 743 ex
1977 705 2094 769 quo
2135 685 2372 748 tandem

251 783 398 848 talis
436 782 533 857 fit,
587 791 651 846 ut
696 783 835 845 dum
882 782 1012 866 quis
1059 781 1447 855 contradicit,
1514 803 1632 843 non
1682 783 1856 845 modo
1899 782 2205 869 impugnet
2249 805 2373 848 rem

249 882 654 969 quaestionis,
706 883 807 947 sed
837 883 1014 945 etiam
1047 884 1240 969 ipsam,
1259 879 1601 948 Personam.
1656 883 1801 946 Hic
1840 881 1948 946 fuit
1991 883 2192 948 Status
2220 883 2377 947 vitae

250 985 391 1069 ejus
432 1005 616 1068 usque
663 982 736 1046 ad
778 982 1064 1047 Ultimum
1092 982 1433 1053 Judieium‚-
1485 982 1643 1067 quod
1699 984 1756 1046 in
1808 983 2035 1047 Mundo
2089 983 2378 1070 spirituali

249 1084 439 1150 Anno
475 1087 640 1146 1757
677 1083 900 1147 factum
930 1092 1047 1158 est,
1093 1092 1153 1145 at
1187 1093 1327 1145 tunc
1354 1092 1483 1170 post
1514 1103 1731 1146 annum
1764 1105 1794 1145 e
1824 1084 2019 1147 Demo
2049 1106 2154 1149 sua
2185 1084 2376 1171 prima

250 1188 316 1247 in
367 1184 543 1247 aliam
594 1185 942 1258 translatus,
1008 1192 1066 1246 et
1104 1183 1273 1246 simul
1317 1191 1457 1245 tunc
1498 1183 1556 1244 in
1602 1182 1780 1248 alium
1829 1193 2076 1247 statum:
2131 1195 2189 1249 et
2234 1186 2375 1271 quia

249 1286 357 1348 bic
386 1285 643 1359 audivit,
700 1285 857 1369 quod
887 1304 1033 1372 ego,
1087 1284 1274 1369 quiin
1316 1284 1545 1349 Mundo
1587 1285 1840 1346 naturali
1886 1307 2043 1360 sum,
2100 1287 2376 1371 loquerer

253 1408 393 1448 cum
426 1386 538 1449 illis
565 1386 665 1470 qui
695 1386 752 1447 in
784 1384 1011 1448 Mundo
1046 1385 1367 1471 spirituali,
1425 1384 1578 1446 inter
1620 1384 1815 1471 plures
1856 1385 2100 1449 accessit
2143 1386 2219 1450 ad
2262 1409 2373 1461 me,

254 1498 311 1551 et
348 1499 477 1571 post
508 1486 735 1572 aliquas
762 1485 1254 1570 interrogationes
1282 1494 1342 1548 et
1367 1485 1810 1571 responsiones,
1866 1486 2158 1572 percepit,
2213 1487 2369 1573 quod

251 1587 432 1650 bodie
463 1586 591 1651 finis
620 1588 829 1673 prioris
857 1585 1155 1650 Ecclesiae
1183 1585 1288 1660 sit,
1345 1594 1402 1646 et
1450 1583 1798 1671 principium
1837 1586 2084 1662 Novae,
2139 1588 2211 1650 de
2255 1610 2370 1673 qua

253 1687 635 1774 prophetavit
666 1688 911 1762 Daniel,
964 1696 1027 1750 et
1054 1684 1183 1772 lpse
1217 1686 1508 1750 Dominus
1539 1685 1827 1772 praedixit
1867 1687 2020 1773 apud
2055 1686 2371 1774 Evangeli-

248 1798 408 1862 staS,
463 1800 518 1850 et
552 1789 709 1874 quod
741 1788 918 1852 Nova
957 1786 1104 1850 baec
1132 1785 1397 1849 Ecclesia
1429 1785 1795 1871 intelligatur
1824 1787 2192 1872 perNovain
2227 1788 2372 1852 Hie·

251 1889 621 1977 rosolymam
651 1885 1132 1976 inApoealypsi,
1187 1896 1242 1949 et
1286 1907 1391 1973 per
1432 1886 1823 1972 Evangelium
1870 1897 2179 1952 aeternum
2209 1889 2368 1975 qnod

248 1987 519 2073 Angelus
550 1991 757 2054 volans
786 1988 843 2049 in
873 1989 1068 2050 medio
1100 1986 1261 2050 Caeli
1293 1986 1739 2071 Evangelizavit
1770 1987 2171 2053 habitantibus
2194 2010 2372 2076 super

249 2089 477 2163 Terra,
530 2088 671 2176 Gap.
703 2088 875 2154 XIV:
922 2094 960 2151 6
1001 2087 1114 2164 ibi,
1171 2087 1341 2150 valde
1370 2086 1707 2171 indignatus
1735 2097 1850 2163 est,
1905 2100 1962 2151 et
1992 2089 2367 2176 objurgavit.;

253 2211 463 2253 verum
493 2189 643 2253 sicut
687 2189 975 2277 percepit,
1027 2187 1190 2274 quod
1217 2187 1459 2254 Novum
1491 2187 1764 2264 Caelum,
1819 2190 1981 2275 quod
2019 2189 2236 2256 sactum
2282 2199 2373 2254 est

251 2300 316 2352 et
344 2288 407 2352 fit
441 2290 518 2353 ab
555 2291 702 2366 illis,
756 2290 855 2375 qui
886 2288 1074 2353 solum
1117 2288 1440 2352 Dominum
1488 2309 1594 2375 pro
1644 2289 1771 2353 Deo
1817 2290 1977 2355 Caeli
2020 2300 2076 2353 et
2119 2291 2367 2366 Terrae,

249 2390 577 2454 secundum
620 2392 807 2477 Ipsius
852 2391 1052 2457 Verba
1095 2387 1307 2452 Mattb.
1356 2389 1653 2457 XXVlll:
1715 2395 1827 2466 18,
1893 2401 2251 2481 agnoscunt,
2307 2403 2366 2456 et

255 2490 413 2552 sicut
453 2491 865 2554 animadvertit
907 2491 1124 2557 Caetus
1151 2490 1412 2577 quotidie
1453 2490 1527 2553 ad
1567 2513 1629 2554 se
1671 2503 2065 2579 congregatos
2104 2494 2369 2571 diminui,

256 2587 604 2674 objurgatio
634 2593 910 2666 cessavit,
963 2602 1020 2655 et
1050 2578 1189 2655 tunc
1220 2593 1462 2679 propius
1499 2591 1574 2655 ad
1615 2614 1707 2656 me
1748 2597 2024 2669 accessit,
2077 2604 2137 2658 et
2177 2595 2369 2681 caepit

249 2689 610 2757 familiarius
640 2713 860 2756 mecum
893 2693 1085 2777 loqui;
1122 2702 1177 2758 et
1210 2702 1519 2778 postquam
1550 2695 1854 2757 convietus
1882 2704 1986 2770 est,
2018 2695 2175 2782 quod
2205 2694 2366 2782 prin-

248 2790 442 2876 cipale
471 2791 704 2875 Dogma
735 2793 805 2855 de
833 2794 871 2856 J
883 2791 1269 2858 ustificatione
1314 2814 1419 2879 per
1446 2792 1630 2857 solam
1675 2792 1845 2858 iidem
1889 2816 2009 2856 non
2047 2815 2117 2855 ex
2150 2794 2366 2868 Verbo,

244 2892 354 2956 sed
384 2913 455 2954 ex
484 2896 736 2979 propria.
756 2893 1151 2980 Intelligentia
1183 2893 1557 2970 assumserit,
1611 2915 1813 2980 passus
1840 2905 1926 2957 est
1965 2915 2026 2956 se
2053 2892 2265 2959 instrui
2291 2893 2364 2955 de

248 2994 548 3067 Domino,
604 2993 685 3058 de.
705 2993 1041 3069 Charitate,
1095 2995 1166 3058 de
1212 3015 1349 3058 vera
1382 2994 1562 3070 Fide,
1614 2995 1683 3056 de
1716 2994 1932 3056 Libero
1961 2992 2256 3068 Arbitrio,
2305 3003 2364 3055 et

245 3114 431 3178 porro
461 3094 533 3157 de
563 3094 1029 3181 Redeuiptione,
1083 3105 1140 3158 et
1185 3093 1298 3159 hoc
1339 3095 1512 3158 unice
1557 3115 1627 3157 ex
1668 3094 1900 3168 Verbo,
1951 3092 2185 3156 tandem
2230 3102 2360 3180 post

242 3194 686 3265 convictionem
715 3196 930 3281 incepit
961 3196 1195 3271 favere,
1249 3204 1310 3256 et
1336 3194 1545 3256 deinde
1575 3195 1701 3281 plus
1732 3205 1788 3257 et
1831 3195 1959 3281 plus
1996 3203 2181 3257 semet
2222 3216 2366 3258 eon-

246 3293 491 3359 firmare
519 3296 576 3357 in
609 3295 1000 3370 veritatibus,
1057 3319 1128 3358 ex
1156 3296 1370 3380 quibus
1409 3294 1582 3361 Nova
1618 3296 1879 3359 Ecclesia
1924 3294 2364 3363 constabilitum

243 3394 366 3463 boc
394 3405 661 3480 tempore
691 3397 845 3483 apud
878 3419 967 3460 me
1000 3405 1129 3461 erat
1170 3394 1463 3481 quotidie,
1517 3406 1575 3458 et
1619 3409 1756 3457 tunc
1787 3397 2016 3481 quoties
2059 3394 2365 3481 recollegit

249 3494 552 3560 Veritates
587 3496 748 3571 illas,
816 3498 1029 3584 incepit
1074 3498 1148 3561 ad
1192 3496 1389 3585 priora
1429 3517 1535 3560 sua
1581 3496 1875 3580 Dogmata
1922 3497 2071 3561 sicut
2102 3493 2182 3560 ad
2226 3498 2365 3562 talia

247 3617 404 3681 quae
433 3618 466 3659 e
496 3597 786 3671 diametro
821 3594 1027 3662 contra
1058 3597 1318 3662 Verbum
1359 3606 1528 3672 sunt,
1583 3598 1803 3671 ridere;
1859 3607 1916 3660 et
1958 3597 2157 3661 audivi
2197 3600 2361 3663 illum
2472 3680 2479 3689 ,

248 3696 576 3768 dicentem,
629 3720 703 3760 ne
734 3698 1022 3765 miremini
1053 3697 1208 3785 quod
1250 3698 1379 3781 Ego
1413 3697 1770 3784 'arripuerim
1804 3699 2011 3762 Fidem
2051 3696 2236 3763 solam
2277 3700 2368 3784 ju·

245 3795 638 3873 stificantem,
691 3809 746 3860 et
790 3799 1136 3862 excluserim
1166 3797 1527 3862 Charitatem
1558 3821 1593 3862 a
1620 3800 1907 3883 spirituali
1948 3822 2051 3864 sua
2095 3799 2366 3873 essentia,

245 3908 306 3961 et
334 3920 573 3985 quoque
607 3920 781 3962 omne
810 3900 1087 3975 Liberum
1118 3896 1446 3963 Arbitrium
1487 3903 1546 3962 in
1585 3899 1985 3985 spiritualibus
2025 3899 2366 3965 hominibus

244 3990 605 4074 ademerim,
657 4009 898 4086 praeter,
920 3999 1088 4088 plura
1121 4021 1272 4086 quae
1301 4021 1333 4063 a
1358 3999 1485 4064 sola
1517 3998 1664 4063 Fide
1689 3999 1871 4063 semel
1899 4010 2174 4088 accepta,
2215 3999 2366 4065 sicut

244 4088 396 4164 unes
412 4122 446 4164 a
477 4108 719 4174 catena,
773 4101 1059 4188 pendent,
1113 4099 1393 4185 quoniam
1442 4098 1570 4164 finis
1607 4121 1771 4165 meus
1810 4097 1921 4162 fuit
1949 4100 2146 4164 divelli
2177 4121 2208 4162 a
2241 4099 2365 4161 Ro-

243 4198 811 4280 mano-Catholicis,
870 4224 1043 4288 quem
1089 4198 1264 4264 finem
1315 4221 1435 4281 non
1475 4199 1645 4265 aliter
1684 4199 1845 4287 potui
1892 4200 2121 4285 assequi
2164 4209 2218 4262 et
2260 4198 2366 4260 ob-
