2750 4775
451 384 521 432 3'1
677 372 1133 428 UNIVERSA
1176 371 1713 427 THEOLOGIA
1752 374 1822 428 N.
1867 372 1931 428 C.
1976 373 2081 425 ΕΤ
2123 373 2189 428 Ν.
2235 373 2295 422 Ε.

446 526 656 594 dabilis
692 526 833 600 fuit3
900 527 1246 615 primarium
1285 525 1508 591 ordinis
1547 536 1665 602 est,
1732 536 1796 591 ut
1836 526 2019 591 homo
2057 528 2129 592 sit
2170 527 2367 612 imago
2405 525 2535 612 Dei,

388 705 393 712 ,
446 627 691 719 proinde
721 637 785 692 ut
812 628 1148 715 perficiatur
1173 649 1379 692 amore
1415 636 1473 691 et
1498 629 1782 713 sapientia
1800 676 1816 701 ,
1857 638 1917 691 et
1944 630 2027 691 sic
2048 629 2174 717 plus
2201 638 2258 692 et
2287 629 2413 713 plus
2439 626 2538 690 fiat

448 730 575 803 illa;
630 728 747 793 hoc
772 731 935 795 Deus
961 738 1245 815 operatur
1284 730 1563 793 continue
1600 729 1754 818 apud
1794 728 2126 801 homiuem,
2180 731 2281 793 sed
2321 729 2538 813 absque

448 829 664 904 Libero
704 831 951 894 arbitrio
993 831 1054 892 in
1090 830 1521 915 spiritualibus,
1576 852 1679 916 per
1708 832 1865 916 quod
1894 831 2072 894 homo
2106 852 2166 894 se
2198 830 2377 916 possit
2404 849 2540 894 cou-

449 940 681 996 vertere
706 933 783 995 ad
809 933 1022 1007 Deum,
1074 941 1221 996 etse
1251 932 1503 996 vicissim
1535 933 1896 1018 conjungere
1926 931 2075 1018 lpsi,
2119 931 2540 1005 frustraneum,

449 1033 587 1121 quia
627 1033 1014 1122 impossibile,
1068 1030 1254 1107 foret,
1305 1054 1443 1097 nam
1484 1032 1651 1098 Ordo
1692 1043 1808 1109 est,
1861 1054 1933 1096 ex
1972 1055 2088 1120 quo
2128 1041 2185 1096 et
2222 1033 2543 1097 secundum

450 1155 627 1222 quem
670 1143 828 1200 totus
854 1136 1112 1200 Mundus
1153 1156 1283 1197 cum
1325 1134 1601 1197 omuibus
1637 1142 1695 1197 et
1722 1136 1963 1219 singulis
2003 1135 2136 1221 ejus⁴
2165 1142 2402 1199 creatus
2438 1140 2544 1206 est,

450 1245 517 1299 et·
549 1235 683 1322 quia
725 1257 795 1300 ex
836 1235 937 1299 illo
964 1245 1022 1299 et
1048 1235 1368 1299 secundum
1397 1235 1560 1297 illum
1592 1235 1780 1300 omnis
1806 1238 2030 1300 creatio
2058 1234 2215 1300 sacta
2242 1246 2361 1309 est,
2412 1233 2543 1295 ideo

450 1337 611 1401 Deus
649 1345 898 1401 vocatur
938 1338 1055 1421 ipse
1084 1335 1283 1410 Ordo,
1338 1356 1524 1421 quare
1562 1335 1716 1399 idem
1757 1347 1879 1412 est,
1930 1338 2056 1401 sive
2097 1336 2312 1401 dixeris
2350 1335 2545 1404 facere

452 1446 661 1504 contra
705 1439 985 1503 Divinum
1016 1437 1337 1511 Ordinem,
1400 1436 1525 1500 sive
1578 1436 1792 1502 dixeris
1833 1437 2031 1502 facere
2086 1447 2293 1502 eontra
2336 1439 2546 1510 Deum,

449 1539 569 1602 imo
609 1538 741 1626 Ipse
787 1540 949 1603 Deus
988 1558 1106 1599 non
1152 1545 1343 1621 potest
1380 1536 1580 1601 facere
1611 1547 1826 1603 contra
1851 1540 2133 1604 Divinum
2174 1560 2346 1603 suum
2390 1535 2546 1601 ordi-

451 1662 620 1716 nem,
672 1639 956 1726 siquidem
984 1637 1096 1735 boc
1125 1636 1279 1701 foret
1307 1637 1504 1701 facere
1540 1648 1746 1702 contra
1775 1638 1852 1704 Se
1882 1639 2106 1727 Ipsum;
2160 1661 2348 1727 quare
2389 1636 2548 1704 ducit

442 1764 689 1807 omnem
731 1740 1027 1804 bominem
1070 1738 1389 1801 secundum
1430 1739 1507 1805 Se
1548 1739 1746 1814 illum,
1797 1750 1857 1803 et
1885 1748 2168 1804 ‘errantes
2213 1751 2269 1803 et
2317 1740 2544 1828 elapsos

337 1851 347 1865 '
447 1844 509 1906 in
538 1844 731 1922 illum,
785 1864 854 1906 ac
880 1839 1217 1904 resistentes
1247 1841 1320 1904 ad
1349 1841 1531 1904 illum.
1585 1841 1646 1903 Si
1676 1841 1853 1905 homo
1880 1844 2161 1930 potuisset
2191 1839 2547 1906 creariabs-

449 1966 563 2030 que
604 1944 823 2010 Libero
864 1939 1129 2004 Arbitrio
1172 1942 1230 2005 in
1275 1943 1705 2030 spiritualibus,
1773 1944 1912 2029 quid
1955 1953 2097 2010 tunc
2139 1939 2544 2028 omnipotenti

451 2045 581 2116 De‘o
626 2043 852 2109 facilius
899 2040 1084 2116 foret,
1135 2063 1311 2129 quam
1359 2061 1565 2110 omnes
1607 2046 1668 2107 in
1711 2046 1985 2108 universo
2038 2052 2332 2107 terrarum
2379 2040 2544 2108 Orbe

445 2146 743 2212 adducere
788 2141 861 2205 ad
903 2144 1260 2208 credendum
1300 2146 1359 2208 in
1388 2145 1738 2219 Dominum,
1789 2166 2011 2209 numne
2052 2145 2333 2232 potuisset
2361 2141 2545 2208 cuivis

448 2244 667 2310 inferre
698 2245 850 2310 hanc
878 2244 1051 2308 fidem
1072 2293 1087 2319 ‚
1141 2258 1262 2309 tam
1301 2246 1637 2310 immediate
1666 2268 1839 2334 quam
1872 2243 2159 2319 mediate,
2208 2244 2546 2308 immediate

452 2369 558 2434 per
585 2345 915 2412 absolutam
947 2366 1110 2411 suam
1141 2349 1498 2435 potentiam,
1551 2357 1611 2411 et
1637 2347 2058 2413 irresistibilem
2086 2346 2211 2432 ejus
2246 2344 2546 2434 operatio-

450 2468 616 2523 nem,
671 2469 822 2534 quae
868 2448 1145 2512 continua
1176 2459 1297 2523 est,
1349 2460 1413 2511 ut
1452 2447 1630 2511 homo
1670 2451 1966 2520 salvetur;
2020 2457 2120 2511 aut
2158 2447 2418 2511 mediate
2446 2464 2552 2535 per,

451 2549 745 2613 cruciatus
806 2548 1196 2613 conscientiae
1249 2550 1374 2634 ejus
1429 2549 1705 2632 injectos,
1776 2570 1879 2634 per
1932 2547 2232 2613 lethiferas
2277 2547 2548 2637 corporis

451 2650 915 2724 convulsiones,
945 2659 1003 2711 et
1049 2669 1261 2732 graves
1298 2650 1486 2712 minas
1534 2650 1790 2724 mortis‚.
1819 2649 1865 2713 si
1909 2670 2026 2710 non
2074 2638 2309 2735 recipit;
2361 2649 2551 2712 acin-

442 2740 627 2838 super
666 2772 770 2836 per
807 2751 1170 2837 apertionem
1204 2750 1449 2823 inferni,
1504 2757 1566 2812 et
1590 2749 1724 2812 inde
1747 2748 2143 2834 praesentiam
2173 2749 2547 2815 diabolorum

448 2853 773 2915 tenentium
821 2853 880 2915 in
932 2850 1204 2914 manibus
1242 2848 1529 2913 terrificas
1567 2848 1755 2926 faces,
1820 2859 1923 2913 aut
1977 2872 2080 2935 per
2134 2851 2543 2915 evocationem

450 2963 861 3027 mortuorum,
913 2968 1062 3036 quos
1089 2958 1515 3037 cognoverant,
1566 2950 1722 3026 inde,
1774 2951 1884 3016 suh
1912 2951 2168 3037 imagine
2198 2951 2545 3015 terribilium

447 3064 847 3142 spectrorum;
910 3051 1146 3133 sedfh-,is
1186 3051 1578 3138 respondetur
1611 3073 1694 3117 ex.
1717 3053 1912 3139 verbis
1939 3050 2264 3116 Abrahami
2292 3051 2365 3115 ad
2397 3051 2546 3114 divi-

449 3164 568 3219 tem
606 3155 666 3217 in
707 3152 979 3228 InfernO,
1029 3156 1089 3216 si
1111 3152 1334 3221 Mosen
1373 3166 1431 3217 et
1458 3151 1803 3246 Prophetas
1840 3178 1960 3220 non
2003 3153 2294 3227 audiunt,
2345 3175 2453 3217 nec
2490 3153 2548 3217 si

451 3259 587 3347 quis
613 3280 646 3320 e
673 3256 922 3321 mortuis
949 3259 1358 3331 resurrexerit,
1402 3254 1968 3348 persuadebuntur,
2012 3253 2153 3318 Luc
2181 3252 2355 3318 XVI:
2390 3257 2491 3317 31.

603 3360 747 3419 501.
795 3355 1120 3434 Quaeritur
1147 3355 1339 3432 hodie,
1389 3377 1495 3420 cur
1521 3378 1639 3420 non
1667 3355 1957 3421 Miracula
1987 3353 2133 3419 fiunt
2160 3354 2543 3443 quemadmo-

449 3459 587 3520 dum
616 3457 813 3531 olim,
808 3479 966 3520 nam
1000 3455 1290 3532 creditur,
1329 3456 1488 3543 quod
1515 3457 1561 3521 si
1590 3454 1815 3532 fierent,
1859 3458 2101 3543 quisque
2132 3456 2308 3520 corde
2337 3476 2548 3545 agnos-

451 3566 640 3622 ceret:
708 3556 809 3625 sed
839 3557 995 3643 quod
1035 3555 1209 3620 hodie
1249 3578 1369 3620 non
1410 3557 1554 3622 fiant
1593 3560 1741 3623 sicut
1784 3560 1974 3645 priuS,
2026 3567 2112 3621 est
2155 3577 2364 3633 causa,
2408 3555 2543 3644 quia

450 3659 749 3729 Miracula,
784 3666 1036 3744 cogunt,
1088 3665 1149 3720 et
1188 3657 1463 3722 auferunt
1502 3658 1753 3724 liberum
1797 3658 2104 3724 arbitrium
2146 3658 2204 3722 in
2232 3656 2547 3746 spiritualib
2602 3679 2606 3683 ·

449 3758 593 3834 bus,
660 3767 718 3821 et
756 3757 1054 3823 hominem
1102 3779 1135 3820 a
1191 3760 1476 3844 spirituali
1520 3759 1744 3851 faciunt
1781 3760 2161 3830 ‘naturalem3
2241 3759 2430 3823 omnis
2479 3758 2541 3821 in

449 3857 786 3931 Christiano
832 3860 975 3923 orbe
1016 3869 1144 3947 post
1183 3859 1520 3926 Adventum
1548 3860 1789 3927 Domini
1831 3868 2024 3947 potest
2055 3859 2370 3948 spiritualis
2397 3857 2545 3933 fieri,

447 3968 507 4024 e't
548 3958 867 4047 spiritualis
912 3959 974 4024 fit
1026 3960 1197 4024 unice
1245 3962 1320 4028 ab
1367 3962 1502 4051 Ipso
1550 3983 1654 4049 per
1699 3961 1999 4036 Verbum,
2072 3970 2130 4022 et
2173 3959 2423 4026 facultas
2467 3956 2542 4023 ad

445 4061 559 4126 hoc
598 4062 846 4150 periret,
897 4060 942 4126 si
968 4061 1146 4127 homo
1179 4085 1281 4150 per
1308 4061 1596 4127 Miracula
1639 4060 2031 4125 adduceretur
2062 4060 2134 4124 ad
2164 4061 2541 4134 credendum,

449 4163 726 4250 quoniam
769 4160 944 4238 haec,
999 4174 1062 4226 ut
1100 4185 1277 4250 supra
1307 4162 1528 4226 dictum
1556 4170 1673 4236 est,
1732 4171 1952 4248 cogunt
1982 4172 2040 4225 et
2069 4163 2344 4231 auferunt
2381 4163 2433 4225 ei
2475 4159 2542 4224 li·-

448 4265 654 4330 berum
684 4262 1009 4333 Arbitrium
1050 4264 1111 4328 in
1137 4262 1572 4352 spiritualibus»,
1624 4270 1683 4327 et
1722 4280 1895 4331 omne
1935 4272 2204 4343 coactum
2241 4264 2300 4327 in
2329 4263 2543 4329 talibus
