2750 4775
400 359 505 410 182
626 346 1088 400 UNIVERSA
1140 343 1673 398 T11EOLOG1A
1729 344 1796 398 N.
1841 343 1904 395 C.
1948 343 2056 394 ET
2098 343 2163 394 N.
2205 342 2269 397 E.

393 523 470 567 ex
510 499 810 565 communi
850 517 1125 563 sermone
1164 497 1304 573 scit,
1364 494 1508 582 quid
1546 496 1960 571 Conscientia,
2016 506 2078 560 ut
2123 516 2257 560 cum
2307 497 2519 562 dicitur

395 604 470 668 de
498 601 731 688 aliquo,
784 600 881 663 hic
904 594 1343 664 Conscientiam
1390 596 1605 673 habet,
1659 618 1860 662 nonne
1899 599 2080 661 etiarn
2123 607 2268 661 tunc
2307 599 2520 662 intelli-

397 703 585 791 gitur,
637 699 945 786 hicjustus
969 698 1151 763 homo
1179 707 1294 772 est;
1352 719 1424 766 ac
1454 698 1706 762 vicissim
1741 720 1872 763 cum
1919 699 2135 762 dicitur
2177 699 2255 761 de
2298 699 2520 786 aliquo,

394 803 495 869 hic
520 823 638 869 non
667 800 1086 867 conscientiam
1115 798 1297 862 habet
1315 848 1331 875 ,
1388 820 1585 862 nonne
1617 808 1757 862 tunc
1784 800 1962 864 etiam
1992 798 2374 885 intelligitur,
2427 798 2526 863 hic

396 905 649 992 injustus
674 911 778 969 est.
859 896 1126 986 Angelus
1156 901 1294 963 dum
1336 900 1487 963 haec
1532 899 1829 975 edixerat,
1881 900 2078 964 subito
2120 900 2390 965 sublatus
2436 910 2522 968 est

394 1006 458 1069 in
501 1025 675 1070 suum
724 999 1006 1076 Caelum,
1059 1009 1119 1063 et
1166 1011 1428 1085 quatuor
1474 1000 1695 1064 Coetus
1737 1000 2048 1065 coiverunt
2087 1001 2150 1063 in
2193 1022 2413 1076 unum,
2465 1011 2526 1065 et

397 1114 712 1196 postquam
744 1101 1111 1188 aliquantum
1141 1100 1296 1165 inter
1335 1122 1400 1164 se
1443 1099 1768 1186 colloquuti
1796 1111 1931 1164 sunt
1960 1101 2034 1164 de
2062 1099 2253 1164 effatis
2283 1097 2523 1188 Angeli,

397 1226 541 1270 ecce
568 1205 782 1268 iterum
810 1203 980 1267 divisi
1016 1210 1154 1266 sunt
1197 1201 1258 1263 in
1298 1210 1558 1287 quatuor
1596 1201 1844 1278 Caetus,
1895 1202 1997 1265 sed
2041 1202 2097 1263 in
2147 1201 2298 1267 alios
2340 1223 2523 1287 quam

399 1305 598 1394 prins,
654 1305 714 1367 in
740 1324 923 1368 unum
956 1303 1055 1366 ubi
1083 1302 1167 1365 illi
1193 1301 1293 1388 qui
1325 1300 1908 1387 comprehenderunt
1940 1302 2126 1366 verba
2159 1299 2373 1387 Angeli
2393 1350 2410 1378 ,
2457 1312 2525 1365 et

401 1412 810 1477 assemanum
865 1404 925 1467 in
971 1405 1224 1468 alterum
1266 1401 1369 1466 ubi
1413 1403 1531 1476 illi,
1599 1404 1699 1488 qui
1745 1424 1865 1469 non
1919 1401 2526 1486 comprehenderunt,

398 1507 502 1572 sed
532 1526 717 1592 usqne
746 1505 1056 1576 savernam
1097 1505 1425 1569 intertium
1457 1502 1556 1566 ubi
1585 1503 1698 1579 illi,
1740 1504 1841 1590 qui
1869 1524 1986 1566 non
2015 1504 2333 1569 voluerunt
2363 1525 2527 1568 com-

400 1606 768 1695 prehendere
784 1656 813 1681 ,‚
854 1606 1114 1669 dicentes
1143 1604 1282 1691 quid
1311 1604 1484 1668 nobis
1511 1622 1645 1666 cum
1674 1602 2085 1676 Conscientia,
2135 1613 2197 1666 et
2238 1604 2298 1667 in
2344 1626 2525 1690 quar-

405 1717 528 1772 tum
560 1707 658 1772 ubi
688 1705 772 1771 illi
800 1707 901 1792 qui
931 1706 1285 1779 irridebant,
1339 1704 1604 1768 dicentes
1641 1704 1782 1789 quid
1816 1703 2190 1768 Conscientia
2234 1705 2346 1769 nisi
2391 1705 2528 1770 Fla-

403 1817 527 1882 tus;
580 1817 640 1872 et
670 1807 789 1873 vidi
818 1806 950 1871 illos
975 1806 1318 1871 secedentes
1345 1826 1380 1869 a
1408 1826 1471 1869 se
1497 1804 1748 1869 invicem
1770 1852 1788 1879 ‚
1841 1814 1901 1868 et
1943 1814 2085 1868 tunc
2125 1804 2278 1870 duos
2303 1805 2528 1869 Caelus

401 1910 629 1995 priores
670 1907 957 1971 abeuntes
1002 1906 1076 1969 ad
1122 1904 1431 1980 dextrum,
1492 1915 1552 1970 et
1591 1904 1740 1970 duos
1780 1905 2000 1970 Caelus
2045 1906 2410 1992 posteriores
2448 1908 2528 1970 ad

402 2010 734 2082 sinistrum,
788 2005 981 2070 ethos
1011 2005 1462 2082 descendentes,
1515 2006 1652 2071 illos
1672 2015 1867 2069 autem
1899 2004 2301 2071 ascendentes.

930 2268 1255 2336 CAPUT
1309 2271 1991 2337 DUODECIMUM

1411 2427 1510 2479 DE

1032 2560 1884 2648 BAPTtSMO.

415 2758 605 2844 Quod
652 2761 880 2852 absque
944 2766 1284 2852 cognitione
1345 2761 1422 2827 de
1475 2758 1668 2826 Sensn
1732 2759 2043 2853 spirituali
2100 2761 2172 2828 V
2168 2762 2301 2827 erbi
2353 2786 2532 2827 nemo

400 2865 604 2953 possit
642 2856 839 2939 scire,
903 2863 1056 2956 quid
1103 2863 1250 2928 Duo
1299 2859 1721 2936 Sacramenta,
1790 2859 2146 2955 Baptismus
2192 2877 2250 2928 et
2299 2862 2531 2929 Sancta

948 2964 1182 3039 Caena,
1239 2961 1544 3027 involvant
1596 2975 1654 3027 et
1679 2963 1979 3063 ⁶efficiunt.

567 3124 714 3182 567.
770 3120 945 3199 Quod
975 3120 1034 3183 in
1075 3119 1350 3184 omnibus
1388 3128 1449 3182 et
1487 3118 1731 3205 singulis
1765 3119 1947 3184 Verbi
1985 3120 2058 3184 sit
2098 3118 2320 3185 Sensus
2359 3120 2537 3206 spiri-

408 3217 617 3294 tualis,
670 3227 728 3282 et
774 3221 937 3305 quod
985 3221 1081 3284 ille
1124 3221 1344 3285 Sensus
1390 3217 1679 3283 hactenus
1721 3219 1960 3304 ignotus
1998 3219 2208 3295 suerit,
2261 3229 2320 3285 et
2368 3220 2534 3305 quod

403 3317 582 3403 hodie
622 3331 862 3407 apertus
905 3322 979 3385 sit
1028 3329 1270 3407 propter
1316 3319 1557 3385 Novam
1606 3318 1932 3383 Ecclesiam
1981 3341 2136 3406 quae
2181 3341 2215 3383 a
2263 3320 2537 3385 Domino

404 3419 789 3486 instauranda
819 3431 936 3496 est,
979 3422 1038 3483 in
1067 3421 1273 3507 Capite
1303 3420 1374 3485 de
1403 3420 1758 3485 Scnwrmm
1785 3419 2027 3496 sim,
2072 3428 2371 3485 ostensum
2402 3432 2532 3484 est:

404 3520 597 3605 qualis
623 3520 721 3583 ille
752 3521 968 3586 Sensus
997 3532 1115 3597 est,
1170 3542 1289 3587 non
1337 3520 1515 3586 modo
1561 3520 1679 3596 ibi,
1731 3519 1835 3584 sed
1880 3522 2056 3586 etiam
2097 3521 2157 3583 in
2198 3521 2409 3607 Capite
2448 3521 2533 3585 de

404 3618 780 3696 Dmnooo,
834 3622 933 3709 qui
961 3623 1286 3687 secundum
1328 3623 1493 3685 illum
1538 3621 1788 3685 Sensum
1829 3619 2005 3686 etiam
2051 3622 2372 3707 explicatus
2417 3630 2534 3698 est,

405 3717 594 3782 videri
624 3729 831 3805 potest.
902 3720 1029 3787 Nisi
1072 3722 1168 3788 ille
1211 3722 1432 3788 Sensus
1472 3731 1715 3808 apertus
1754 3722 1946 3797 soret,
2000 3722 2132 3808 quis
2177 3723 2249 3786 de
2291 3723 2534 3786 duobus

405 3818 518 3883 illis
545 3818 972 3898 Sacramentis,
1028 3821 1333 3909 Baptismo
1378 3833 1435 3886 et
1473 3821 1694 3887 Sancta
1724 3821 1956 3899 Caena,
2012 3822 2305 3907 cogitaret
2343 3822 2534 3897 aliud,

405 3922 582 4006 quarn
610 3922 931 3987 secundum
959 3945 1194 3989 sensum
1228 3922 1594 3999 naturalem,
1649 3924 1748 4007 qui
1788 3933 1877 3987 est
1913 3942 2119 3987 sensus
2160 3924 2399 3999 literae,
2450 3945 2535 3987 ac

403 4018 540 4082 inde
570 4019 793 4088 diceret
820 4033 923 4090 aut
952 4025 1288 4090 mussitaret
1327 4045 1560 4100 secum,
1614 4022 1755 4110 quid
1784 4022 2125 4110 Baptismus
2161 4025 2271 4089 nisi
2316 4043 2535 4110 super-

404 4118 621 4185 infusio
661 4143 854 4211 aquae
894 4145 1071 4213 super
1101 4124 1293 4213 Caput
1326 4123 1599 4205 infantis,
1652 4133 1712 4188 et
1749 4124 1892 4210 quid
1931 4123 2082 4188 haec
2125 4126 2199 4190 ad
2237 4127 2534 4197 salutem;

405 4228 530 4286 tum
573 4220 713 4310 quid
744 4224 962 4292 Sancta
998 4225 1232 4301 Caena,
1289 4224 1715 4291 nisi·assumtio
1757 4224 1923 4312 panis
1964 4234 2021 4290 et
2070 4226 2220 4302 vini,
2276 4235 2335 4289 et
2377 4223 2532 4310 quid

2684 433 2707 528 l
