2750 4775
499 320 652 377 x1V.
734 319 1407 375 CONSUMMA‘HO
1451 322 1834 379 SAECULI
1893 326 2060 383 ETC.
2223 340 2326 390 285

217 475 648 539 inchoamenta
703 475 1023 561 sapientiae
1070 476 1128 539 in
1175 478 1401 543 Mundo
1457 478 1711 572 naturali
1755 479 2134 566 implantatae
2190 504 2330 548 cou-

220 578 426 641 tinuat
469 578 528 641 in
573 586 894 648 aeternum.
1674 579 1679 586 '

387 683 534 743 767.
595 680 795 743 Homo
837 678 934 764 qui
973 677 1030 740 in
1078 677 1191 743 fide
1228 680 1288 746 in
1318 680 1639 744 Dominum
1681 690 1797 756 est,
1849 690 1910 744 et
1947 682 2004 745 in
2048 680 2328 749 charitate

219 800 370 867 erga
420 781 784 867 proximum,
835 789 926 842 est
952 780 1211 845 Ecclesia
1249 782 1309 843 in
1341 782 1713 867 particulari,
1766 781 2025 847 Ecclesia
2068 784 2125 845 in
2164 806 2328 850 com-

216 883 396 945 muni
426 903 495 944 ex
522 881 805 945 similibus
834 882 1224 968 componitur.
1309 883 1443 947 Hoc
1472 881 1739 946 mirabile
1769 893 1885 958 est,
1940 882 2099 969 qnod
2141 885 2332 951 omnis

217 980 495 1074 Angelus
535 983 774 1071 aspiciat
804 982 1159 1060 Dominum,
1211 985 1269 1047 in
1311 987 1663 1070 quacunque
1706 984 2092 1049 conversione
2122 1006 2334 1073 corpo-

222 1087 308 1150 ris
337 1094 400 1149 et
431 1082 600 1147 faciei
627 1083 731 1158 sit,
784 1092 920 1149 ante
950 1105 1042 1156 so;
1099 1094 1185 1150 est
1224 1086 1380 1152 enim
1412 1085 1701 1158 Dominus
1726 1083 1830 1149 Sol
1856 1083 2014 1149 Caeli
2040 1083 2332 1174 Angelici,

219 1186 323 1250 bic
352 1184 571 1271 estqui
601 1204 798 1248 coram
835 1185 1020 1248 oculis
1059 1207 1294 1261 eorum,
1348 1186 1488 1249 dum
1529 1186 1588 1248 in
1627 1185 1912 1274 spirituali
1951 1187 2332 1253 meditatione

217 1297 364 1352 sunt
387 1336 406 1362 ‚
460 1295 732 1373 apparet;
784 1284 971 1350 simile
1002 1283 1066 1348 fit
1096 1288 1248 1373 apud
1281 1286 1577 1352 bominem
1613 1286 1669 1349 in
1700 1281 1958 1361 Mundo,
1983 1340 1988 1346 ,
2011 1289 2067 1350 in
2100 1309 2217 1373 quo
2246 1299 2332 1355 est

218 1388 530 1463 Ecclesia,
583 1386 1016 1475 quoad-visum
1063 1388 1186 1473 ejus
1228 1388 1491 1474 spiritus,
1542 1389 1645 1454 sed
1699 1383 1834 1474 quia
1880 1386 1979 1480 bic
2019 1388 2332 1478 obvelatur

219 1492 362 1558 visu
410 1488 701 1564 naturali,
756 1487 848 1551 cui
886 1486 1349 1553 adblandiuntur
1379 1489 1587 1576 reliqui
1631 1489 1879 1564 Sensus,
1930 1508 2180 1576 quorum
2226 1491 2333 1562 ob-

219 1593 386 1679 jecta
414 1598 551 1654 sunt
579 1588 716 1653 talia
747 1610 902 1677 quae
928 1589 1189 1677 corporis
1218 1599 1276 1654 et
1305 1590 1508 1654 mundi
1535 1599 1705 1665 sunt,
1747 1591 2056 1676 ignoratur
2081 1588 2176 1653 hic
2201 1590 2333 1662 sta?

226 1704 331 1758 tus
377 1691 613 1779 spiritus
650 1691 800 1775 ejus3
855 1687 952 1753 hic
996 1701 1264 1779 aspectus
1307 1690 1545 1757 Domini
1585 1692 1645 1754 in
1688 1711 2041 1778 quacunque
2087 1712 2336 1757 conver·

228 1795 435 1869 sione,
488 1789 670 1856 trahit
697 1790 983 1877 originem
1012 1812 1081 1854 ex
1112 1814 1218 1869 eo,
1272 1793 1429 1880 quod
1470 1814 1643 1856 omne
1676 1813 1918 1866 verum,
1973 1812 2043 1855 ex
2083 1811 2202 1876 quo
2241 1815 2334 1860 sa·

227 1894 457 1985 pientia
487 1901 544 1957 et
574 1891 747 1969 fides,
800 1902 860 1955 et
889 1914 1060 1956 omne
1102 1895 1357 1967 bonum,
1408 1914 1512 1981 per
1554 1893 1711 1980 quod
1757 1914 1924 1957 amor
1962 1902 2022 1964 et
2063 1894 2336 1971 charitas,

229 1998 352 2061 sint
387 2018 418 2058 a
447 1994 702 2062 Domino
719 2042 744 2070 ,.
773 2002 833 2058 et
857 1993 1018 2079 quod
1043 1993 1156 2057 sint
1184 1994 1423 2060 Domini
1452 1995 1615 2082 apud
1634 1994 1795 2059 illum
1817 2043 1833 2068 ,
1872 2002 1936 2058 et
1963 1993 2099 2056 inde
2129 2016 2338 2058 unum-

231 2096 489 2185 quodvis
520 2117 723 2162 verum
750 2094 1074 2183 sapientiae
1103 2103 1194 2159 est
1233 2095 1383 2160 sicut
1422 2096 1723 2184 speculum
1765 2095 1826 2158 in
1868 2115 1987 2180 quo
2025 2095 2334 2174 Dominus,

232 2208 297 2263 et
337 2220 510 2261 omne
553 2197 772 2262 bonum
814 2195 1031 2279 amoris
1069 2207 1154 2260 est
1185 2196 1380 2284 imago
1407 2195 1679 2268 Domini;
1730 2194 1865 2260 inde
1908 2194 2022 2260 boc
2065 2197 2333 2286 mirabile

234 2309 346 2363 est.
425 2298 673 2384 Spiritus
711 2306 910 2362 autem
951 2297 1137 2360 malus
1177 2306 1461 2385 perpetuo
1501 2319 1563 2361 se
1602 2296 1817 2362 avertit
1850 2318 1883 2362 a
1930 2296 2219 2376 Domino,
2274 2308 2334 2364 et

229 2401 460 2486 jugiter
484 2408 705 2487 spectat
732 2400 803 2462 ad
837 2421 1007 2463 suum
1038 2419 1338 2475 amorem,
1391 2407 1450 2462 et
1477 2396 1855 2486 boc-quoque
1891 2400 1950 2462 in
1990 2401 2152 2463 omni
2190 2423 2333 2466 con-

245 2501 520 2564 versione
546 2500 801 2586 corporis
834 2509 893 2564 et
920 2499 1093 2563 faciei
1121 2501 1274 2588 ejus;
1324 2518 1498 2565 causa
1526 2500 1729 2565 eadem
1759 2509 1877 2576 est,
1915 2500 2017 2565 sed
2048 2502 2177 2569 vice
2201 2524 2335 2570 ver·

241 2623 345 2674 sa;
399 2621 536 2667 uam
588 2621 756 2666 omne
804 2601 1022 2665 malum
1078 2601 1267 2665 estin
1310 2600 1564 2690 quadam
1621 2601 1810 2666 forma
1866 2603 2060 2690 imago
2114 2604 2332 2668 amoris

238 2701 547 2790 regnantis
575 2703 723 2789 ejus,
779 2712 837 2766 et
863 2700 1074 2766 falsum
1104 2702 1240 2769 inde
1265 2703 1413 2767 sistit
1453 2702 1613 2769 illam
1651 2704 1967 2791 imaginem
2007 2711 2070 2767 ut
2106 2704 2167 2767 in
2204 2692 2345 2790 spess‘

237 2804 394 2874 culo.
478 2802 652 2882 Quod
689 2802 803 2866 tale
832 2803 969 2889 quid
994 2804 1169 2868 etiam
1197 2803 1609 2892 implantatum
1639 2805 1713 2869 sit
1738 2813 2012 2878 naturae,
2065 2801 2337 2867 concludi

234 2913 432 2995 potest
475 2924 509 2969 a
563 2904 913 2991 quibusdam
954 2906 1479 2991 germinationibus
1533 2907 1685 2969 inter
1729 2902 2053 2977 herbacea,
2123 2903 2334 2988 quibus

237 3008 794 3093 circumstipantur,
844 3006 1002 3092 quod
1031 3007 1329 3071 enitentur
1367 3028 1543 3094 super
1581 3006 1683 3069 illa
1717 3004 1778 3066 in
1819 3004 2034 3077 altum,
2087 3012 2151 3065 ut
2188 3002 2339 3090 aspi·

232 3110 397 3173 ciant
426 3108 645 3180 solem;
698 3116 822 3170 tum
852 3107 1008 3194 quod
1047 3106 1280 3192 aliquae
1310 3109 1386 3171 ab
1424 3107 1651 3171 oriente
1681 3106 1754 3167 ad
1795 3124 2065 3169 occasum
2098 3103 2227 3173 Diei
2271 3125 2332 3167 se

235 3218 480 3275 vertant
509 3210 581 3271 ad
611 3208 772 3272 illum
794 3256 809 3283 ,
864 3219 925 3271 ut
951 3209 1034 3272 sic
1059 3208 1168 3272 sub
1198 3208 1320 3290 ejus
1348 3207 1606 3293 auspicio
1644 3213 2072 3277 maturescant3
2128 3224 2235 3268 nec
2274 3203 2336 3269 in

236 3309 425 3374 dubio
456 3330 612 3386 sum,
671 3309 809 3397 quin
840 3309 1002 3373 omni,
1027 3308 1242 3372 termiti
1272 3317 1329 3371 et
1359 3307 1580 3394 palmiti
1610 3307 1863 3392 cujusvis
1890 3304 2128 3370 arboris
2142 3304 2344 3370 similis

235 3419 493 3475 conatus
524 3420 579 3472 et
610 3412 769 3474 nisus
794 3409 966 3484 insi-t,
1019 3409 1118 3473 sed
1150 3409 1285 3496 quia
1320 3408 1435 3473 illis
1475 3428 1595 3472 non
1635 3407 1934 3472 elasticum
1972 3404 2237 3477 flexionis
2278 3415 2340 3473 et

237 3511 648 3576 conversionis
693 3520 814 3587 est,
865 3510 1123 3576 subsistit
1160 3520 1359 3575 actus:
1415 3508 1572 3597 quod
1614 3509 1789 3573 etiam
1837 3529 2039 3573 omnes
2078 3509 2339 3596 gurgites

236 3634 435 3698 aquae
479 3623 539 3675 et
582 3621 773 3702 syrtes
816 3610 1021 3681 oceani
1066 3619 1274 3698 sponte
1317 3633 1422 3676 sua
1477 3608 1971 3679 circumferantur
2017 3611 2340 3677 secundum

237 3734 618 3777 communem
647 3712 799 3777 Solis
844 3733 1250 3799 progressum,
1303 3721 1464 3800 patet
1499 3712 1846 3799 inquisitori.
1902 3712 2057 3794 Quid
2085 3735 2204 3777 non
2229 3711 2342 3775 ho-

235 3836 371 3890 mo,
424 3813 524 3900 qui
556 3815 630 3877 'ad
659 3815 971 3898 imaginem
1011 3815 1120 3879 Dei
1148 3824 1379 3879 creatus
1409 3824 1524 3888 est,
1572 3814 1679 3877 nisi
1708 3813 1941 3877 insitum
1970 3814 2130 3878 illum
2161 3832 2341 3877 cona·

236 3928 367 3979 tum
407 3902 467 3977 &t
506 3916 696 3980 nisum
724 3938 758 3980 a
781 3913 1067 3980 Creatore
1109 3936 1213 4003 per
1252 3917 1449 3981 dotem
1492 3914 1662 3979 liberi
1704 3912 1801 3979 sui
1835 3914 2063 3978 arbitrii
2103 3902 2347 3985 aliunde*

234 4024 455 4084 vertat.
553 4017 689 4080 Hoc
721 4038 965 4104 ’quoque
1006 4015 1308 4081 assimilari
1355 4025 1547 4106 potest
1590 4035 1868 4103 sponsae,
1923 4013 2080 4102 quod
2118 4011 2341 4099 aliquid

234 4117 511 4205 imaginis
534 4117 732 4205 sponsi
764 4119 893 4183 visu
918 4117 1153 4205 spiritus
1179 4118 1268 4181 sui
1306 4116 1523 4204 jugiter
1562 4115 1744 4190 ferat,
1784 4124 1857 4179 ‘et
1903 4115 1969 4187 in,
2002 4115 2127 4201 ejus
2152 4112 2340 4186 donis,

230 4219 389 4284 sicut
433 4219 491 4284 in
534 4219 815 4309 speculis,
869 4219 1030 4285 illum
1077 4217 1305 4293 videat,
1360 4237 1431 4285 ac
1475 4216 1793 4289 adveutum
1834 4213 1988 4289 illius
2034 4210 2341 4296 discupiat,
