2750 4775
489 343 596 392 286
717 332 1174 388 UNIVERSA
1217 332 1753 387 THEOLOGM
1792 332 1863 388 Π.
1903 331 1968 386 C.
2009 332 2112 385 ET
2154 332 2220 387 N.
2260 332 2319 385 E.

484 498 544 551 et
583 488 741 575 quod
790 486 1122 552 venientem
1165 487 1420 577 excipiat
1461 485 1713 574 gaudio,
1767 488 1827 551 in
1883 487 2039 575 quod
2100 507 2266 551 amor
2320 485 2535 571 pectoris

484 589 612 674 ejus
652 589 889 653 exultat.

483 816 671 897 Quod
720 815 1040 882 Adventus
1093 817 1342 883 Domini
1392 842 1513 883 non
1565 820 1645 882 sit
1695 815 2019 882 Adventus
2070 816 2284 908 Ipsius
2338 813 2417 879 ad
2457 813 2541 886 de-

481 913 725 984 lendum
778 915 1023 984 Caelum
1077 916 1444 1010 aspectabile
1495 934 1553 983 et
1611 918 1858 983 Terram
1915 914 2335 990 habitabilem,
2382 929 2437 979 et
2473 911 2544 980 ad

479 1019 803 1085 creandum
844 1018 1088 1084 Novum
1140 1018 1387 1084 Caelum
1438 1033 1497 1084 et
1547 1019 1625 1085 N
1619 1043 1789 1083 ovam
1849 1019 2128 1094 Terram,
2183 1022 2334 1083 sicut
2378 1015 2542 1082 hacte-

608 1146 724 1185 nus
774 1118 948 1186 multi
995 1145 1077 1185 ex
1132 1145 1253 1185 non
1305 1118 1608 1185 intellecto
1657 1144 1842 1184 sensu
1896 1118 2211 1211 spirituali
2265 1118 2447 1185 Verbi

1304 1224 1540 1313 opinati
1586 1236 1744 1285 sunt.

634 1403 778 1464 768.
832 1400 1134 1466 Sententia
1161 1399 1335 1463 hodie
1363 1399 1571 1484 vigens
1604 1399 1664 1461 in
1694 1398 1969 1464 Ecclesiis
2002 1409 2127 1474 est,
2181 1398 2335 1486 quod
2371 1396 2540 1462 Domi-

475 1523 605 1575 nus,
656 1523 787 1565 cum
818 1502 890 1565 ad
918 1502 1184 1565 ultimum
1212 1500 1491 1583 judicium
1521 1500 1753 1576 veniet,
1806 1500 2186 1587 appariturus
2210 1501 2284 1564 sit
2309 1501 2366 1561 in
2402 1495 2541 1562 nubi·

473 1602 586 1668 bus
610 1602 772 1667 Caeli
812 1625 946 1667 cum
972 1601 1214 1689 Angelis
1252 1612 1311 1665 et
1335 1601 1619 1686 clangore
1646 1603 1956 1675 tubarum,
2007 1612 2067 1665 et
2106 1608 2539 1686 congregaturus

472 1725 678 1769 omnes
717 1706 817 1791 qui
855 1724 1030 1792 super
1054 1702 1294 1768 Tellure
1331 1700 1640 1777 habitant,
1693 1713 1751 1765 et
1788 1704 1960 1767 simul
1991 1703 2089 1789 qui
2134 1702 2391 1766 defuncti
2414 1706 2535 1772 suut,

472 1826 543 1869 ac
567 1814 943 1891 separaturus
970 1805 1153 1868 malos
1180 1825 1214 1867 a
1244 1803 1440 1878 bonis,
1492 1805 1639 1870 sicut
1671 1813 1868 1890 pastor
1895 1804 2089 1868 hircos
2114 1805 2198 1868 ab
2224 1804 2451 1874 ovibus,
2492 1806 2537 1860 et

470 1908 629 1993 quod
658 1915 798 1971 tunc
827 1907 1198 1991 conjecturas
1226 1905 1299 1968 sit
1327 1906 1514 1969 malos
1540 1927 1642 1970 seu
1669 1903 1866 1968 hircos
1894 1906 1953 1968 in
1981 1904 2320 1981 infernum,
2368 1926 2432 1967 ac
2455 1900 2535 1962 bo·

470 2029 579 2070 nos
609 2028 713 2071 seu
739 2029 879 2070 oves
908 2007 1329 2070 elevaturus‘in
1362 2006 1636 2070 Caelum:
1692 2015 1750 2069 et
1776 2007 1934 2092 quod
1968 2019 2106 2070 tunc
2136 2007 2311 2071 simul
2343 2010 2535 2068 creatu·

468 2129 570 2172 rus
595 2109 669 2172 sit
697 2129 917 2171 novum
948 2106 1190 2171 Caelum
1220 2108 1593 2195 aspectabile,
1649 2116 1706 2169 et
1732 2107 1969 2172 Novam
1994 2106 2254 2172 Terram
2283 2100 2532 2170 habitabi*
2646 2163 2647 2184 ᾖ

469 2209 614 2280 Ιετης
685 2219 743 2272 et
798 2229 973 2296 super
1015 2206 1168 2272 hanc
1214 2209 1571 2273 demissurus
1618 2209 1690 2273 sit
1738 2208 2001 2285 Urbem,
2056 2229 2215 2295 quae
2265 2206 2531 2271 vocabitur

468 2309 643 2374 Nova
675 2309 1154 2398 Hierosolyma‚‚
1184 2310 1356 2396 cujus·
1373 2319 1670 2374 structura
1714 2311 1824 2372 erit
1859 2310 2185 2375 secundum
2232 2303 2529 2394 descriptio·

466 2430 599 2472 nem
628 2413 686 2472 in
713 2410 1065 2499 Apocalypsi
1099 2411 1237 2500 Cap.
1268 2412 1433 2486 ΧΧΙ,
1490 2412 1758 2474 videlicet
1794 2433 1866 2476 ex
1900 2413 2130 2498 jaspide
2172 2423 2234 2475 et
2277 2433 2444 2483 auro,
2486 2415 2530 2468 et
2644 2408 2645 2435 ¹

465 2512 591 2595 ejus
621 2513 771 2573 muri
798 2510 1177 2576 fundamenta
1206 2534 1273 2577 ex
1305 2515 1464 2576 omni
1495 2512 1685 2600 lapide
1714 2515 1991 2597 pretioso,
2045 2535 2114 2576 ac
2142 2515 2271 2599 ejus
2298 2507 2527 2582 altitudo,

466 2610 713 2675 latitudo
755 2621 813 2675 et
854 2614 1158 2698 longitudo
1186 2614 1495 2700 aequaleS,
1551 2615 1916 2700 unaquaevis
1949 2618 2165 2678 12000
2192 2615 2527 2678 Stadiorum3

466 2722 526 2775 et
555 2714 710 2799 quod
737 2714 797 2776 in
825 2714 978 2778 hanc
1004 2716 1227 2780 Urbem
1263 2726 1770 2802 congregarentur
1808 2736 2015 2780 omnes
2048 2717 2257 2790 electi,
2313 2724 2424 2778 tam
2449 2707 2523 2796 qui

464 2816 704 2892 vivunt,
758 2838 932 2903 quam
976 2818 1072 2903 qui
1117 2819 1194 2881 ab
1219 2817 1388 2880 initio
1420 2817 1623 2882 Mundi
1651 2817 1997 2890 obiverunt;
2052 2827 2111 2880 et
2139 2819 2297 2903 quod
2323 2814 2379 2878 hi
2417 2822 2526 2875 tunc

459 2916 706 2981 redituri
745 2919 802 2981 in
845 2940 951 2983 sua
992 2941 1273 3005 corpora,
1341 2939 1414 2981 ac
1459 2928 1702 3001 aeterno
1746 2917 2060 3004 gaudio-in
2109 2915 2413 3003 magnifica
2447 2911 2522 2977 illa

465 3014 662 3094 Urbe,
707 3028 769 3083 ut
813 3021 871 3083 in
912 3042 1028 3085 suo¹
1052 3021 1263 3092 Caelo,
1319 3019 1573 3083 fruituri.
1642 3018 1809 3082 Haec
1835 3018 2143 3084 Sententia
2184 3022 2259 3083 de
2298 3019 2522 3083 adventu
2640 3060 2641 3063 η

465 3119 737 3195 Domini,
790 3130 848 3186 et
888 3121 960 3184 de
988 3122 1212 3186 Ultimo
1254 3121 1504 3207 judicio,
1557 3131 1645 3185 est
1683 3119 1857 3184 hodie
1898 3141 2152 3206 regnans
2194 3123 2252 3185 iu
2286 3112 2522 3183 Ecclesiis

458 3219 818 3286 Christianis.
1928 3204 1934 3211 ’

616 3328 759 3389 769.
834 3324 925 3387 De
962 3320 1310 3388 Animarum
1353 3333 1513 3387 statu
1559 3333 1687 3408 post
1743 3335 1990 3387 mortem
2043 3321 2442 3387 universaliter
2475 3321 2519 3377 et

455 3422 831 3508 singulariter
880 3422 1055 3488 hodie
1112 3425 1436 3489 creduntur
1486 3422 1679 3495 haec;
1753 3424 1911 3509 quod
1966 3421 2213 3489 Animae
2257 3422 2518 3485 humanae
2638 3416 2639 3425 ’

457 3533 586 3609 post
618 3536 899 3600 mortem,
947 3528 1061 3588 sint
1091 3526 1454 3596 Pneumata;
1504 3524 1577 3587 de
1602 3524 1814 3609 quibus
1841 3525 2030 3589 ideam
2061 3524 2263 3589 fovent
2300 3524 2438 3586 sicut
2460 3515 2515 3579 de

449 3622 642 3685 halitu
674 3626 863 3697 venti,
916 3635 973 3687 et
1002 3627 1156 3711 quod
1186 3628 1321 3712 quia
1368 3627 1544 3699 tales,
1598 3626 1671 3687 ad
1701 3625 1854 3688 diem
1896 3626 2084 3691 ultimi
2124 3625 2317 3711 judicii
2362 3635 2514 3685 reser-

457 3733 670 3785 ventur
710 3725 805 3785 vel
841 3725 900 3785 in
929 3724 1124 3786 medio
1163 3736 1388 3801 terrae,
1443 3728 1540 3790 ubi
1574 3737 1658 3791 est
1687 3726 1777 3791 Pu
1818 3748 2024 3792 eorum
2044 3710 2071 3800 ,‘
2120 3724 2212 3791 vel
2252 3730 2306 3788 in
2336 3718 2512 3786 Limbo

453 3834 719 3909 patrum,
775 3824 877 3886 sed
904 3823 1182 3889 dissident
1223 3827 1283 3889 in
1313 3826 1429 3901 his,
1485 3826 1723 3915 qnidam
1757 3829 2073 3915 opinantur
2098 3827 2392 3913 quo‘d'sint
2416 3819 2510 3882 sor·

452 3944 585 3988 mae
615 3922 927 3989 aethereae
962 3927 1054 3989 vel
1079 3930 1308 4004 aereae,
1361 3934 1527 3992 etsie
1557 3929 1712 4015 quod
1743 3928 1861 3995 sint
1883 3930 2033 3995 sicut
2075 3916 2277 3993 larvae
2317 3935 2373 3989 et
2402 3939 2507 4007 spe·

449 4035 608 4099 etta,
662 4035 720 4096 et
745 4026 904 4112 quod
934 4027 1226 4114 quaedam
1270 4052 1339 4093 ex
1380 4027 1471 4093 his
1510 4029 1779 4095 habitent
1820 4031 1881 4093 in
1930 4037 2100 4106 aere,
2152 4027 2424 4117 quaedam
2459 4018 2504 4081 5¹¹

447 4127 648 4215 sylvis,
705 4127 991 4215 quaedam
1020 4130 1077 4192 in
1108 4131 1302 4216 aquis;
1359 4130 1597 4216 quidam
1626 4140 1822 4195 autem
1867 4133 2183 4220 opinantur
2223 4127 2371 4218 quod
2408 4118 2506 4186 ani·

448 4242 582 4291 mae
620 4226 1029 4293 defunctorum
1073 4230 1505 4297 transferantur
1543 4230 1602 4292 in
1642 4232 1939 4318 planetaS,
1993 4234 2087 4301 vel
2121 4232 2177 4295 iu
2204 4220 2389 4297 stellas
2402 4271 2418 4302 ,
2459 4224 2504 4284 el
