2750 4775
423 335 530 385 102
653 319 1102 374 UNIVERSA
1159 318 1695 372 TREOLOGlA
1756 319 1822 371 N.
1866 318 1931 370 C.
1972 317 2079 369 ET
2120 320 2189 376 N.
2229 320 2297 374 E.

419 476 530 542 fnit
570 473 1074 560 repraesentativa
1101 472 1345 537 Domini
1384 473 1654 546 venturi,
1706 481 1766 536 et
1811 471 1950 558 quia
1976 471 2126 535 baec
2152 471 2263 536 fuit
2288 490 2554 559 reprae-

417 576 744 649 sentativa,
797 574 930 638 ideo
969 574 1147 637 etiam
1190 574 1389 639 omnia
1427 583 1487 637 et
1512 573 1748 659 singula
1776 573 2077 638 Ecclesiae
2106 572 2341 636 illorum
2372 573 2554 638 facta

417 688 554 743 sunt
583 674 1118 763 repraesentativa
1172 673 1335 760 quod
1361 672 1664 738 Sacrificia
1693 683 1752 736 et
1790 673 2018 759 reliqua
2047 672 2251 737 Cultus
2288 672 2552 739 illorum

421 776 997 866 repraesentaverint
1025 775 1347 839 Dominum
1390 784 1742 848 venturum,
1795 783 1857 838 et
1898 773 2057 858 quod
2100 774 2197 837 illa
2237 775 2554 859 abrogata

418 880 557 955 sint,
608 879 748 943 dum
777 877 970 950 venit,
1020 884 1223 939 notum
1253 884 1357 939 est.
1415 875 1646 955 Quarta
1675 883 1875 942 autem
1904 885 1991 939 est
2021 873 2317 949 Ecclesia,
2368 897 2550 960 quae

419 988 634 1044 vocata
663 986 751 1041 est
782 976 1152 1050 Christiana,
1206 976 1445 1062 quidem
1488 985 1768 1040 oretenus
1807 975 2050 1062 agnovit
2090 976 2281 1038 Deum
2323 996 2554 1051 unum,

419 1079 523 1145 aed
550 1082 609 1142 in
639 1079 828 1142 tribus
851 1077 1145 1163 personis,
1196 1097 1451 1162 quarum
1500 1078 1866 1162 unaquaevis
1901 1074 2237 1159 singulatim
2277 1097 2383 1139 seu
2440 1098 2555 1162 per

419 1199 516 1253 se,
568 1186 719 1242 esset
748 1178 944 1251 Deus,
995 1186 1053 1239 et
1077 1177 1163 1240 sic
1187 1175 1544 1240 Trinitatem
1573 1176 1862 1251 divisam,
1914 1185 1975 1241 et
2003 1196 2125 1240 non
2152 1176 2352 1252 inuna
2388 1175 2556 1240 Per·

420 1300 567 1344 sona
598 1280 821 1343 unitam
842 1327 878 1355 ,,
897 1277 1035 1343 inde
1062 1276 1250 1340 baesit
1277 1277 1335 1340 in
1364 1286 1563 1342 mente
1588 1276 1721 1340 idea
1750 1277 1926 1344 trium
1954 1275 2251 1352 Deorum,
2297 1278 2558 1342 tametsi

421 1380 481 1442 in
501 1379 681 1448 ,labiis
709 1399 825 1443 vox
852 1381 1026 1442 unius
1051 1377 1191 1447 Dei;
1243 1386 1303 1441 et
1332 1378 1573 1462 insuper
1602 1377 1896 1443 Doctores
1922 1376 2249 1451 Ecclesiae,
2302 1396 2379 1439 ex
2410 1378 2554 1463 ipsa

417 1500 526 1545 sua
567 1479 884 1553 Doctrina,
937 1498 1115 1565 quam
1158 1485 1288 1566 post
1329 1477 1657 1542 Concilium
1703 1476 2035 1542 Nicaenum
2084 1476 2560 1552 concinnarunt,

420 1579 638 1644 docent
673 1579 836 1666 quod
865 1578 1226 1643 credendum
1268 1577 1343 1642 sit
1384 1577 1447 1641 in
1492 1577 1686 1642 Deum
1732 1578 2008 1655 Patrem,
2061 1577 2249 1642 Deum
2291 1577 2554 1655 Filium,

421 1688 482 1743 et
509 1681 699 1746 Deum
727 1678 1013 1765 Spiritum
1041 1685 1309 1743 sanctum
1330 1725 1346 1752 ,
1402 1698 1607 1742 omnes
1631 1678 1989 1754 invisibiles,
2024 1678 2160 1764 quia
2189 1686 2327 1741 ante
2350 1680 2557 1744 Mun·

422 1780 564 1845 dum
609 1781 666 1842 iu
705 1780 878 1846 simili
923 1779 1189 1843 Essentia
1237 1778 1455 1842 Divina
1472 1780 1836 1850 existentes;
1890 1789 1948 1843 et
1982 1789 2181 1842 tamen
2222 1800 2356 1842 cnm
2409 1779 2553 1845 Deo

418 1880 730 1957 invisibili,
784 1889 846 1942 ut
873 1899 1049 1965 supra
1079 1878 1304 1950 dictum
1328 1887 1447 1955 est,
1501 1900 1622 1942 nnn
1652 1878 1864 1943 dabilis
1886 1889 1979 1943 est
2015 1880 2392 1962 conjunctim
2444 1882 2554 1943 ad·

420 1981 538 2046 buc
566 1981 924 2053 nescientes,
977 1979 1134 2064 quod
1178 1980 1340 2044 Deus
1381 2000 1564 2056 unua,
1617 1980 1717 2067 qui
1761 1981 2095 2056 invisibilis,
2146 1981 2204 2042 in
2238 1981 2552 2046 Mundum

422 2082 686 2154 venerit,
737 2090 797 2142 et
822 2079 1162 2142 assumserit
1191 2080 1570 2155 Humanum,
1626 2101 1744 2144 non
1774 2083 1953 2146 modo
1982 2089 2046 2145 ut
2080 2081 2405 2144 redimeret
2438 2081 2553 2145 ho-

421 2184 639 2254 mines,
691 2180 791 2244 sed
823 2181 1000 2244 etiam
1031 2189 1097 2242 nt
1137 2180 1384 2245 visibilis
1413 2179 1613 2255 fieret,
1663 2192 1721 2243 et
1763 2183 1847 2243 sic
1891 2180 2334 2268 conjungibilis‚
2398 2203 2546 2247 nam

424 2281 669 2367 legitur,
730 2279 1001 2347 Verbum
1037 2294 1165 2344 erat
1208 2280 1382 2374 apud
1422 2281 1645 2353 Deum.
1711 2295 1767 2345 et
1813 2281 1984 2346 Dens
2022 2301 2184 2343 ERAT
2230 2281 2548 2358 Vsslumu,

422 2402 498 2446 m·
528 2382 807 2444 Vennum
849 2380 1028 2445 Cano
1065 2401 1324 2447 norun
1353 2403 1495 2458 EST,
1546 2380 1689 2447 Job.
1733 2381 1788 2445 12
1837 2384 2038 2452 1.14;
2081 2391 2140 2444 et
2186 2382 2339 2469 apud
2392 2382 2549 2448 Esa-

420 2483 539 2567 jam
581 2481 790 2555 „Puer
814 2495 1002 2546 natus.
1020 2497 1109 2546 est
1138 2483 1346 2555 nobis,
1373 2498 1452 2561 ,et
1494 2478 1695 2547 Filius
1733 2482 1918 2548 datus
1960 2496 2050 2547 est
2091 2483 2300 2558 nobiS,
2354 2490 2547 2572 cujus

421 2581 695 2663 Nomen,
754 2582 945 2656 Dans,
995 2583 1219 2657 Her-os,
1269 2585 1484 2649 PATER
1521 2593 2042 2660 AETERNITATJS,“
2106 2583 2245 2670 Cap.
2300 2583 2434 2648 IX:
2484 2592 2541 2650 5.

422 2692 481 2745 et
509 2684 664 2769 apud
692 2682 1024 2769 Prophetas
1053 2684 1285 2770 pluries,
1317 2685 1477 2769 quod
1512 2684 1642 2771 lpse
1670 2683 1947 2747 Jebovah
1978 2685 2036 2747 in
2065 2684 2361 2749 Mundum
2402 2707 2545 2751 ven·

421 2793 589 2851 turus
614 2784 721 2860 sit,
777 2772 1094 2848 et'fnturus
1122 2785 1521 2871 Redemptor,
1577 2785 1736 2870 quod
1765 2785 1942 2848 etiam
1972 2784 2164 2849 factus
2189 2794 2281 2849 est
2309 2786 2375 2848 in
2412 2786 2538 2851 Hu-

421 2905 631 2961 mano,
683 2883 840 2970 quod
872 2887 1157 2949 assumsit.

572 2990 719 3049 ⁵187.
774 2986 948 3067 Quod
982 2984 1155 3051 Nova
1183 2984 1334 3048 baec
1362 2985 1624 3050 Ecclesia
1652 2985 1727 3049 sit
1757 2984 1994 3050 Corona
2028 2986 2295 3051 omnium
2328 2988 2540 3054 Eccle—

420 3088 674 3161 siarum,
730 3107 882 3173 quae
922 3085 1037 3148 huc
1083 3108 1266 3172 usqne
1307 3086 1366 3148 in
1414 3097 1706 3150 terrarum
1735 3086 1903 3161 Orbe
1944 3087 2217 3171 fuerunt,
2272 3099 2367 3153 est
2399 3093 2537 3176 quia

418 3187 573 3249 colet
601 3185 791 3249 Deum
816 3207 1004 3278 gnum
1037 3186 1375 3261 Visibilem,
1430 3189 1489 3249 in
1529 3208 1647 3271 quo
1689 3195 1774 3250 est
1802 3187 1962 3251 Deus
1997 3188 2339 3264 invisibilis,
2386 3192 2538 3256 sicut

415 3289 612 3351 anima
651 3296 741 3351 est
782 3287 841 3348 in
885 3308 1166 3373 corpore,
1219 3287 1378 3372 quod
1423 3286 1510 3352 sic
1552 3294 1613 3349 et
1649 3307 1772 3350 non
1823 3288 1996 3353 aliter
2032 3290 2380 3374 conjunctio
2423 3290 2536 3354 Dei

416 3409 549 3451 cum
571 3386 1057 3469 hominedabilis
1099 3388 1203 3463 sit,
1257 3396 1343 3452 est
1385 3388 1521 3472 quia
1561 3385 1741 3449 bomo
1788 3397 1875 3451 est
1921 3388 2237 3469 naturalis,
2295 3398 2355 3452 et
2398 3392 2532 3455 inde

415 3487 769 3553 naturaliter
797 3489 1054 3570 cogitat,
1105 3498 1166 3552 et
1190 3488 1530 3573 conjunctio
1557 3489 1668 3550 erit
1709 3488 1768 3550 in
1794 3489 2188 3573 cogitatione,
2244 3500 2306 3554 et
2343 3492 2434 3555 sic
2472 3492 2533 3554 in

415 3583 728 3648 affectione
757 3589 977 3651 amoris
1004 3587 1159 3668 ejus,
1215 3598 1274 3651 et
1304 3580 1419 3652 lioc
1447 3588 1511 3653 fit
1547 3608 1680 3651 cum
1709 3587 1889 3654 bomo
1931 3589 2157 3676 cogitat
2198 3591 2275 3652 de
2304 3590 2440 3655 Deo
2467 3599 2533 3654 ut

414 3682 670 3747 homine.
753 3683 1110 3767 Coniunctio
1141 3709 1271 3753 cum
1300 3689 1432 3753 Deo
1459 3688 1734 3753 invisibili
1764 3697 1854 3753 est
1890 3690 2038 3754 sicut
2069 3691 2418 3773 conjunctio
2447 3696 2531 3757 vi-

411 3805 511 3851 sus
549 3785 703 3848 oculi
733 3805 867 3847 cum
897 3804 1157 3868 expanso
1185 3787 1476 3864 universi,
1530 3789 1697 3872 cujus
1739 3786 1912 3852 finem
1957 3810 2075 3856 non
2118 3791 2312 3864 videt;
2372 3801 2437 3855 ut
2474 3799 2530 3854 et

410 3886 561 3948 sicut
590 3885 746 3949 visus
774 3885 1058 3969 inlmedio
1087 3888 1367 3966 Oceano,
1420 3889 1521 3976 qui
1552 3889 1710 3952 cadit
1735 3890 1795 3953 in
1824 3895 2022 3955 a'erem
2052 3900 2110 3954 et
2137 3891 2198 3954 in
2224 3912 2429 3967 mare,
2472 3900 2529 3954 et

411 3986 592 4072 perit;
649 3995 711 4049 at
743 4005 884 4049 vero
913 3980 1251 4075 conjunctio
1280 4010 1416 4053 cum
1450 3990 1582 4055 Deo
1612 3990 1856 4068 visibili,
1910 4002 1997 4057 est
2037 3992 2188 4056 sicut
2217 3992 2382 4057 visus
2421 3990 2528 4055 ho-

413 4086 583 4149 minis
608 4086 668 4150 iu
699 4093 835 4151 aiire
862 4109 967 4152 seu
996 4091 1142 4153 mari
1183 4090 1567 4175 expandentis
1596 4111 1805 4179 manus
1832 4112 1905 4157 ac
1930 4091 2233 4156 invitantis
2261 4092 2326 4155 in
2361 4092 2526 4155 ulnas

409 4204 588 4258 snam³
618 4207 756 4251 nam
782 4187 975 4252 omnis
1002 4189 1341 4270 conjunctio
1370 4189 1482 4252 Dei
1513 4211 1645 4253 cum
1675 4190 1969 4268 bomine,-
2001 4191 2113 4255 erit
2144 4213 2395 4280 quoque
2435 4212 2525 4257 re·
