2750 4775
690 415 850 475 vul.
929 414 1335 469 LIBERUM
1393 415 1927 471 ARBITRIUM.
2341 432 2370 480 7

263 581 385 634 est:
441 568 724 657 quisnon
769 578 962 657 potest
1001 591 1034 633 e
1075 568 1402 654 longinquo
1445 569 1681 643 videre,
1737 571 1894 656 quod
1934 568 2213 635 Jebovah
2251 593 2374 636 non

264 671 551 759 posuisset
595 670 762 735 binas
798 666 1062 734 Arbores
1106 672 1165 732 in
1214 670 1445 744 Hort0,
1500 678 1558 733 et
1603 692 1775 733 unam
1820 673 1894 735 ad
1936 670 2373 748 offendiculum,

261 773 369 835 nisi
403 782 646 857 propter
670 769 1032 858 spiritualem
1065 770 1359 857 quandam
1400 771 2031 855 repraesentationem,
2072 782 2131 835 et
2161 767 2372 866 [quod]

260 872 401 959 quia
431 872 608 936 ambo
638 873 886 935 ederunt
914 892 983 935 ex
1013 871 1205 957 aliqua
1235 868 1489 943 Arbore,
1520 872 1812 936 maledicti
1840 873 1974 948 siut,
2001 881 2059 934 et
2085 874 2244 958 quod
2273 876 2371 939 illa

260 973 607 1036 Maledictio
637 970 961 1036 adhaereat
992 973 1177 1036 cuivis
1207 970 1432 1034 bomini
1463 984 1591 1058 post
1632 972 1796 1047 illos,
1865 975 1942 1035 ita
1984 974 2142 1057 quod
2185 984 2371 1038 totum

258 1072 466 1137 Genus
505 1073 827 1136 humanum
874 1081 1115 1159 propter
1159 1072 1333 1136 unius
1376 1069 1631 1135 bominis
1672 1073 1940 1159 culpam,
1995 1074 2054 1135 in
2097 1095 2211 1160 qua
2254 1096 2373 1139 non

257 1173 499 1259 aliquod
542 1174 760 1237 malum
805 1173 1313 1259 concupiscentiae
1355 1174 1548 1236 carnis
1586 1183 1644 1235 et
1687 1175 1965 1260 iniquitas
2007 1175 2200 1239 cordis
2244 1173 2373 1251 fuit,

256 1275 604 1338 damnatum
645 1275 752 1350 sit,
806 1296 943 1337 num
986 1273 1099 1336 hoc
1138 1294 1269 1335 cum
1302 1273 1516 1337 Divina
1546 1274 1788 1337 Justitia
1832 1275 2117 1359 quadrat,
2171 1275 2373 1361 impri-

259 1377 373 1440 mis
402 1397 505 1438 rur
531 1372 811 1438 Jebovab
843 1396 958 1438 non
989 1374 1274 1438 abstraxit
1301 1375 1464 1437 illum
1496 1374 1571 1437 ab
1599 1395 1734 1449 esu,
1792 1395 1922 1436 cum
1965 1397 2240 1460 praesens
2282 1377 2370 1442 vi-

259 1477 346 1539 du
384 1476 555 1549 boc,
599 1485 655 1539 et
703 1497 809 1539 cur
851 1475 1196 1561 Serpentem
1246 1496 1364 1538 non
1421 1474 1632 1558 dejecit
1677 1476 1735 1537 in
1782 1477 2004 1539 Orcum
2052 1486 2369 1563 antequam

259 1577 564 1662 persuasit.
619 1576 737 1640 Sed
767 1576 844 1637 mi
876 1576 1082 1650 amice,
1137 1574 1251 1639 boc
1278 1575 1443 1638 Deus
1480 1597 1597 1639 non
1628 1575 1798 1650 fecit,
1853 1576 2134 1660 quoniam
2162 1577 2245 1640 sic
2273 1577 2372 1640 Li·
2399 1657 2404 1663 .

260 1678 469 1740 berum
514 1675 842 1741 Arbitrium
884 1675 1125 1740 bomini.
1149 1677 1499 1750 ademisset,
1553 1698 1623 1738 ex
1666 1699 1785 1761 quo
1826 1687 2024 1739 tamen
2058 1676 2239 1741 homo
2284 1685 2372 1741 est

257 1778 471 1851 hom0‚
538 1788 596 1840 et
647 1800 766 1840 non
822 1777 1040 1840 bestia:
1113 1777 1403 1840 cum-boc
1453 1776 1672 1853 scitur,
1729 1786 1887 1862 patet
1941 1780 1999 1840 in
2052 1777 2372 1852 evidentia,

258 1879 418 1965 quod
466 1898 571 1966 per
607 1879 777 1943 binas
815 1878 946 1941 illas
984 1875 1283 1953 Arbores,
1334 1899 1514 1941 unam
1556 1880 1630 1942 ad
1676 1879 1854 1942 vitam
1902 1889 1960 1941 et
1999 1879 2245 1942 alteram
2293 1877 2371 1941 ad

259 1988 545 2052 mortem,
599 1979 878 2042 Liberum
922 1977 1175 2041 bominis
1215 1975 1546 2041 Arbitrium
1586 1981 1642 2041 in
1676 1978 2092 2063 spiritualibus
2130 1999 2372 2065 reprae-

255 2089 556 2144 sentatum
598 2079 690 2143 sit.
756 2078 1082 2142 Praeterea
1126 2078 1352 2142 Malum
1407 2077 1869 2141 haereditarium
1915 2100 2034 2141 non
2079 2087 2167 2143 est
2210 2079 2369 2155 inde,

257 2180 359 2243 sed
393 2201 463 2241 ex
493 2179 879 2253 Parentibus,
933 2200 964 2240 a
997 2177 1211 2263 quibus
1253 2178 1312 2238 in
1354 2177 1572 2241 liberos
1609 2179 1936 2242 traducitur
1962 2179 2265 2243 inclinatio
2295 2180 2370 2242 ad

263 2279 504 2354 malum,
558 2279 616 2339 in
645 2300 762 2363 quo
791 2278 898 2364 ipsi
929 2276 1202 2350 fuerunt3
1257 2279 1417 2362 quod
1448 2277 1530 2340 ita
1559 2279 1647 2350 sit,
1706 2279 2055 2365 perspicitur
2079 2300 2112 2342 a
2143 2281 2371 2367 quovis,

263 2380 365 2464 qui
396 2379 712 2464 perlustrat
748 2399 972 2454 mores,
1027 2378 1287 2453 animoS,
1341 2389 1401 2441 et
1431 2377 1609 2444 facies
1637 2379 1992 2455 liberorum,
2042 2379 2161 2444 imo
2198 2380 2370 2446 fami-

262 2478 476 2543 liarum
507 2501 576 2540 ex
606 2486 726 2542 un'o
755 2480 966 2552 Patre-;
1019 2479 1121 2543 sed
1152 2500 1332 2564 usque
1362 2479 1576 2566 pendet
1617 2482 1694 2545 ab
1725 2481 2061 2566 unoquovis
2100 2481 2161 2543 in
2199 2482 2371 2546 fami·

259 2579 335 2643 lia
381 2581 428 2644 si
477 2581 617 2643 velit
656 2580 941 2647 accedere
979 2590 1082 2644 aut
1111 2580 1423 2655 recedere,
1477 2583 1754 2666 quoniam
1784 2581 2033 2667 quisque
2062 2602 2171 2647 suo
2210 2581 2371 2648 arbi·

257 2682 373 2744 trio
401 2681 767 2766 relinquitur.
823 2680 979 2760 Quid
1011 2690 1208 2744 autem
1238 2680 1294 2741 in
1322 2681 1515 2767 specie
1541 2681 1836 2768 siguificat
1861 2683 2045 2747 arbor
2073 2684 2264 2758 vitae,
2309 2693 2370 2746 et

256 2777 459 2846 Arbor
497 2782 778 2845 scientiae
798 2782 946 2845 vboni
974 2791 1037 2844 et
1067 2780 1235 2855 mali,
1290 2781 1460 2868 plene
1486 2784 1814 2872 expositum
1844 2793 1932 2847 est
1963 2783 2022 2847 in
2051 2785 2369 2849 Menon·

253 2901 383 2946 mm
420 2903 596 2967 snpra
641 2904 707 2943 n:
752 2884 856 2957 48,
912 2882 1072 2967 quod
1101 2881 1391 2946 videatur.

378 3105 565 3189 Quod
615 3106 792 3173 homo
846 3131 967 3172 non
1018 3110 1096 3172 sit
1157 3108 1339 3183 Vita,
1411 3105 1525 3171 sed
1574 3108 2038 3201 Receptaculum
2089 3112 2258 3176 vitae

1189 3233 1231 3271 a
1278 3206 1430 3272 Deo.

416 3368 562 3447 476.
616 3382 1026 3449 Communiter
1054 3384 1334 3459 creditur,
1362 3383 1532 3470 quod
1561 3384 1696 3450 Vita
1726 3384 1885 3448 sitin
1916 3383 2175 3460 homine,
2225 3386 2369 3472 ejus,

253 3484 342 3548 ita
381 3483 541 3569 quod
587 3505 704 3548 non
750 3484 928 3548 modo
971 3485 1045 3549 sit
1092 3485 1537 3572 receptaculum
1581 3485 1770 3557 vitae,
1833 3485 1936 3548 sed
1976 3485 2155 3551 etiam
2199 3485 2368 3562 Vita;

255 3583 421 3670 quod
463 3584 544 3647 ita
589 3585 982 3649 communiter
1012 3586 1326 3661 credatur,
1379 3596 1566 3649 estex
1593 3586 1970 3671 apparentia,
2023 3588 2159 3675 quia
2203 3587 2372 3664 vivit,

251 3684 370 3749 hoc
398 3692 504 3759 est,
556 3687 754 3765 sentit,
799 3686 1044 3771 cogitat,
1089 3686 1351 3772 loquitur
1379 3695 1438 3748 et
1466 3688 1586 3770 agit
1614 3708 1853 3773 prorsus
1880 3696 1943 3749 ut
1971 3710 2042 3752 ex
2069 3708 2154 3763 se,
2181 3708 2401 3774 quare?

253 3783 406 3859 boc,
455 3787 618 3871 quod
658 3786 838 3851 bomo
880 3784 954 3850 sit
995 3784 1459 3874 Receptaculum
1509 3787 1696 3862 vitae,
1758 3798 1815 3851 et
1859 3809 1978 3853 non
2023 3788 2197 3864 Vita,
2239 3808 2371 3851 >nou

257 3894 450 3971 potest
492 3907 614 3950 non
657 3886 874 3963 videri,
940 3909 1119 3974 quam
1162 3896 1224 3948 ut
1265 3887 1563 3973 quoddam
1607 3889 1867 3952 nondum
1915 3888 2213 3965 auditum,
2269 3897 2376 3952 aut

255 3985 406 4050 sicut
455 3986 831 4072 paradoxon,
883 3988 1137 4052 sensuali
1179 3987 1559 4073 cogitationi,
1612 3987 1749 4075 quia
1789 3988 2212 4076 apparentiae,
2263 3984 2373 4051 ad-

256 4104 514 4151 versum.
570 4086 825 4153 Causam
854 4087 1079 4153 fallacis
1105 4086 1283 4174 hujus
1310 4086 1466 4163 fidei,
1508 4087 1669 4174 quod
1695 4086 1879 4154 bomo
1909 4089 2087 4153 etiam
2121 4088 2196 4152 sit
2223 4085 2369 4163 vita,

257 4195 688 4274 consequenter
728 4189 886 4276 quod
929 4189 1047 4254 vita
1081 4188 1305 4254 bomini
1332 4188 1411 4253 sit
1439 4188 1702 4254 increata
1724 4237 1774 4266 ,.
1799 4198 1858 4253 et
1888 4198 2091 4276 postea
2119 4208 2222 4272 pet
2250 4195 2374 4249 tra-

259 4283 475 4352 ducem
510 4287 892 4377 ingenerata,
943 4289 1161 4356 deduxi
1197 4310 1272 4355 ex
1306 4289 1695 4378 apparentia,
1745 4288 1849 4355 sed
1886 4308 2065 4355 causa
2093 4284 2367 4350 fallaciae
