<?xml version="1.0" encoding="UTF-8"?>
<!DOCTYPE html PUBLIC "-//W3C//DTD XHTML 1.0 Transitional//EN"
    "http://www.w3.org/TR/xhtml1/DTD/xhtml1-transitional.dtd">
<html xmlns="http://www.w3.org/1999/xhtml" xml:lang="en" lang="en">
 <head>
  <title>
</title>
<meta http-equiv="Content-Type" content="text/html;charset=utf-8" />
  <meta name='ocr-system' content='tesseract 3.04.00' />
  <meta name='ocr-capabilities' content='ocr_page ocr_carea ocr_par ocr_line ocrx_word'/>
</head>
<body>
  <div class='ocr_page' id='page_1' title='image "./verachristianar00unkngoog_0111.png"; bbox 0 0 2750 4775; ppageno 0'>
   <div class='ocr_carea' id='block_1_1' title="bbox 466 358 2372 459">
    <p class='ocr_par' dir='ltr' id='par_1_1' title="bbox 466 358 2372 459">
     <span class='ocr_line' id='line_1_1' title="bbox 466 358 2372 459; baseline 0.005 -48"><span class='ocrx_word' id='word_1_1' title='bbox 466 360 535 414; x_wconf 84' lang='lat' dir='ltr'><strong>X.</strong></span> <span class='ocrx_word' id='word_1_2' title='bbox 614 358 1217 421; x_wconf 71' lang='lat' dir='ltr'><strong>REEORMATm</strong></span> <span class='ocrx_word' id='word_1_3' title='bbox 1268 358 1380 411; x_wconf 87' lang='grc' dir='ltr'><strong>ΕΤ</strong></span> <span class='ocrx_word' id='word_1_4' title='bbox 1421 358 2104 459; x_wconf 56' lang='lat' dir='ltr'><strong>pEGENERATIO.</strong></span> <span class='ocrx_word' id='word_1_5' title='bbox 2264 370 2372 421; x_wconf 75' lang='lat'><strong>105</strong></span> 
     </span>
    </p>
   </div>
   <div class='ocr_carea' id='block_1_2' title="bbox 254 510 2422 4340">
    <p class='ocr_par' dir='ltr' id='par_1_2' title="bbox 262 510 2379 2623">
     <span class='ocr_line' id='line_1_2' title="bbox 274 510 2375 599; baseline 0.001 -22"><span class='ocrx_word' id='word_1_6' title='bbox 274 510 814 599; x_wconf 61' lang='lat' dir='ltr'><strong>Corr&#39;espondeutia</strong></span> <span class='ocrx_word' id='word_1_7' title='bbox 855 520 973 587; x_wconf 90' lang='lat' dir='ltr'><strong>est,</strong></span> <span class='ocrx_word' id='word_1_8' title='bbox 1025 510 1299 599; x_wconf 83' lang='lat' dir='ltr'><strong>sequitur·</strong></span> <span class='ocrx_word' id='word_1_9' title='bbox 1322 511 1486 598; x_wconf 90' lang='lat' dir='ltr'><strong>quod</strong></span> <span class='ocrx_word' id='word_1_10' title='bbox 1515 511 1588 577; x_wconf 89' lang='lat' dir='ltr'><strong>de</strong></span> <span class='ocrx_word' id='word_1_11' title='bbox 1626 530 1782 577; x_wconf 84' lang='lat' dir='ltr'><strong>nova</strong></span> <span class='ocrx_word' id='word_1_12' title='bbox 1809 510 2207 579; x_wconf 85' lang='lat' dir='ltr'><strong>Generatione</strong></span> <span class='ocrx_word' id='word_1_13' title='bbox 2248 534 2375 579; x_wconf 87' lang='lat' dir='ltr'><strong>non</strong></span> 
     </span>
     <span class='ocr_line' id='line_1_3' title="bbox 274 612 2375 703; baseline 0 -24"><span class='ocrx_word' id='word_1_14' title='bbox 274 612 465 681; x_wconf 70' lang='lat' dir='ltr'><strong>modo,</strong></span> <span class='ocrx_word' id='word_1_15' title='bbox 484 613 810 699; x_wconf 83' lang='lat' dir='ltr'><strong>praedicari</strong></span> <span class='ocrx_word' id='word_1_16' title='bbox 838 613 1059 699; x_wconf 82' lang='lat' dir='ltr'><strong>possint</strong></span> <span class='ocrx_word' id='word_1_17' title='bbox 1086 613 1430 701; x_wconf 79' lang='lat' dir='ltr'><strong>conceptio,</strong></span> <span class='ocrx_word' id='word_1_18' title='bbox 1481 614 1731 700; x_wconf 81' lang='lat' dir='ltr'><strong>gestatio</strong></span> <span class='ocrx_word' id='word_1_19' title='bbox 1758 615 1817 676; x_wconf 88' lang='lat' dir='ltr'><strong>in</strong></span> <span class='ocrx_word' id='word_1_20' title='bbox 1845 624 2036 692; x_wconf 89' lang='lat' dir='ltr'><strong>utero,</strong></span> <span class='ocrx_word' id='word_1_21' title='bbox 2085 624 2289 703; x_wconf 86' lang='lat' dir='ltr'><strong>partus</strong></span> <span class='ocrx_word' id='word_1_22' title='bbox 2312 623 2375 681; x_wconf 89' lang='lat' dir='ltr'><strong>et</strong></span> 
     </span>
     <span class='ocr_line' id='line_1_4' title="bbox 270 713 2375 800; baseline 0.003 -23"><span class='ocrx_word' id='word_1_23' title='bbox 270 714 582 789; x_wconf 77' lang='lat' dir='ltr'><strong>educatio,</strong></span> <span class='ocrx_word' id='word_1_24' title='bbox 633 714 734 779; x_wconf 88' lang='lat' dir='ltr'><strong>sed</strong></span> <span class='ocrx_word' id='word_1_25' title='bbox 777 716 952 781; x_wconf 86' lang='lat' dir='ltr'><strong>etiam</strong></span> <span class='ocrx_word' id='word_1_26' title='bbox 980 713 1153 800; x_wconf 27' lang='lat' dir='ltr'><strong>*quod</strong></span> <span class='ocrx_word' id='word_1_27' title='bbox 1190 713 1505 778; x_wconf 73' lang='lat' dir='ltr'>actualiter</span> <span class='ocrx_word' id='word_1_28' title='bbox 1543 714 1689 786; x_wconf 88' lang='lat' dir='ltr'><strong>sint;</strong></span> <span class='ocrx_word' id='word_1_29' title='bbox 1744 715 1947 800; x_wconf 88' lang='lat' dir='ltr'><strong>quales</strong></span> <span class='ocrx_word' id='word_1_30' title='bbox 1977 725 2176 780; x_wconf 87' lang='lat' dir='ltr'><strong>autem</strong></span> <span class='ocrx_word' id='word_1_31' title='bbox 2216 725 2375 793; x_wconf 77' lang='lat' dir='ltr'><strong>sunt,</strong></span> 
     </span>
     <span class='ocr_line' id='line_1_5' title="bbox 270 813 2374 901; baseline 0.001 -22"><span class='ocrx_word' id='word_1_32' title='bbox 270 816 332 879; x_wconf 90' lang='lat' dir='ltr'><strong>in</strong></span> <span class='ocrx_word' id='word_1_33' title='bbox 359 837 470 879; x_wconf 90' lang='lat' dir='ltr'><strong>suo</strong></span> <span class='ocrx_word' id='word_1_34' title='bbox 498 814 702 881; x_wconf 84' lang='lat' dir='ltr'><strong>ordine</strong></span> <span class='ocrx_word' id='word_1_35' title='bbox 728 816 789 881; x_wconf 84' lang='lat' dir='ltr'><strong>in</strong></span> <span class='ocrx_word' id='word_1_36' title='bbox 814 815 933 880; x_wconf 86' lang='lat' dir='ltr'><strong>hoc</strong></span> <span class='ocrx_word' id='word_1_37' title='bbox 956 813 1227 881; x_wconf 83' lang='lat' dir='ltr'><strong>Articulo</strong></span> <span class='ocrx_word' id='word_1_38' title='bbox 1263 815 1338 880; x_wconf 85' lang='lat' dir='ltr'><strong>de</strong></span> <span class='ocrx_word' id='word_1_39' title='bbox 1363 814 1842 901; x_wconf 80' lang='lat' dir='ltr'><strong>Regeneratione</strong></span> <span class='ocrx_word' id='word_1_40' title='bbox 1870 816 2185 880; x_wconf 85' lang='lat' dir='ltr'><strong>videndum</strong></span> <span class='ocrx_word' id='word_1_41' title='bbox 2212 817 2374 882; x_wconf 81' lang='lat' dir='ltr'><strong>exhi-</strong></span> 
     </span>
     <span class='ocr_line' id='line_1_6' title="bbox 270 912 2372 1003; baseline 0 -21"><span class='ocrx_word' id='word_1_42' title='bbox 270 918 469 982; x_wconf 88' lang='lat' dir='ltr'><strong>betur.</strong></span> <span class='ocrx_word' id='word_1_43' title='bbox 526 916 643 980; x_wconf 86' lang='lat' dir='ltr'><strong>Hic</strong></span> <span class='ocrx_word' id='word_1_44' title='bbox 667 916 878 992; x_wconf 87' lang='lat' dir='ltr'><strong>solum,</strong></span> <span class='ocrx_word' id='word_1_45' title='bbox 930 916 1088 1001; x_wconf 90' lang='lat' dir='ltr'><strong>quod</strong></span> <span class='ocrx_word' id='word_1_46' title='bbox 1114 936 1316 980; x_wconf 85' lang='lat' dir='ltr'><strong>semen</strong></span> <span class='ocrx_word' id='word_1_47' title='bbox 1343 912 1600 981; x_wconf 87' lang='lat' dir='ltr'><strong>hominis</strong></span> <span class='ocrx_word' id='word_1_48' title='bbox 1627 916 1994 1003; x_wconf 70' lang='lat' dir='ltr'><strong>concipiatur</strong></span> <span class='ocrx_word' id='word_1_49' title='bbox 2030 916 2277 982; x_wconf 82' lang='lat' dir='ltr'><strong>interius</strong></span> <span class='ocrx_word' id='word_1_50' title='bbox 2313 917 2372 983; x_wconf 88' lang='lat' dir='ltr'><strong>in</strong></span> 
     </span>
     <span class='ocr_line' id='line_1_7' title="bbox 270 1015 2377 1092; baseline 0.001 -11"><span class='ocrx_word' id='word_1_51' title='bbox 270 1017 612 1092; x_wconf 81' lang='lat' dir='ltr'><strong>intellectu,</strong></span> <span class='ocrx_word' id='word_1_52' title='bbox 666 1039 737 1081; x_wconf 90' lang='lat' dir='ltr'><strong>ac</strong></span> <span class='ocrx_word' id='word_1_53' title='bbox 775 1015 1066 1083; x_wconf 85' lang='lat' dir='ltr'><strong>formetur</strong></span> <span class='ocrx_word' id='word_1_54' title='bbox 1108 1017 1168 1081; x_wconf 89' lang='lat' dir='ltr'><strong>in</strong></span> <span class='ocrx_word' id='word_1_55' title='bbox 1208 1018 1549 1091; x_wconf 85' lang='lat' dir='ltr'><strong>voluntate,</strong></span> <span class='ocrx_word' id='word_1_56' title='bbox 1616 1026 1674 1081; x_wconf 87' lang='lat' dir='ltr'><strong>et</strong></span> <span class='ocrx_word' id='word_1_57' title='bbox 1711 1016 1847 1081; x_wconf 88' lang='lat' dir='ltr'><strong>inde</strong></span> <span class='ocrx_word' id='word_1_58' title='bbox 1886 1016 2280 1082; x_wconf 72' lang='lat' dir='ltr'><strong>transferatur</strong></span> <span class='ocrx_word' id='word_1_59' title='bbox 2315 1018 2377 1083; x_wconf 86' lang='lat' dir='ltr'><strong>in</strong></span> 
     </span>
     <span class='ocr_line' id='line_1_8' title="bbox 275 1115 2379 1194; baseline 0.001 -13"><span class='ocrx_word' id='word_1_60' title='bbox 275 1128 520 1194; x_wconf 84' lang='lat' dir='ltr'><strong>testem,</strong></span> <span class='ocrx_word' id='word_1_61' title='bbox 574 1117 675 1181; x_wconf 91' lang='lat' dir='ltr'><strong>ubi</strong></span> <span class='ocrx_word' id='word_1_62' title='bbox 714 1119 904 1182; x_wconf 84' lang='lat' dir='ltr'><strong>induit</strong></span> <span class='ocrx_word' id='word_1_63' title='bbox 938 1139 1002 1183; x_wconf 89' lang='lat' dir='ltr'><strong>se</strong></span> <span class='ocrx_word' id='word_1_64' title='bbox 1030 1117 1322 1183; x_wconf 84' lang='lat' dir='ltr'><strong>velamine</strong></span> <span class='ocrx_word' id='word_1_65' title='bbox 1353 1117 1640 1191; x_wconf 88' lang='lat' dir='ltr'><strong>naturali;</strong></span> <span class='ocrx_word' id='word_1_66' title='bbox 1693 1126 1749 1182; x_wconf 93' lang='lat' dir='ltr'><strong>et</strong></span> <span class='ocrx_word' id='word_1_67' title='bbox 1777 1118 1858 1183; x_wconf 91' lang='lat' dir='ltr'><strong>sic</strong></span> <span class='ocrx_word' id='word_1_68' title='bbox 1880 1115 2120 1182; x_wconf 84' lang='lat' dir='ltr'><strong>effertur</strong></span> <span class='ocrx_word' id='word_1_69' title='bbox 2163 1117 2224 1181; x_wconf 89' lang='lat' dir='ltr'><strong>in</strong></span> <span class='ocrx_word' id='word_1_70' title='bbox 2252 1126 2379 1185; x_wconf 84' lang='lat' dir='ltr'><strong>ute·</strong></span> 
     </span>
     <span class='ocr_line' id='line_1_9' title="bbox 273 1218 2379 1307; baseline -0.001 -21"><span class='ocrx_word' id='word_1_71' title='bbox 273 1243 443 1296; x_wconf 87' lang='lat' dir='ltr'><strong>rum,</strong></span> <span class='ocrx_word' id='word_1_72' title='bbox 496 1239 568 1282; x_wconf 85' lang='lat' dir='ltr'><strong>ac</strong></span> <span class='ocrx_word' id='word_1_73' title='bbox 606 1220 785 1283; x_wconf 79' lang='lat' dir='ltr'><strong>intrat</strong></span> <span class='ocrx_word' id='word_1_74' title='bbox 814 1219 1121 1284; x_wconf 86' lang='lat' dir='ltr'><strong>Mundum.</strong></span> <span class='ocrx_word' id='word_1_75' title='bbox 1178 1219 1508 1283; x_wconf 79' lang='lat' dir='ltr'><strong>&#39;Praeterea</strong></span> <span class='ocrx_word' id='word_1_76' title='bbox 1547 1230 1635 1284; x_wconf 88' lang='lat' dir='ltr'><strong>est</strong></span> <span class='ocrx_word' id='word_1_77' title='bbox 1664 1218 2180 1307; x_wconf 86' lang='lat' dir='ltr'><strong>correspondentia</strong></span> <span class='ocrx_word' id='word_1_78' title='bbox 2209 1239 2379 1306; x_wconf 84' lang='lat' dir='ltr'><strong>rege·</strong></span> 
     </span>
     <span class='ocr_line' id='line_1_10' title="bbox 272 1318 2376 1407; baseline -0 -21"><span class='ocrx_word' id='word_1_79' title='bbox 272 1321 602 1386; x_wconf 84' lang='lat' dir='ltr'><strong>nerationis</strong></span> <span class='ocrx_word' id='word_1_80' title='bbox 662 1318 914 1385; x_wconf 88' lang='lat' dir='ltr'><strong>hominis</strong></span> <span class='ocrx_word' id='word_1_81' title='bbox 964 1342 1096 1383; x_wconf 90' lang='lat' dir='ltr'><strong>cum</strong></span> <span class='ocrx_word' id='word_1_82' title='bbox 1146 1319 1422 1385; x_wconf 91' lang='lat' dir='ltr'><strong>omnibus</strong></span> <span class='ocrx_word' id='word_1_83' title='bbox 1476 1342 1627 1407; x_wconf 87' lang='lat' dir='ltr'><strong>quae</strong></span> <span class='ocrx_word' id='word_1_84' title='bbox 1679 1320 1736 1384; x_wconf 86' lang='lat' dir='ltr'><strong>in</strong></span> <span class='ocrx_word' id='word_1_85' title='bbox 1786 1322 1998 1406; x_wconf 81' lang='lat' dir='ltr'><strong>Regno</strong></span> <span class='ocrx_word' id='word_1_86' title='bbox 2061 1321 2376 1406; x_wconf 79' lang='lat' dir='ltr'><strong>vegetabili</strong></span> 
     </span>
     <span class='ocr_line' id='line_1_11' title="bbox 268 1418 2377 1508; baseline -0.001 -21"><span class='ocrx_word' id='word_1_87' title='bbox 268 1433 444 1493; x_wconf 86' lang='lat' dir='ltr'><strong>sunt;</strong></span> <span class='ocrx_word' id='word_1_88' title='bbox 500 1442 684 1508; x_wconf 87' lang='lat' dir='ltr'><strong>quare</strong></span> <span class='ocrx_word' id='word_1_89' title='bbox 723 1422 899 1485; x_wconf 89' lang='lat' dir='ltr'><strong>etiam</strong></span> <span class='ocrx_word' id='word_1_90' title='bbox 945 1422 1018 1487; x_wconf 89' lang='lat' dir='ltr'><strong>in.</strong></span> <span class='ocrx_word' id='word_1_91' title='bbox 1047 1420 1249 1488; x_wconf 85' lang='lat' dir='ltr'><strong>Verbo</strong></span> <span class='ocrx_word' id='word_1_92' title='bbox 1289 1418 1471 1485; x_wconf 87' lang='lat' dir='ltr'><strong>homo</strong></span> <span class='ocrx_word' id='word_1_93' title='bbox 1510 1422 1863 1485; x_wconf 85' lang='lat' dir='ltr'><strong>describitur</strong></span> <span class='ocrx_word' id='word_1_94' title='bbox 1915 1443 2019 1507; x_wconf 89' lang='lat' dir='ltr'><strong>per</strong></span> <span class='ocrx_word' id='word_1_95' title='bbox 2061 1418 2377 1499; x_wconf 79' lang='lat' dir='ltr'><strong>Arborem,</strong></span> 
     </span>
     <span class='ocr_line' id='line_1_12' title="bbox 274 1522 2377 1610; baseline 0.001 -24"><span class='ocrx_word' id='word_1_96' title='bbox 274 1545 484 1592; x_wconf 27' lang='lat' dir='ltr'><strong>vertum</strong></span> <span class='ocrx_word' id='word_1_97' title='bbox 514 1523 639 1605; x_wconf 82' lang='lat' dir='ltr'><strong>ejus</strong></span> <span class='ocrx_word' id='word_1_98' title='bbox 669 1545 774 1609; x_wconf 89' lang='lat' dir='ltr'><strong>per</strong></span> <span class='ocrx_word' id='word_1_99' title='bbox 799 1544 1022 1598; x_wconf 86' lang='lat' dir='ltr'><strong>semen,</strong></span> <span class='ocrx_word' id='word_1_100' title='bbox 1064 1532 1123 1587; x_wconf 83' lang='lat' dir='ltr'><strong>et</strong></span> <span class='ocrx_word' id='word_1_101' title='bbox 1153 1523 1526 1609; x_wconf 76' lang='lat' dir='ltr'><strong>bonumejus</strong></span> <span class='ocrx_word' id='word_1_102' title='bbox 1553 1545 1659 1610; x_wconf 89' lang='lat' dir='ltr'><strong>per</strong></span> <span class='ocrx_word' id='word_1_103' title='bbox 1685 1522 1959 1586; x_wconf 78' lang='lat' dir='ltr'><strong>fructum.</strong></span> <span class='ocrx_word' id='word_1_104' title='bbox 2014 1522 2192 1604; x_wconf 90' lang='lat' dir='ltr'><strong>Quod</strong></span> <span class='ocrx_word' id='word_1_105' title='bbox 2218 1522 2377 1589; x_wconf 83' lang='lat' dir='ltr'><strong>mala</strong></span> 
     </span>
     <span class='ocr_line' id='line_1_13' title="bbox 273 1620 2376 1711; baseline -0 -22"><span class='ocrx_word' id='word_1_106' title='bbox 273 1625 462 1690; x_wconf 84' lang='lat' dir='ltr'><strong>arbor</strong></span> <span class='ocrx_word' id='word_1_107' title='bbox 490 1624 668 1711; x_wconf 88' lang='lat' dir='ltr'><strong>possit</strong></span> <span class='ocrx_word' id='word_1_108' title='bbox 692 1646 724 1688; x_wconf 92' lang='lat' dir='ltr'><strong>e</strong></span> <span class='ocrx_word' id='word_1_109' title='bbox 764 1646 924 1691; x_wconf 88' lang='lat' dir='ltr'><strong>novo</strong></span> <span class='ocrx_word' id='word_1_110' title='bbox 946 1624 1102 1689; x_wconf 88' lang='lat' dir='ltr'><strong>sicut</strong></span> <span class='ocrx_word' id='word_1_111' title='bbox 1131 1624 1432 1711; x_wconf 79' lang='lat' dir='ltr'><strong>generari,</strong></span> <span class='ocrx_word' id='word_1_112' title='bbox 1484 1634 1541 1687; x_wconf 88' lang='lat' dir='ltr'><strong>et</strong></span> <span class='ocrx_word' id='word_1_113' title='bbox 1569 1633 1772 1710; x_wconf 87' lang='lat' dir='ltr'><strong>postea</strong></span> <span class='ocrx_word' id='word_1_114' title='bbox 1801 1620 1957 1688; x_wconf 78' lang='lat' dir='ltr'><strong>ferre</strong></span> <span class='ocrx_word' id='word_1_115' title='bbox 1987 1624 2208 1687; x_wconf 90' lang='lat' dir='ltr'><strong>bonum</strong></span> <span class='ocrx_word' id='word_1_116' title='bbox 2251 1621 2376 1688; x_wconf 81' lang='lat' dir='ltr'><strong>fru-</strong></span> 
     </span>
     <span class='ocr_line' id='line_1_14' title="bbox 262 1724 2373 1800; baseline -0.001 -10"><span class='ocrx_word' id='word_1_117' title='bbox 262 1736 438 1792; x_wconf 85' lang='lat' dir='ltr'><strong>ctum</strong></span> <span class='ocrx_word' id='word_1_118' title='bbox 469 1738 525 1791; x_wconf 89' lang='lat' dir='ltr'><strong>et</strong></span> <span class='ocrx_word' id='word_1_119' title='bbox 559 1727 775 1790; x_wconf 88' lang='lat' dir='ltr'><strong>bonum</strong></span> <span class='ocrx_word' id='word_1_120' title='bbox 804 1746 1038 1800; x_wconf 89' lang='lat' dir='ltr'><strong>semen,</strong></span> <span class='ocrx_word' id='word_1_121' title='bbox 1093 1733 1323 1790; x_wconf 88' lang='lat' dir='ltr'><strong>constat</strong></span> <span class='ocrx_word' id='word_1_122' title='bbox 1352 1745 1424 1791; x_wconf 85' lang='lat' dir='ltr'><strong>ex</strong></span> <span class='ocrx_word' id='word_1_123' title='bbox 1461 1724 1833 1791; x_wconf 86' lang='lat' dir='ltr'><strong>insitionibus</strong></span> <span class='ocrx_word' id='word_1_124' title='bbox 1871 1733 1930 1788; x_wconf 93' lang='lat' dir='ltr'><strong>et</strong></span> <span class='ocrx_word' id='word_1_125' title='bbox 1966 1724 2373 1789; x_wconf 86' lang='lat' dir='ltr'><strong>inoculationi-</strong></span> 
     </span>
     <span class='ocr_line' id='line_1_15' title="bbox 272 1825 2379 1914; baseline -0 -22"><span class='ocrx_word' id='word_1_126' title='bbox 272 1830 420 1903; x_wconf 77' lang='lat' dir='ltr'><strong>buS,</strong></span> <span class='ocrx_word' id='word_1_127' title='bbox 473 1828 632 1914; x_wconf 88' lang='lat' dir='ltr'><strong>quod</strong></span> <span class='ocrx_word' id='word_1_128' title='bbox 674 1837 813 1890; x_wconf 84' lang='lat' dir='ltr'><strong>tunc</strong></span> <span class='ocrx_word' id='word_1_129' title='bbox 854 1825 1086 1891; x_wconf 87' lang='lat' dir='ltr'><strong>tametsi</strong></span> <span class='ocrx_word' id='word_1_130' title='bbox 1124 1827 1278 1889; x_wconf 88' lang='lat' dir='ltr'><strong>idem</strong></span> <span class='ocrx_word' id='word_1_131' title='bbox 1306 1847 1517 1891; x_wconf 85' lang='lat' dir='ltr'><strong>succus</strong></span> <span class='ocrx_word' id='word_1_132' title='bbox 1543 1848 1575 1889; x_wconf 89' lang='lat' dir='ltr'><strong>e</strong></span> <span class='ocrx_word' id='word_1_133' title='bbox 1603 1828 1805 1893; x_wconf 86' lang='lat' dir='ltr'><strong>radice</strong></span> <span class='ocrx_word' id='word_1_134' title='bbox 1834 1848 1939 1914; x_wconf 88' lang='lat' dir='ltr'><strong>per</strong></span> <span class='ocrx_word' id='word_1_135' title='bbox 1977 1825 2234 1911; x_wconf 86' lang='lat' dir='ltr'><strong>stipitem</strong></span> <span class='ocrx_word' id='word_1_136' title='bbox 2281 1847 2379 1891; x_wconf 86' lang='lat' dir='ltr'><strong>us-</strong></span> 
     </span>
     <span class='ocr_line' id='line_1_16' title="bbox 272 1925 2377 2016; baseline -0.001 -23"><span class='ocrx_word' id='word_1_137' title='bbox 272 1950 395 2016; x_wconf 80' lang='lat' dir='ltr'><strong>que</strong></span> <span class='ocrx_word' id='word_1_138' title='bbox 423 1929 497 1991; x_wconf 89' lang='lat' dir='ltr'><strong>ad</strong></span> <span class='ocrx_word' id='word_1_139' title='bbox 525 1930 759 1992; x_wconf 89' lang='lat' dir='ltr'><strong>insitum</strong></span> <span class='ocrx_word' id='word_1_140' title='bbox 792 1937 894 1991; x_wconf 88' lang='lat' dir='ltr'><strong>aut</strong></span> <span class='ocrx_word' id='word_1_141' title='bbox 923 1926 1285 1993; x_wconf 87' lang='lat' dir='ltr'><strong>inoculatum</strong></span> <span class='ocrx_word' id='word_1_142' title='bbox 1314 1925 1609 2002; x_wconf 85' lang='lat' dir='ltr'><strong>ascendit,</strong></span> <span class='ocrx_word' id='word_1_143' title='bbox 1657 1950 1847 2013; x_wconf 83' lang='lat' dir='ltr'><strong>usque</strong></span> <span class='ocrx_word' id='word_1_144' title='bbox 1879 1926 1975 1991; x_wconf 90' lang='lat' dir='ltr'><strong>ille</strong></span> <span class='ocrx_word' id='word_1_145' title='bbox 2005 1935 2276 1990; x_wconf 87' lang='lat' dir='ltr'><strong>vertatur</strong></span> <span class='ocrx_word' id='word_1_146' title='bbox 2314 1925 2377 1991; x_wconf 88' lang='lat' dir='ltr'><strong>in</strong></span> 
     </span>
     <span class='ocr_line' id='line_1_17' title="bbox 273 2026 2378 2103; baseline -0.002 -8"><span class='ocrx_word' id='word_1_147' title='bbox 273 2051 520 2096; x_wconf 85' lang='lat' dir='ltr'><strong>succum</strong></span> <span class='ocrx_word' id='word_1_148' title='bbox 550 2030 769 2092; x_wconf 83' lang='lat' dir='ltr'><strong>bonum</strong></span> <span class='ocrx_word' id='word_1_149' title='bbox 786 2076 803 2103; x_wconf 92' lang='lat'><strong>,</strong></span> <span class='ocrx_word' id='word_1_150' title='bbox 856 2036 916 2090; x_wconf 89' lang='lat' dir='ltr'><strong>et</strong></span> <span class='ocrx_word' id='word_1_151' title='bbox 942 2028 1119 2092; x_wconf 78' lang='lat' dir='ltr'><strong>faciat</strong></span> <span class='ocrx_word' id='word_1_152' title='bbox 1147 2027 1427 2091; x_wconf 87' lang='lat' dir='ltr'><strong>arborem</strong></span> <span class='ocrx_word' id='word_1_153' title='bbox 1454 2026 1688 2091; x_wconf 89' lang='lat' dir='ltr'><strong>bonam.</strong></span> <span class='ocrx_word' id='word_1_154' title='bbox 1742 2028 1944 2093; x_wconf 84' lang='lat' dir='ltr'><strong>Simile</strong></span> <span class='ocrx_word' id='word_1_155' title='bbox 1971 2038 2058 2097; x_wconf 87' lang='lat' dir='ltr'><strong>est</strong></span> <span class='ocrx_word' id='word_1_156' title='bbox 2085 2027 2145 2091; x_wconf 92' lang='lat' dir='ltr'><strong>in</strong></span> <span class='ocrx_word' id='word_1_157' title='bbox 2169 2026 2378 2093; x_wconf 78' lang='lat' dir='ltr'><strong>Eccle-</strong></span> 
     </span>
     <span class='ocr_line' id='line_1_18' title="bbox 276 2125 2379 2214; baseline -0.001 -19"><span class='ocrx_word' id='word_1_158' title='bbox 276 2131 368 2195; x_wconf 87' lang='lat' dir='ltr'><strong>sia</strong></span> <span class='ocrx_word' id='word_1_159' title='bbox 397 2129 670 2197; x_wconf 85' lang='lat' dir='ltr'><strong>cumillis</strong></span> <span class='ocrx_word' id='word_1_160' title='bbox 693 2128 795 2213; x_wconf 91' lang='lat' dir='ltr'><strong>qui</strong></span> <span class='ocrx_word' id='word_1_161' title='bbox 825 2129 1175 2193; x_wconf 85' lang='lat' dir='ltr'><strong>inseruntur·</strong></span> <span class='ocrx_word' id='word_1_162' title='bbox 1193 2127 1485 2203; x_wconf 89' lang='lat' dir='ltr'><strong>Domino,</strong></span> <span class='ocrx_word' id='word_1_163' title='bbox 1538 2129 1695 2213; x_wconf 87' lang='lat' dir='ltr'><strong>quod</strong></span> <span class='ocrx_word' id='word_1_164' title='bbox 1730 2128 1861 2214; x_wconf 86' lang='lat' dir='ltr'><strong>Ipse</strong></span> <span class='ocrx_word' id='word_1_165' title='bbox 1900 2130 2073 2193; x_wconf 89' lang='lat' dir='ltr'><strong>docet</strong></span> <span class='ocrx_word' id='word_1_166' title='bbox 2112 2125 2204 2194; x_wconf 88' lang='lat' dir='ltr'><strong>his</strong></span> <span class='ocrx_word' id='word_1_167' title='bbox 2241 2149 2379 2192; x_wconf 82' lang='lat' dir='ltr'><strong>ver-</strong></span> 
     </span>
     <span class='ocr_line' id='line_1_19' title="bbox 283 2226 2378 2322; baseline 0.001 -29"><span class='ocrx_word' id='word_1_168' title='bbox 283 2231 383 2293; x_wconf 79' lang='lat' dir='ltr'><strong>bis·</strong></span> <span class='ocrx_word' id='word_1_169' title='bbox 432 2229 609 2318; x_wconf 82' lang='lat' dir='ltr'><strong>„Ego</strong></span> <span class='ocrx_word' id='word_1_170' title='bbox 637 2253 767 2292; x_wconf 83' lang='lat' dir='ltr'><strong>sum</strong></span> <span class='ocrx_word' id='word_1_171' title='bbox 803 2229 993 2304; x_wconf 80' lang='lat' dir='ltr'><strong>Vitis,</strong></span> <span class='ocrx_word' id='word_1_172' title='bbox 1046 2252 1166 2293; x_wconf 79' lang='lat' dir='ltr'><strong>vos</strong></span> <span class='ocrx_word' id='word_1_173' title='bbox 1185 2226 1489 2321; x_wconf 80' lang='lat' dir='ltr'><strong>palmites,</strong></span> <span class='ocrx_word' id='word_1_174' title='bbox 1541 2233 1861 2322; x_wconf 69' lang='lat' dir='ltr'><strong>quinione!</strong></span> <span class='ocrx_word' id='word_1_175' title='bbox 1889 2234 1950 2294; x_wconf 87' lang='lat' dir='ltr'><strong>in</strong></span> <span class='ocrx_word' id='word_1_176' title='bbox 1975 2230 2103 2307; x_wconf 82' lang='lat' dir='ltr'><strong>Me,</strong></span> <span class='ocrx_word' id='word_1_177' title='bbox 2156 2245 2213 2295; x_wconf 82' lang='lat' dir='ltr'><strong>et</strong></span> <span class='ocrx_word' id='word_1_178' title='bbox 2239 2230 2378 2321; x_wconf 78' lang='lat' dir='ltr'><strong>Ego</strong></span> 
     </span>
     <span class='ocr_line' id='line_1_20' title="bbox 286 2324 2378 2424; baseline 0.002 -30"><span class='ocrx_word' id='word_1_179' title='bbox 286 2333 354 2394; x_wconf 86' lang='lat' dir='ltr'><strong>in</strong></span> <span class='ocrx_word' id='word_1_180' title='bbox 393 2327 534 2404; x_wconf 79' lang='lat' dir='ltr'><strong>illo,</strong></span> <span class='ocrx_word' id='word_1_181' title='bbox 589 2324 837 2416; x_wconf 77' lang='lat' dir='ltr'><strong>hicfhrt</strong></span> <span class='ocrx_word' id='word_1_182' title='bbox 858 2325 1141 2417; x_wconf 76' lang='lat' dir='ltr'><strong>fluctum</strong></span> <span class='ocrx_word' id='word_1_183' title='bbox 1182 2328 1462 2395; x_wconf 78' lang='lat' dir='ltr'><strong>multum.-</strong></span> <span class='ocrx_word' id='word_1_184' title='bbox 1514 2334 1639 2395; x_wconf 82' lang='lat' dir='ltr'><strong>nisi</strong></span> <span class='ocrx_word' id='word_1_185' title='bbox 1660 2335 1796 2424; x_wconf 80' lang='lat' dir='ltr'><strong>quis</strong></span> <span class='ocrx_word' id='word_1_186' title='bbox 1833 2335 2117 2398; x_wconf 77' lang='lat' dir='ltr'><strong>manserit</strong></span> <span class='ocrx_word' id='word_1_187' title='bbox 2157 2335 2220 2397; x_wconf 88' lang='lat' dir='ltr'><strong>in</strong></span> <span class='ocrx_word' id='word_1_188' title='bbox 2246 2332 2378 2409; x_wconf 83' lang='lat' dir='ltr'><strong>Me,</strong></span> 
     </span>
     <span class='ocr_line' id='line_1_21' title="bbox 283 2426 2377 2525; baseline 0.004 -31"><span class='ocrx_word' id='word_1_189' title='bbox 283 2434 511 2520; x_wconf 70' lang='lat' dir='ltr'><strong>ejectus</strong></span> <span class='ocrx_word' id='word_1_190' title='bbox 565 2445 654 2496; x_wconf 78' lang='lat' dir='ltr'><strong>est</strong></span> <span class='ocrx_word' id='word_1_191' title='bbox 681 2426 879 2517; x_wconf 70' lang='lat' dir='ltr'><strong>joras</strong></span> <span class='ocrx_word' id='word_1_192' title='bbox 932 2434 1084 2495; x_wconf 79' lang='lat' dir='ltr'><strong>sicut</strong></span> <span class='ocrx_word' id='word_1_193' title='bbox 1127 2428 1364 2524; x_wconf 80' lang='lat' dir='ltr'><strong>palmes</strong></span> <span class='ocrx_word' id='word_1_194' title='bbox 1385 2478 1402 2507; x_wconf 92' lang='lat'><strong>,</strong></span> <span class='ocrx_word' id='word_1_195' title='bbox 1480 2445 1537 2497; x_wconf 79' lang='lat' dir='ltr'><strong>et</strong></span> <span class='ocrx_word' id='word_1_196' title='bbox 1581 2427 1886 2525; x_wconf 65' lang='lat' dir='ltr'><strong>arefactus</strong></span> <span class='ocrx_word' id='word_1_197' title='bbox 1936 2437 2255 2522; x_wconf 82' lang='lat' dir='ltr'><strong>conjicitur</strong></span> <span class='ocrx_word' id='word_1_198' title='bbox 2313 2437 2377 2502; x_wconf 77' lang='lat' dir='ltr'><strong>in</strong></span> 
     </span>
     <span class='ocr_line' id='line_1_22' title="bbox 285 2531 2038 2623; baseline 0.003 -28"><span class='ocrx_word' id='word_1_199' title='bbox 285 2535 551 2623; x_wconf 75' lang='lat' dir='ltr'><strong>ignem,“</strong></span> <span class='ocrx_word' id='word_1_200' title='bbox 598 2531 736 2608; x_wconf 77' lang='lat' dir='ltr'><strong>Joh.</strong></span> <span class='ocrx_word' id='word_1_201' title='bbox 765 2532 907 2597; x_wconf 80' lang='lat' dir='ltr'><strong>XV:</strong></span> <span class='ocrx_word' id='word_1_202' title='bbox 951 2537 1009 2597; x_wconf 82' lang='lat'><strong>5.</strong></span> <span class='ocrx_word' id='word_1_203' title='bbox 1047 2537 1102 2612; x_wconf 72' lang='grc' dir='ltr'><strong>ὅ.ι</strong></span> <span class='ocrx_word' id='word_1_204' title='bbox 2035 2589 2038 2600; x_wconf 94' lang='grc'><em>.</em></span> 
     </span>
    </p>

    <p class='ocr_par' dir='ltr' id='par_1_3' title="bbox 254 2634 2422 4340">
     <span class='ocr_line' id='line_1_23' title="bbox 286 2634 2379 2719; baseline 0.002 -22"><span class='ocrx_word' id='word_1_205' title='bbox 286 2655 321 2668; x_wconf 60' lang='grc'><strong>·’</strong></span> <span class='ocrx_word' id='word_1_206' title='bbox 439 2638 582 2698; x_wconf 80' lang='grc'><strong>585.</strong></span> <span class='ocrx_word' id='word_1_207' title='bbox 652 2634 826 2714; x_wconf 85' lang='lat' dir='ltr'><strong>Quod</strong></span> <span class='ocrx_word' id='word_1_208' title='bbox 869 2634 1273 2719; x_wconf 82' lang='lat' dir='ltr'><strong>vegetationes</strong></span> <span class='ocrx_word' id='word_1_209' title='bbox 1316 2656 1434 2698; x_wconf 89' lang='lat' dir='ltr'><strong>non</strong></span> <span class='ocrx_word' id='word_1_210' title='bbox 1477 2634 1656 2702; x_wconf 89' lang='lat' dir='ltr'><strong>modo</strong></span> <span class='ocrx_word' id='word_1_211' title='bbox 1691 2636 2011 2715; x_wconf 87' lang='lat' dir='ltr'><strong>arborum,</strong></span> <span class='ocrx_word' id='word_1_212' title='bbox 2059 2636 2160 2702; x_wconf 90' lang='lat' dir='ltr'><strong>sed</strong></span> <span class='ocrx_word' id='word_1_213' title='bbox 2198 2636 2379 2704; x_wconf 89' lang='lat' dir='ltr'><strong>etiam</strong></span> 
     </span>
     <span class='ocr_line' id='line_1_24' title="bbox 280 2734 2383 2824; baseline 0 -23"><span class='ocrx_word' id='word_1_214' title='bbox 280 2736 545 2801; x_wconf 85' lang='lat' dir='ltr'><strong>omnium</strong></span> <span class='ocrx_word' id='word_1_215' title='bbox 594 2734 1021 2821; x_wconf 83' lang='lat' dir='ltr'><strong>virgultorum,</strong></span> <span class='ocrx_word' id='word_1_216' title='bbox 1087 2737 1589 2823; x_wconf 87' lang='lat' dir='ltr'><strong>correspondeant</strong></span> <span class='ocrx_word' id='word_1_217' title='bbox 1635 2735 2157 2824; x_wconf 82' lang='lat' dir='ltr'><strong>prolificationibus</strong></span> <span class='ocrx_word' id='word_1_218' title='bbox 2192 2736 2383 2802; x_wconf 87' lang='lat' dir='ltr'><strong>homi-</strong></span> 
     </span>
     <span class='ocr_line' id='line_1_25' title="bbox 278 2835 2380 2924; baseline 0 -24"><span class='ocrx_word' id='word_1_219' title='bbox 278 2859 454 2907; x_wconf 84' lang='lat' dir='ltr'><strong>num,</strong></span> <span class='ocrx_word' id='word_1_220' title='bbox 511 2858 543 2900; x_wconf 92' lang='lat' dir='ltr'><strong>a</strong></span> <span class='ocrx_word' id='word_1_221' title='bbox 591 2836 789 2900; x_wconf 89' lang='lat' dir='ltr'><strong>multis</strong></span> <span class='ocrx_word' id='word_1_222' title='bbox 830 2835 1096 2902; x_wconf 87' lang='lat' dir='ltr'><strong>Eruditis</strong></span> <span class='ocrx_word' id='word_1_223' title='bbox 1149 2835 1428 2902; x_wconf 88' lang='lat' dir='ltr'><strong>traditum</strong></span> <span class='ocrx_word' id='word_1_224' title='bbox 1482 2847 1599 2913; x_wconf 89' lang='lat' dir='ltr'><strong>est,</strong></span> <span class='ocrx_word' id='word_1_225' title='bbox 1669 2859 1855 2923; x_wconf 86' lang='lat' dir='ltr'><strong>quare</strong></span> <span class='ocrx_word' id='word_1_226' title='bbox 1904 2836 2197 2924; x_wconf 81' lang='lat' dir='ltr'><strong>coronidis</strong></span> <span class='ocrx_word' id='word_1_227' title='bbox 2245 2837 2380 2901; x_wconf 90' lang='lat' dir='ltr'><strong>loco</strong></span> 
     </span>
     <span class='ocr_line' id='line_1_26' title="bbox 276 2935 2382 3024; baseline 0 -21"><span class='ocrx_word' id='word_1_228' title='bbox 276 2939 359 3003; x_wconf 86' lang='lat' dir='ltr'><strong>de</strong></span> <span class='ocrx_word' id='word_1_229' title='bbox 396 2935 757 3023; x_wconf 70' lang='lat' dir='ltr'><strong>hisaliquid</strong></span> <span class='ocrx_word' id='word_1_230' title='bbox 814 2938 1103 3024; x_wconf 75' lang='lat' dir='ltr'><strong>adjiciam.</strong></span> <span class='ocrx_word' id='word_1_231' title='bbox 1203 2936 1272 3000; x_wconf 90' lang='lat' dir='ltr'><strong>ln</strong></span> <span class='ocrx_word' id='word_1_232' title='bbox 1315 2940 1637 3003; x_wconf 82' lang='lat' dir='ltr'><strong>arboribus</strong></span> <span class='ocrx_word' id='word_1_233' title='bbox 1691 2948 1751 3006; x_wconf 83' lang='lat' dir='ltr'><strong>et</strong></span> <span class='ocrx_word' id='word_1_234' title='bbox 1799 2939 1860 3001; x_wconf 89' lang='lat' dir='ltr'><strong>in</strong></span> <span class='ocrx_word' id='word_1_235' title='bbox 1917 2939 2189 3016; x_wconf 79' lang='lat' dir='ltr'><strong>omnibus</strong></span> <span class='ocrx_word' id='word_1_236' title='bbox 2244 2937 2382 3004; x_wconf 84' lang='lat' dir='ltr'><strong>reli-</strong></span> 
     </span>
     <span class='ocr_line' id='line_1_27' title="bbox 254 3038 2381 3125; baseline -0 -23"><span class='ocrx_word' id='word_1_237' title='bbox 254 3040 415 3125; x_wconf 68' lang='lat' dir='ltr'><strong>·quis</strong></span> <span class='ocrx_word' id='word_1_238' title='bbox 454 3040 734 3123; x_wconf 75' lang='lat' dir='ltr'><strong>subjectis</strong></span> <span class='ocrx_word' id='word_1_239' title='bbox 761 3039 952 3124; x_wconf 76' lang='lat' dir='ltr'><strong>Regni</strong></span> <span class='ocrx_word' id='word_1_240' title='bbox 996 3038 1378 3123; x_wconf 69' lang='lat' dir='ltr'><strong>vegetabilis,</strong></span> <span class='ocrx_word' id='word_1_241' title='bbox 1427 3061 1547 3104; x_wconf 89' lang='lat' dir='ltr'><strong>non</strong></span> <span class='ocrx_word' id='word_1_242' title='bbox 1577 3048 1712 3104; x_wconf 89' lang='lat' dir='ltr'><strong>sunt</strong></span> <span class='ocrx_word' id='word_1_243' title='bbox 1739 3039 1858 3101; x_wconf 88' lang='lat' dir='ltr'><strong>duo</strong></span> <span class='ocrx_word' id='word_1_244' title='bbox 1884 3039 2099 3115; x_wconf 76' lang='lat' dir='ltr'><strong>SexuS,</strong></span> <span class='ocrx_word' id='word_1_245' title='bbox 2153 3059 2381 3104; x_wconf 89' lang='lat' dir='ltr'><strong>mascu-</strong></span> 
     </span>
     <span class='ocr_line' id='line_1_28' title="bbox 277 3139 2381 3224; baseline -0 -20"><span class='ocrx_word' id='word_1_246' title='bbox 277 3139 436 3204; x_wconf 87' lang='lat' dir='ltr'><strong>linus</strong></span> <span class='ocrx_word' id='word_1_247' title='bbox 462 3148 521 3202; x_wconf 88' lang='lat' dir='ltr'><strong>et</strong></span> <span class='ocrx_word' id='word_1_248' title='bbox 549 3139 929 3216; x_wconf 84' lang='lat' dir='ltr'><strong>faemininus,</strong></span> <span class='ocrx_word' id='word_1_249' title='bbox 980 3140 1080 3203; x_wconf 87' lang='lat' dir='ltr'><strong>sed</strong></span> <span class='ocrx_word' id='word_1_250' title='bbox 1113 3140 1551 3224; x_wconf 83' lang='lat' dir='ltr'><strong>unumquodvis</strong></span> <span class='ocrx_word' id='word_1_251' title='bbox 1575 3140 1657 3202; x_wconf 89' lang='lat' dir='ltr'><strong>ibi</strong></span> <span class='ocrx_word' id='word_1_252' title='bbox 1682 3150 1768 3204; x_wconf 90' lang='lat' dir='ltr'><strong>est</strong></span> <span class='ocrx_word' id='word_1_253' title='bbox 1797 3140 2202 3217; x_wconf 82' lang='lat' dir='ltr'><strong>masculinum,</strong></span> <span class='ocrx_word' id='word_1_254' title='bbox 2253 3140 2381 3203; x_wconf 87' lang='lat' dir='ltr'><strong>sola</strong></span> 
     </span>
     <span class='ocr_line' id='line_1_29' title="bbox 274 3240 2382 3317; baseline 0.001 -17"><span class='ocrx_word' id='word_1_255' title='bbox 274 3242 629 3312; x_wconf 73' lang='lat' dir='ltr'><strong>.Tcrra‚seu</strong></span> <span class='ocrx_word' id='word_1_256' title='bbox 672 3240 885 3308; x_wconf 89' lang='lat' dir='ltr'><strong>humus</strong></span> <span class='ocrx_word' id='word_1_257' title='bbox 937 3248 1024 3303; x_wconf 89' lang='lat' dir='ltr'><strong>est</strong></span> <span class='ocrx_word' id='word_1_258' title='bbox 1079 3242 1407 3308; x_wconf 84' lang='lat' dir='ltr'><strong>communis</strong></span> <span class='ocrx_word' id='word_1_259' title='bbox 1455 3243 1692 3317; x_wconf 82' lang='lat' dir='ltr'><strong>Mater,</strong></span> <span class='ocrx_word' id='word_1_260' title='bbox 1744 3241 1824 3303; x_wconf 87' lang='lat' dir='ltr'><strong>ita</strong></span> <span class='ocrx_word' id='word_1_261' title='bbox 1870 3242 2018 3305; x_wconf 86' lang='lat' dir='ltr'><strong>sicut</strong></span> <span class='ocrx_word' id='word_1_262' title='bbox 2066 3240 2382 3312; x_wconf 87' lang='lat' dir='ltr'><strong>Faemina;</strong></span> 
     </span>
     <span class='ocr_line' id='line_1_30' title="bbox 278 3340 2386 3429; baseline -0.001 -24"><span class='ocrx_word' id='word_1_263' title='bbox 278 3341 433 3405; x_wconf 91' lang='lat' dir='ltr'><strong>haec</strong></span> <span class='ocrx_word' id='word_1_264' title='bbox 459 3342 614 3404; x_wconf 87' lang='lat' dir='ltr'><strong>enim</strong></span> <span class='ocrx_word' id='word_1_265' title='bbox 643 3340 850 3428; x_wconf 84' lang='lat' dir='ltr'><strong>recipit</strong></span> <span class='ocrx_word' id='word_1_266' title='bbox 879 3341 1139 3404; x_wconf 90' lang='lat' dir='ltr'><strong>omnium</strong></span> <span class='ocrx_word' id='word_1_267' title='bbox 1175 3341 1450 3405; x_wconf 84' lang='lat' dir='ltr'><strong>fruticum</strong></span> <span class='ocrx_word' id='word_1_268' title='bbox 1485 3342 1743 3416; x_wconf 81' lang='lat' dir='ltr'><strong>semin-a,</strong></span> <span class='ocrx_word' id='word_1_269' title='bbox 1796 3343 1984 3429; x_wconf 85' lang='lat' dir='ltr'><strong>aperit</strong></span> <span class='ocrx_word' id='word_1_270' title='bbox 2014 3340 2143 3416; x_wconf 85' lang='lat' dir='ltr'><strong>illa,</strong></span> <span class='ocrx_word' id='word_1_271' title='bbox 2196 3348 2386 3427; x_wconf 81' lang='lat' dir='ltr'><strong>gestat</strong></span> 
     </span>
     <span class='ocr_line' id='line_1_31' title="bbox 281 3438 2383 3529; baseline -0 -24"><span class='ocrx_word' id='word_1_272' title='bbox 281 3442 384 3506; x_wconf 85' lang='lat' dir='ltr'><strong>illa</strong></span> <span class='ocrx_word' id='word_1_273' title='bbox 428 3442 587 3507; x_wconf 74' lang='lat' dir='ltr'><strong>sicut</strong></span> <span class='ocrx_word' id='word_1_274' title='bbox 616 3443 677 3505; x_wconf 91' lang='lat' dir='ltr'><strong>in</strong></span> <span class='ocrx_word' id='word_1_275' title='bbox 718 3452 922 3517; x_wconf 83' lang='lat' dir='ltr'><strong>uter-o,</strong></span> <span class='ocrx_word' id='word_1_276' title='bbox 974 3453 1034 3505; x_wconf 90' lang='lat' dir='ltr'><strong>et</strong></span> <span class='ocrx_word' id='word_1_277' title='bbox 1073 3451 1214 3505; x_wconf 89' lang='lat' dir='ltr'><strong>tunc</strong></span> <span class='ocrx_word' id='word_1_278' title='bbox 1255 3443 1360 3507; x_wconf 86' lang='lat' dir='ltr'><strong>alit</strong></span> <span class='ocrx_word' id='word_1_279' title='bbox 1385 3442 1520 3520; x_wconf 90' lang='lat' dir='ltr'><strong>illa,</strong></span> <span class='ocrx_word' id='word_1_280' title='bbox 1570 3453 1630 3506; x_wconf 86' lang='lat' dir='ltr'><strong>et</strong></span> <span class='ocrx_word' id='word_1_281' title='bbox 1658 3442 1807 3529; x_wconf 80' lang='lat' dir='ltr'><strong>parit</strong></span> <span class='ocrx_word' id='word_1_282' title='bbox 1835 3442 1968 3519; x_wconf 87' lang='lat' dir='ltr'><strong>illa,</strong></span> <span class='ocrx_word' id='word_1_283' title='bbox 2018 3438 2135 3504; x_wconf 91' lang='lat' dir='ltr'><strong>hoc</strong></span> <span class='ocrx_word' id='word_1_284' title='bbox 2158 3450 2284 3520; x_wconf 88' lang='lat' dir='ltr'><strong>est,</strong></span> <span class='ocrx_word' id='word_1_285' title='bbox 2321 3441 2383 3504; x_wconf 88' lang='lat' dir='ltr'><strong>in</strong></span> 
     </span>
     <span class='ocr_line' id='line_1_32' title="bbox 281 3542 2387 3631; baseline -0 -23"><span class='ocrx_word' id='word_1_286' title='bbox 281 3543 441 3608; x_wconf 85' lang='lat' dir='ltr'><strong>diem</strong></span> <span class='ocrx_word' id='word_1_287' title='bbox 472 3543 686 3619; x_wconf 86' lang='lat' dir='ltr'><strong>educit,</strong></span> <span class='ocrx_word' id='word_1_288' title='bbox 728 3551 785 3608; x_wconf 88' lang='lat' dir='ltr'><strong>et</strong></span> <span class='ocrx_word' id='word_1_289' title='bbox 814 3550 1013 3631; x_wconf 88' lang='lat' dir='ltr'><strong>postea</strong></span> <span class='ocrx_word' id='word_1_290' title='bbox 1044 3543 1218 3607; x_wconf 86' lang='lat' dir='ltr'><strong>vestit</strong></span> <span class='ocrx_word' id='word_1_291' title='bbox 1248 3542 1367 3619; x_wconf 89' lang='lat' dir='ltr'><strong>illa,</strong></span> <span class='ocrx_word' id='word_1_292' title='bbox 1408 3553 1467 3606; x_wconf 90' lang='lat' dir='ltr'><strong>et</strong></span> <span class='ocrx_word' id='word_1_293' title='bbox 1493 3554 1781 3609; x_wconf 87' lang='lat' dir='ltr'><strong>sustentat</strong></span> <span class='ocrx_word' id='word_1_294' title='bbox 1809 3543 1925 3608; x_wconf 80' lang='lat' dir='ltr'><strong>illa.</strong></span> <span class='ocrx_word' id='word_1_295' title='bbox 1979 3544 2169 3610; x_wconf 80' lang='lat' dir='ltr'><strong>Terra</strong></span> <span class='ocrx_word' id='word_1_296' title='bbox 2198 3564 2387 3628; x_wconf 84' lang='lat' dir='ltr'><strong>quan-</strong></span> 
     </span>
     <span class='ocr_line' id='line_1_33' title="bbox 281 3642 2389 3731; baseline 0 -22"><span class='ocrx_word' id='word_1_297' title='bbox 281 3644 364 3709; x_wconf 86' lang='lat' dir='ltr'><strong>do</strong></span> <span class='ocrx_word' id='word_1_298' title='bbox 405 3644 655 3731; x_wconf 81' lang='lat' dir='ltr'><strong>primum</strong></span> <span class='ocrx_word' id='word_1_299' title='bbox 701 3645 890 3730; x_wconf 88' lang='lat' dir='ltr'><strong>aperit</strong></span> <span class='ocrx_word' id='word_1_300' title='bbox 930 3664 1162 3720; x_wconf 75' lang='lat' dir='ltr'><strong>semen,</strong></span> <span class='ocrx_word' id='word_1_301' title='bbox 1230 3642 1471 3708; x_wconf 87' lang='lat' dir='ltr'><strong>inchoat</strong></span> <span class='ocrx_word' id='word_1_302' title='bbox 1513 3666 1548 3709; x_wconf 91' lang='lat' dir='ltr'><strong>a</strong></span> <span class='ocrx_word' id='word_1_303' title='bbox 1590 3644 1818 3721; x_wconf 85' lang='lat' dir='ltr'><strong>radice,</strong></span> <span class='ocrx_word' id='word_1_304' title='bbox 1881 3666 2037 3730; x_wconf 84' lang='lat' dir='ltr'><strong>quae</strong></span> <span class='ocrx_word' id='word_1_305' title='bbox 2076 3653 2164 3709; x_wconf 89' lang='lat' dir='ltr'><strong>est</strong></span> <span class='ocrx_word' id='word_1_306' title='bbox 2202 3646 2389 3710; x_wconf 87' lang='lat' dir='ltr'><strong>instar</strong></span> 
     </span>
     <span class='ocr_line' id='line_1_34' title="bbox 285 3743 2390 3831; baseline 0 -22"><span class='ocrx_word' id='word_1_307' title='bbox 285 3745 502 3819; x_wconf 84' lang='lat' dir='ltr'><strong>cordis,</strong></span> <span class='ocrx_word' id='word_1_308' title='bbox 554 3766 628 3809; x_wconf 85' lang='lat' dir='ltr'><strong>ex</strong></span> <span class='ocrx_word' id='word_1_309' title='bbox 652 3743 752 3810; x_wconf 75' lang='lat' dir='ltr'><strong>illa</strong></span> <span class='ocrx_word' id='word_1_310' title='bbox 783 3765 1052 3818; x_wconf 83' lang='lat' dir='ltr'><strong>succum,</strong></span> <span class='ocrx_word' id='word_1_311' title='bbox 1093 3744 1242 3809; x_wconf 89' lang='lat' dir='ltr'><strong>sicut</strong></span> <span class='ocrx_word' id='word_1_312' title='bbox 1271 3744 1651 3831; x_wconf 83' lang='lat' dir='ltr'><strong>sanguinem,</strong></span> <span class='ocrx_word' id='word_1_313' title='bbox 1704 3745 1915 3808; x_wconf 84' lang='lat' dir='ltr'><strong>emittit</strong></span> <span class='ocrx_word' id='word_1_314' title='bbox 1941 3755 2000 3809; x_wconf 84' lang='lat' dir='ltr'><strong>et</strong></span> <span class='ocrx_word' id='word_1_315' title='bbox 2028 3746 2390 3821; x_wconf 86' lang='lat' dir='ltr'><strong>transmittit,</strong></span> 
     </span>
     <span class='ocr_line' id='line_1_35' title="bbox 284 3844 2389 3936; baseline 0 -26"><span class='ocrx_word' id='word_1_316' title='bbox 284 3855 347 3910; x_wconf 87' lang='lat' dir='ltr'><strong>et</strong></span> <span class='ocrx_word' id='word_1_317' title='bbox 384 3849 467 3914; x_wconf 84' lang='lat' dir='ltr'><strong>sic</strong></span> <span class='ocrx_word' id='word_1_318' title='bbox 508 3845 649 3910; x_wconf 81' lang='lat' dir='ltr'><strong>facit</strong></span> <span class='ocrx_word' id='word_1_319' title='bbox 690 3846 837 3910; x_wconf 90' lang='lat' dir='ltr'><strong>sicut</strong></span> <span class='ocrx_word' id='word_1_320' title='bbox 871 3868 1086 3932; x_wconf 84' lang='lat' dir='ltr'><strong>corpus</strong></span> <span class='ocrx_word' id='word_1_321' title='bbox 1126 3844 1475 3911; x_wconf 86' lang='lat' dir='ltr'><strong>instructum</strong></span> <span class='ocrx_word' id='word_1_322' title='bbox 1518 3846 1828 3918; x_wconf 82' lang='lat' dir='ltr'><strong>membris3</strong></span> <span class='ocrx_word' id='word_1_323' title='bbox 1882 3868 2096 3936; x_wconf 89' lang='lat' dir='ltr'><strong>corpus</strong></span> <span class='ocrx_word' id='word_1_324' title='bbox 2135 3847 2263 3929; x_wconf 85' lang='lat' dir='ltr'><strong>ejus</strong></span> <span class='ocrx_word' id='word_1_325' title='bbox 2300 3855 2389 3911; x_wconf 88' lang='lat' dir='ltr'><strong>est</strong></span> 
     </span>
     <span class='ocr_line' id='line_1_36' title="bbox 279 3944 2390 4036; baseline -0.001 -25"><span class='ocrx_word' id='word_1_326' title='bbox 279 3948 412 4036; x_wconf 86' lang='lat' dir='ltr'><strong>ipse</strong></span> <span class='ocrx_word' id='word_1_327' title='bbox 440 3948 685 4025; x_wconf 84' lang='lat' dir='ltr'><strong>caudex,</strong></span> <span class='ocrx_word' id='word_1_328' title='bbox 735 3965 807 4012; x_wconf 81' lang='lat' dir='ltr'><strong>ac</strong></span> <span class='ocrx_word' id='word_1_329' title='bbox 835 3949 986 4013; x_wconf 89' lang='lat' dir='ltr'><strong>rami</strong></span> <span class='ocrx_word' id='word_1_330' title='bbox 1007 3957 1073 4011; x_wconf 84' lang='lat' dir='ltr'><strong>et</strong></span> <span class='ocrx_word' id='word_1_331' title='bbox 1099 3944 1314 4013; x_wconf 87' lang='lat' dir='ltr'><strong>horum</strong></span> <span class='ocrx_word' id='word_1_332' title='bbox 1344 3948 1610 4014; x_wconf 80' lang='lat' dir='ltr'><strong>termites</strong></span> <span class='ocrx_word' id='word_1_333' title='bbox 1640 3956 1776 4012; x_wconf 91' lang='lat' dir='ltr'><strong>sunt</strong></span> <span class='ocrx_word' id='word_1_334' title='bbox 1803 3948 1928 4035; x_wconf 81' lang='lat' dir='ltr'><strong>ejus</strong></span> <span class='ocrx_word' id='word_1_335' title='bbox 1955 3948 2256 4021; x_wconf 88' lang='lat' dir='ltr'><strong>membra;</strong></span> <span class='ocrx_word' id='word_1_336' title='bbox 2301 3945 2390 4010; x_wconf 82' lang='lat' dir='ltr'><strong>fo·</strong></span> 
     </span>
     <span class='ocr_line' id='line_1_37' title="bbox 277 4047 2390 4138; baseline -0.002 -25"><span class='ocrx_word' id='word_1_337' title='bbox 277 4050 385 4124; x_wconf 88' lang='lat' dir='ltr'><strong>lia,</strong></span> <span class='ocrx_word' id='word_1_338' title='bbox 436 4069 590 4136; x_wconf 91' lang='lat' dir='ltr'><strong>quae</strong></span> <span class='ocrx_word' id='word_1_339' title='bbox 615 4048 812 4114; x_wconf 87' lang='lat' dir='ltr'><strong>statim</strong></span> <span class='ocrx_word' id='word_1_340' title='bbox 841 4058 970 4138; x_wconf 86' lang='lat' dir='ltr'><strong>post</strong></span> <span class='ocrx_word' id='word_1_341' title='bbox 998 4059 1232 4137; x_wconf 80' lang='lat' dir='ltr'><strong>partum</strong></span> <span class='ocrx_word' id='word_1_342' title='bbox 1261 4048 1494 4124; x_wconf 78' lang='lat' dir='ltr'><strong>educit,</strong></span> <span class='ocrx_word' id='word_1_343' title='bbox 1546 4058 1682 4111; x_wconf 90' lang='lat' dir='ltr'><strong>sunt</strong></span> <span class='ocrx_word' id='word_1_344' title='bbox 1708 4047 1841 4112; x_wconf 90' lang='lat' dir='ltr'><strong>loco</strong></span> <span class='ocrx_word' id='word_1_345' title='bbox 1869 4047 2196 4136; x_wconf 79' lang='lat' dir='ltr'><strong>pulmoniS,</strong></span> <span class='ocrx_word' id='word_1_346' title='bbox 2249 4066 2390 4110; x_wconf 87' lang='lat' dir='ltr'><strong>nam</strong></span> 
     </span>
     <span class='ocr_line' id='line_1_38' title="bbox 277 4139 2422 4239; baseline -0.005 -21"><span class='ocrx_word' id='word_1_347' title='bbox 277 4150 434 4218; x_wconf 81' lang='lat' dir='ltr'><strong>sicut</strong></span> <span class='ocrx_word' id='word_1_348' title='bbox 463 4172 569 4215; x_wconf 89' lang='lat' dir='ltr'><strong>cor</strong></span> <span class='ocrx_word' id='word_1_349' title='bbox 603 4150 823 4238; x_wconf 90' lang='lat' dir='ltr'><strong>absque</strong></span> <span class='ocrx_word' id='word_1_350' title='bbox 862 4150 1141 4234; x_wconf 86' lang='lat' dir='ltr'><strong>pulmone</strong></span> <span class='ocrx_word' id='word_1_351' title='bbox 1179 4171 1300 4214; x_wconf 90' lang='lat' dir='ltr'><strong>non</strong></span> <span class='ocrx_word' id='word_1_352' title='bbox 1340 4147 1615 4239; x_wconf 86' lang='lat' dir='ltr'><strong>producit</strong></span> <span class='ocrx_word' id='word_1_353' title='bbox 1653 4159 1878 4213; x_wconf 84' lang='lat' dir='ltr'><strong>motum</strong></span> <span class='ocrx_word' id='word_1_354' title='bbox 1918 4160 1980 4215; x_wconf 90' lang='lat' dir='ltr'><strong>et</strong></span> <span class='ocrx_word' id='word_1_355' title='bbox 2014 4167 2280 4223; x_wconf 87' lang='lat' dir='ltr'><strong>sensum,</strong></span> <span class='ocrx_word' id='word_1_356' title='bbox 2331 4139 2422 4207; x_wconf 56' lang='lat' dir='ltr'><strong>et*</strong></span> 
     </span>
     <span class='ocr_line' id='line_1_39' title="bbox 278 4246 2393 4340; baseline -0.008 -22"><span class='ocrx_word' id='word_1_357' title='bbox 278 4274 392 4340; x_wconf 88' lang='lat' dir='ltr'><strong>per</strong></span> <span class='ocrx_word' id='word_1_358' title='bbox 431 4251 542 4318; x_wconf 88' lang='lat' dir='ltr'><strong>hos</strong></span> <span class='ocrx_word' id='word_1_359' title='bbox 586 4250 849 4321; x_wconf 82' lang='lat' dir='ltr'><strong>vivificat</strong></span> <span class='ocrx_word' id='word_1_360' title='bbox 872 4250 1208 4329; x_wconf 86' lang='lat' dir='ltr'><strong>hominem,</strong></span> <span class='ocrx_word' id='word_1_361' title='bbox 1263 4250 1345 4315; x_wconf 88' lang='lat' dir='ltr'><strong>ita</strong></span> <span class='ocrx_word' id='word_1_362' title='bbox 1373 4254 1499 4314; x_wconf 79' lang='lat' dir='ltr'><strong>non</strong></span> <span class='ocrx_word' id='word_1_363' title='bbox 1523 4247 1690 4316; x_wconf 85' lang='lat' dir='ltr'><strong>radix</strong></span> <span class='ocrx_word' id='word_1_364' title='bbox 1718 4257 1956 4335; x_wconf 81' lang='lat' dir='ltr'><strong>vegetat</strong></span> <span class='ocrx_word' id='word_1_365' title='bbox 1983 4246 2259 4312; x_wconf 82' lang='lat' dir='ltr'><strong>arborem</strong></span> <span class='ocrx_word' id='word_1_366' title='bbox 2288 4248 2393 4305; x_wconf 84' lang='lat' dir='ltr'><strong>ant</strong></span> 
     </span>
    </p>
   </div>
  </div>
 </body>
</html>
