2750 4775
910 387 1005 443 xl.
1089 388 1627 444 IMPUTATIO.
2217 402 2323 453 177

222 541 412 604 datum
443 550 560 616 est,
612 527 837 627 et'quia
870 561 976 604 vos
1006 537 1124 603 vidi
1157 539 1354 626 quoad
1392 541 1583 627 capita
1609 540 1860 628 sphaera
1895 544 2036 611 lucis
2060 547 2330 616 caelestis

221 642 533 717 incinctos,
586 641 819 728 percepi
850 640 1011 727 quod
1041 661 1148 705 vos
1175 640 1299 704 sitis
1337 662 1407 705 ex
1450 640 1706 717 Electis,
1757 641 1858 729 qui
1897 658 2330 734 praeparantur

219 742 286 805 ad
327 742 604 813 Caelurn3
659 742 733 805 ad
778 741 927 805 baec
974 741 1440 828 responderunt,
1506 740 1693 805 refers
1739 764 1855 805 non
1905 746 2064 830 prius
2097 749 2325 828 audita,

217 844 340 930 quis
373 864 491 907 non
521 843 662 918 scit,
716 842 874 928 quod
903 862 1024 906 nou
1052 850 1332 905 nascatur
1356 841 1570 926 aliquis
1595 839 1808 916 bomo,
1864 845 1965 930 qui
1997 866 2115 910 non
2146 869 2327 913 voca·

217 952 306 1007 tus
331 953 417 1008 est
454 943 529 1007 ad
552 942 831 1020 Caelum,
889 951 949 1004 et
980 941 1140 1028 quod
1168 962 1239 1005 ex
1267 939 1382 1006 illis
1426 950 1557 1027 post
1596 951 1846 1006 mortem
1887 945 2184 1031 eligantur
2224 949 2327 1025 illi,

216 1043 310 1130 qui
340 1044 718 1107 crediderant
751 1043 809 1106 in
838 1042 1191 1115 Dominum,
1249 1050 1308 1103 et
1347 1042 1619 1105 vixerant
1658 1045 1976 1107 secundum
2011 1057 2331 1138 praecepta

216 1143 431 1230 lpsius,
485 1154 543 1208 et
590 1143 750 1228 quod
804 1144 977 1206 aliam
1029 1141 1395 1206 Electionem
1454 1161 1776 1227 agnoscere
1830 1145 1903 1209 sit
1958 1145 2158 1234 Ipsum
2201 1148 2328 1212 Do·

214 1244 436 1309 minum
485 1266 603 1308 non
649 1244 829 1308 modo
872 1242 1257 1332 impotentiae
1304 1242 1576 1307 salvandi
1620 1243 1724 1307 sed
1780 1244 1957 1308 etiam
2008 1247 2329 1334 injustitiae

213 1365 485 1432 arguere,
1176 1395 1182 1400 .

290 1477 295 1486 ·
365 1451 516 1510 ⁶65.
571 1445 718 1511 Post
745 1442 895 1509 baec
922 1443 1122 1509 audita
1148 1452 1245 1508 est
1266 1464 1382 1509 vox
1410 1463 1444 1507 e
1472 1444 1655 1509 Caelo
1695 1466 1767 1508 ex
1793 1443 2039 1531 Angelis
2075 1450 2176 1537 qui
2218 1451 2327 1513 im·-

213 1547 467 1610 mediate
495 1567 671 1633 supra
705 1568 811 1610 nos
837 1555 1039 1623 erant,
1091 1544 1347 1618 dicens,
1380 1544 1679 1609 ascendite
1707 1544 1855 1621 huc,
1899 1568 1972 1609 ac
1994 1548 2327 1636 interroga·

214 1649 407 1712 bimus
436 1667 613 1712 unum
645 1668 716 1710 ex
747 1647 947 1723 vobis,
1002 1648 1103 1732 qui
1130 1645 1325 1709 adhuc
1353 1645 1411 1708 in
1442 1646 1671 1709 Mundo
1706 1644 1965 1710 naturali
2002 1658 2093 1712 est
2129 1652 2328 1737 quoad

212 1769 462 1836 corpus,
515 1746 653 1833 quid
700 1747 782 1811 ibi
827 1749 1019 1811 sciunt
1072 1747 1145 1808 de
1192 1746 1645 1817 Commissum
1701 1756 1760 1809 et
1806 1747 2213 1828 ascendimus,
2266 1761 2330 1815 et

212 1859 342 1936 post
395 1850 737 1923 introitum,
808 1848 988 1934 aliqui
1040 1846 1336 1935 sapientes
1388 1847 1448 1909 in
1504 1868 1818 1911 occursum
1873 1859 2202 1927 venerunt,
2266 1862 2329 1915 et

209 1950 633 2035 quaesiverunt
662 1940 784 2041 [ex]
805 1969 917 2023 me,
945 1947 1086 2033 qnid
1113 1947 1306 2010 sciunt
1332 1946 1391 2009 in
1423 1956 1526 2011 tuo
1543 1946 1794 2028 Mundo,
1826 1947 1899 2010 de
1928 1947 2326 2030 Conscientia,

207 2061 267 2113 et
297 2050 605 2136 respondi,
628 2091 635 2096 -
657 2051 702 2113 si
736 2048 924 2134 placet
953 2046 1379 2111 descendamus
1408 2055 1466 2108 et
1494 2048 1959 2113 convocabimus
1986 2059 2044 2113 et
2070 2071 2102 2113 e
2132 2050 2326 2117 Laicis

208 2160 266 2214 et
296 2173 330 2213 e
358 2150 598 2215 Clericis
626 2170 937 2211 numerum
967 2167 1040 2211 ex
1066 2147 1209 2221 illis,
1264 2146 1364 2232 qui
1393 2147 1718 2211 creduntur
1745 2149 2069 2237 sapientes,
2122 2160 2183 2215 et
2205 2161 2327 2218 sta·

207 2251 408 2318 bimus
447 2250 508 2312 iu
550 2248 969 2335 perpendiculo
1012 2248 1123 2311 sub
1169 2246 1366 2320 vobis,
1420 2266 1491 2309 ac
1534 2246 2063 2334 interrogabimus,
2116 2262 2178 2316 et
2219 2275 2327 2318 vos

208 2352 294 2416 ita
328 2349 538 2414 vestris
566 2349 810 2413 auribus
837 2347 1093 2413 audituri
1120 2346 1259 2410 estis
1284 2344 1425 2431 quid
1453 2351 1787 2436 responsuri
1813 2359 1979 2423 sunt;
2017 2360 2078 2417 et
2104 2351 2327 2419 factum

207 2462 303 2519 est
365 2450 478 2522 ita,
528 2459 588 2511 et
634 2469 786 2511 unus
826 2468 899 2510 ex
944 2446 1161 2512 Electis
1204 2447 1410 2511 sumsit
1455 2448 1688 2522 tubam,
1744 2460 1802 2514 et
1845 2452 2043 2516 sonuit
2093 2453 2192 2519 illa
2248 2455 2325 2519 ad

215 2548 572 2624 Meridiem,
619 2547 1130 2633 Septentrionem,
1185 2547 1493 2611 Orientem
1523 2558 1580 2613 et
1610 2550 2030 2632 Occidentem,
2081 2565 2141 2618 et
2182 2564 2360 2620 tuuc·

210 2658 356 2737 post
401 2647 646 2713 horulae
694 2658 922 2737 tempus
969 2648 1217 2713 aderant
1263 2657 1382 2711 tam
1426 2650 1624 2726 multi,
1676 2659 1741 2713 ut
1782 2672 1966 2737 paene
2010 2653 2327 2742 implerent

207 2750 466 2838 spatium
508 2749 712 2823 stadii;
767 2756 828 2812 at
856 2747 1064 2836 Angeli
1091 2749 1341 2836 desuper
1369 2771 1575 2815 omnes
1600 2750 1958 2816 ordinabant
1983 2754 2042 2817 in
2069 2765 2330 2842 quatuor

207 2852 462 2927 Caetus,
515 2871 587 2914 ex
613 2852 827 2939 quibus
855 2872 1006 2914 unus
1033 2850 1344 2914 constabat
1372 2871 1445 2914 ex
1473 2850 1769 2927 Politicis,
1821 2854 1973 2917 alter
2010 2873 2081 2917 ex
2113 2854 2329 2919 Erudi-

209 2954 321 3028 θὶς,
370 2952 609 3017 Tertius
647 2972 718 3014 ex
758 2950 1035 3027 Medicis,
1089 2959 1149 3014 et
1190 2949 1457 3029 Quartus
1494 2972 1564 3014 ex
1607 2950 1880 3025 Clericis;
1935 2952 2009 3017 ad
2052 2975 2203 3040 quos
2242 2953 2325 3018 ita

209 3052 520 3118 ordinatos
557 3051 838 3127 diximus,
894 3051 1180 3139 ignoscite
1223 3049 1383 3138 quod
1437 3053 1754 3116 convocati
1791 3052 1946 3129 sitis,
2001 3073 2176 3118 causa
2219 3064 2327 3130 est,

208 3153 350 3240 quia
380 3148 591 3239 Angeli
623 3153 722 3238 qui
752 3174 785 3214 e
813 3153 1104 3216 diametro
1131 3172 1309 3239 supra
1338 3173 1449 3215 nos
1474 3160 1646 3227 sunt,
1700 3152 1910 3216 ardent
1947 3152 2131 3232 scire,
2184 3153 2329 3241 quid

206 3255 269 3317 in
297 3253 560 3329 Mundo,
613 3240 673 3314 in
700 3273 820 3338 quo
847 3253 1006 3339 prius
1033 3250 1253 3327 fuistis,
1307 3249 1671 3337 cogitavistis
1703 3252 1776 3319 de
1803 3252 2175 3319 Conscientia
2193 3303 2209 3330 ,
2266 3265 2328 3316 et

207 3354 351 3417 inde
381 3353 521 3439 quid
550 3350 749 3416 adbuc
772 3353 846 3414 de
874 3353 971 3416 illa
1003 3351 1302 3439 cogitatis,
1355 3351 1637 3437 quoniam
1666 3352 1829 3417 ideas
1858 3354 2084 3438 priores
2107 3352 2197 3417 'de
2238 3362 2328 3417 ta·

204 3454 366 3518 libus
392 3452 587 3517 adhuc
615 3453 910 3525 retinetis;
957 3452 1211 3516 relatum
1238 3450 1394 3515 enim
1424 3460 1513 3516 est
1537 3451 1809 3536 Angelis,
1864 3453 2021 3538 quod
2048 3451 2325 3540 Cognitio

200 3556 276 3619 de
303 3553 681 3618 Conscientia
712 3553 771 3615 in
802 3552 1033 3618 Mundo
1060 3554 1217 3615 inter
1243 3552 1616 3638 cognitiones
1642 3553 1981 3639 deperditas
2019 3554 2108 3620 sit.
2177 3555 2325 3621 Post

202 3655 390 3729 baec,
446 3654 641 3719 exorsi
667 3674 899 3727 sumus,
952 3663 1011 3716 et
1052 3652 1305 3740 primum
1347 3651 1747 3719 convertimus
1785 3674 1894 3718 nos
1933 3656 2008 3720 ad
2053 3654 2326 3732 caetum,

201 3756 304 3842 qui
343 3754 655 3820 constabat
680 3764 754 3817 ex
792 3752 1081 3828 Ponticis,
1128 3763 1190 3816 et
1217 3754 1561 3839 rogavimus
1601 3762 1666 3816 ut
1703 3775 1775 3817 ex
1817 3755 1996 3822 corde
2037 3756 2324 3834 dicerent,

202 3857 250 3920 si
291 3857 519 3944 placet,
576 3854 717 3942 quid
760 3855 1202 3940 cogitaverant,
1255 3862 1313 3917 et
1354 3853 1493 3940 quid
1536 3853 1672 3917 inde
1708 3852 1904 3919 adhuc
1942 3858 2208 3943 cogitant
2247 3857 2326 3920 de

202 3957 664 4030 ΟοΝεοιΕΝτιΑς
718 3954 794 4019 ad
822 3953 971 4017 baec
1000 3952 1459 4039 responderunt,
1509 3974 1661 4018 unus
1690 3963 1820 4041 post
1848 3956 2098 4021 alterum
2117 4007 2134 4035 ,
2176 3977 2325 4042 quo-

203 4077 341 4120 rum
371 4077 651 4143 responsa
693 4055 753 4118 in
794 4075 976 4119 unum
1014 4053 1262 4117 collecta
1302 4063 1507 4129 erant,
1547 4048 1718 4142 'quod
1766 4076 1902 4139 non,
1931 4058 2120 4122 sciant
2162 4055 2325 4119 aliud

204 4179 391 4243 quam
422 4157 580 4249 quod
609 4155 985 4220 Conscientia
1012 4155 1084 4218 sit
1114 4175 1313 4219 secum
1342 4155 1511 4229 scire,
1537 4155 1621 4217 ita
1654 4156 1932 4230 conscire,
1957 4155 2098 4241 quid
2132 4155 2327 4216 inten-

209 4258 329 4332 dit,
381 4257 700 4344 cogitavit,
756 4257 908 4345 egit,
942 4264 1021 4319 ·et
1071 4253 1352 4340 loquutus
1397 4262 1513 4328 est;
1572 4254 1672 4318 sed
1714 4254 1963 4319 diximus
2000 4254 2150 4326 illis,
2203 4270 2326 4315 non
