2750 4775
409 362 479 415 72
644 347 1102 404 uutvssnsa
1148 346 1684 402 THEOLoetA
1727 348 1792 402 N.
1835 347 1901 405 C.
1942 347 2052 401 ΕΤ
2091 348 2159 404 Π.
2201 347 2268 406 Ε.

405 524 581 578 num,
652 513 713 565 et
767 524 984 566 novam
1044 501 1226 570 vitam
1274 499 1594 578 inchoare,
1661 503 1723 567 in
1769 501 2102 568 Christiano
2148 501 2496 568 Reformato

406 603 576 670 Orbe
605 603 859 670 maxime
902 602 1149 668 difficilis
1187 613 1313 680 est,
1364 613 1612 692 propter
1649 605 1850 691 plures
1887 625 2126 680 causas,
2176 603 2248 668 de
2287 605 2504 691 quibus

406 705 467 768 in
495 705 702 770 ultimo
729 704 902 792 hujus
929 703 1149 792 Capitis
1176 701 1444 769 Articulo
1461 756 1475 779 ‚
1527 705 1660 769 ideo
1686 704 1916 771 facilior
1941 706 2163 794 species
2187 703 2504 770 Paeniten—

405 805 523 876 tiae
559 806 917 881 adducetur,
968 826 1124 893 quae
1164 815 1290 879 est,
1341 814 1405 868 ut
1433 806 1673 893 quando
1707 807 1839 892 quis
1870 805 2093 870 malum
2132 815 2334 872 versat
2372 807 2502 870 ani-

405 928 536 984 mo,
589 917 647 971 et
678 906 819 972 illud
850 906 1134 980 intendit,
1180 904 1292 970 sibi
1322 906 1512 982 dicat,
1566 909 1762 992 cogito
1794 906 1938 982 hoc,
1992 916 2050 970 et
2091 907 2332 972 intendo
2363 904 2502 982 hnc,

402 1008 505 1076 sed
532 1007 671 1097 quia
707 1018 1011 1096 pet-catum
1045 1016 1164 1081 est,
1219 1027 1337 1071 non
1376 1005 1588 1072 faciam
1630 1008 1807 1080 tund,
1860 1030 1970 1094 per
2004 1006 2116 1072 hoc
2157 1009 2376 1095 injecta
2422 1009 2502 1076 ab

402 1108 646 1175 Inferno
676 1109 922 1174 tentatio
951 1107 1305 1193 infringitur,
1350 1117 1410 1170 et
1439 1109 1685 1173 ulterior
1715 1109 1842 1195 ejus
1866 1110 2159 1195 ingressus
2184 1109 2498 1180 inhibetur.

403 1210 544 1275 Hoc
585 1209 1014 1283 mirabileest,
1068 1207 1224 1295 quod
1270 1209 1516 1296 quisque
1555 1209 1733 1297 possit
1778 1212 2086 1297 increpare
2132 1212 2345 1285 alium,
2391 1210 2499 1296 qui

401 1312 623 1378 malum
650 1311 932 1386 intendit,
982 1321 1042 1374 et
1069 1309 1296 1382 dicere,
1350 1331 1424 1376 ne
1462 1309 1557 1376 fac
1596 1311 1739 1388 illud
1766 1311 1901 1398 quia
1930 1321 2235 1398 peccatum
2264 1321 2384 1388 est,
2437 1322 2502 1376 et

401 1422 603 1480 tamen
629 1413 934 1480 difficulter
960 1412 1082 1497 ipse
1106 1411 1217 1475 sibi
1245 1411 1304 1475 id
1334 1420 1523 1498 potest
1551 1412 1775 1489 dicere,
1829 1432 2002 1478 causa
2044 1423 2164 1485 est,
2215 1414 2354 1500 quia
2383 1412 2501 1476 hoc

400 1522 602 1579 movet
654 1514 1054 1587 voluntatem,
1131 1511 1273 1576 illud
1318 1520 1518 1577 autem
1568 1514 1743 1578 modo
1796 1513 2213 1599 cogitationem
2269 1515 2499 1579 auditui

399 1616 748 1705 proximam.
828 1613 1176 1700 Inquisitum
1223 1622 1310 1677 est
1351 1616 1411 1677 in
1454 1614 1681 1678 Mundo
1721 1614 2045 1702 spirituali,
2098 1614 2338 1701 quinam
2379 1609 2498 1679 hoe

401 1717 653 1782 alterum
687 1724 924 1803 possunt
956 1713 1182 1789 facere,
1236 1735 1305 1776 ac
1349 1716 1574 1779 inventi
1611 1726 1747 1780 sunt
1790 1727 1909 1780 tam
1955 1716 2155 1803 pauci,
2205 1715 2354 1782 sicut
2392 1738 2499 1780 co-

400 1819 638 1883 lumbae
666 1820 726 1881 in
766 1816 1023 1904 spatioso
1063 1814 1328 1885 desen-tm
1382 1827 1441 1884 et
1479 1816 1661 1903 aliqui
1701 1816 2002 1891 dixerunt,
2055 1816 2220 1903 quod
2256 1815 2498 1904 quidem

400 1918 463 1982 id
503 1920 753 2007 possint,
805 1917 909 1981 sed
953 1915 1112 2000 quod
1166 1915 1476 2001 explorare
1521 1938 1619 1993 se,
1689 1928 1746 1980 et
1793 1926 2032 2007 peccata
2078 1939 2184 1982 sua
2229 1916 2501 1984 confiteri

399 2041 601 2085 coram
647 2022 811 2093 Deo,
869 2038 983 2081 non
1033 2017 1282 2103 possint3
1350 2015 1431 2084 At
1477 2039 1662 2104 usque
1708 2040 1913 2084 omnes
1957 2017 2070 2093 illi,
2124 2017 2222 2103 qui
2269 2018 2514 2088 bonum·

397 2119 624 2187 faciunt
651 2141 722 2184 ex
748 2117 1064 2204 religione,
1118 2120 1341 2184 evitant
1370 2118 1625 2184 actualia
1654 2121 1840 2195 mala,
1893 2128 1952 2182 at
1981 2140 2160 2205 quam
2197 2119 2499 2184 rarissime

400 2242 577 2310 super
615 2219 933 2295 interiora,
988 2241 1138 2307 quae
1180 2220 1519 2287 Voluntatis
1555 2231 1724 2296 sunt,
1774 2218 2114 2295 reflectunt,
2170 2219 2502 2297 credentes,

403 2322 561 2412 quod
591 2319 846 2385 in'malis
874 2342 992 2383 non
1020 2321 1136 2384 sint
1167 2321 1302 2409 quia
1330 2323 1393 2386 in
1429 2322 1616 2399 bonis,
1659 2323 1777 2385 imo
1803 2320 1962 2409 quod
1993 2321 2147 2385 bona
2177 2331 2504 2408 contegant

401 2424 591 2496 mala;
643 2422 778 2497 sed,
833 2425 911 2487 mi
953 2425 1169 2488 amice!
1224 2422 1567 2509 primarium
1595 2422 1912 2499 charitatis
1950 2421 2281 2511 esttugere
2321 2423 2501 2499 mala,

410 2522 528 2587 hoc
559 2523 730 2591 docet
757 2522 1045 2611 Verbum,
1076 2522 1190 2591 hoc
1215 2523 1572 2608 Decalogus,
1607 2524 1724 2588 hoc
1747 2523 2100 2611 Baptismus,
2139 2523 2252 2587 boc
2275 2523 2499 2589 Sancta

402 2623 634 2702 Caena,
680 2624 794 2690 hoc
821 2627 996 2689 etiam
1027 2625 1237 2700 Ratio,
1291 2646 1427 2688 nam
1458 2625 1756 2711 quomodo
1785 2626 1992 2713 aliquis
2021 2634 2209 2711 potest
2236 2622 2499 2711 effugere

402 2725 593 2803 mala,
646 2735 705 2801 ,et
733 2727 831 2792 illa
864 2727 1200 2791 abalienare
1231 2725 1450 2811 absque
1496 2725 1690 2812 aliqua
1733 2728 2042 2795 intuitione
2079 2727 2199 2800 sui,
2250 2735 2309 2788 et
2348 2749 2501 2811 quo-

403 2825 583 2891 modo
614 2829 834 2893 bonum
866 2837 1054 2916 potest
1097 2826 1221 2890 lieri
1250 2826 1508 2901 bonum,
1562 2828 1670 2890 nisi
1707 2828 1950 2895 interius
1987 2827 2355 2914 purificatum
2384 2838 2498 2892 est.

400 2926 538 2993 Scio
569 2928 725 3016 quod
754 2951 957 2995 omnes
984 2928 1096 3014 pii,
1147 2938 1206 2991 et
1230 2949 1467 3014 quoque
1494 2927 1621 2992 sani
1649 2929 1901 3005 ratione,
1936 2930 2073 2993 dum
2100 2928 2248 2993 haec
2274 2929 2501 3015 legunt,

403 3030 701 3099 annuituri
746 3034 891 3103 sint,
947 3038 1006 3092 et
1046 3029 1224 3093 visuri
1264 3029 1324 3093 id
1344 3038 1414 3095 ,ut
1444 3031 1757 3117 genuinum
1790 3051 2030 3105 verum,
2082 3029 2183 3095 sed
2210 3030 2366 3116 quod
2399 3051 2499 3095 us-

400 3154 514 3218 que
547 3134 717 3221 pauci
751 3133 833 3196 ita
874 3131 1103 3203 facturi.

529 3237 676 3298 536.
720 3233 837 3301 Sed
870 3255 1051 3319 usque
1078 3254 1300 3310 omnes,
1325 3234 1424 3320 qui
1452 3234 1671 3296 honum
1697 3230 1922 3297 faciunt
1949 3252 2022 3295 ex
2041 3230 2351 3318 religione,
2370 3252 2492 3295 non

401 3334 579 3399 modo
602 3333 936 3410 Christiani,
962 3334 1064 3397 sed
1087 3335 1263 3397 etiam
1295 3333 1527 3418 pagani,
1548 3320 1782 3419 'accepti
1800 3344 1935 3397 sunt
1962 3332 2241 3407 Domino,
2270 3341 2328 3395 et
2359 3340 2491 3416 post

401 3445 651 3500 mortem
680 3435 1066 3522 adoptantur;
1123 3454 1257 3499 nam
1288 3433 1431 3496 dixit
1458 3433 1745 3498 Dominus
1796 3432 2111 3510 „Esar-ivi,
2155 3447 2212 3498 et
2237 3430 2493 3499 dedistis

399 3533 568 3603 Mihi
590 3534 795 3609 edere;
833 3537 995 3598 sitivi
1007 3547 1066 3598 et
1083 3536 1345 3623 potastis
1366 3532 1477 3598 Me
1485 3562 1506 3608 ,-
1536 3539 1892 3627 peregrinus
1897 3531 2035 3624 sul,
2061 3549 2117 3600 ez
2138 3528 2492 3625 [collegistis

399 3634 542 3710 Mu
578 3633 779 3702 nudus
805 3628 884 3725 et]
910 3633 1196 3698 induistis
1222 3633 1333 3698 Me
1338 3661 1362 3710 ,·
1402 3632 1825 3724 aegroutsfui,
1850 3651 1906 3701 et
1933 3638 2234 3701 visitastis
2259 3635 2389 3712 Me,
2429 3638 2496 3699 in

399 3731 802 3821 custodiafizi
819 3749 875 3800 et
908 3737 1156 3799 venistis
1184 3728 1272 3801 ad
1285 3734 1415 3812 Me,
1433 3749 1490 3801 et
1516 3736 1696 3813 dixit,
1725 3742 1787 3801 in
1813 3752 2100 3828 quantum
2109 3733 2361 3824 fecistis
2387 3739 2498 3800 uni

394 3830 797 3923 exflatribus
824 3838 970 3901 meis
1002 3837 1288 3913 ηιὶηἰηιίε,
1339 3835 1759 3927 Mihificiste's
1771 3867 1792 3915 ,·
1844 3843 2045 3905 venite
2074 3836 2396 3912 benedicti,
2437 3850 2497 3902 et

398 3950 685 4029 tanquam
740 3928 1183 4029 haereditatem's
1211 3936 1522 4031 possidete
1561 3953 1844 4032 paratum
1898 3939 2076 4006 vobis
2122 3937 2398 4029 Regnum
2450 3960 2496 4002 a

373 4028 758 4126 fundatione
812 4036 1070 4118 Mundi,
1127 4039 1345 4109 Matth.
1386 4038 1586 4106 XXV:
1634 4043 1712 4103 31
1758 4060 1879 4129 seq.
1961 4039 2074 4106 His
2116 4041 2328 4105 addam
2376 4038 2495 4103 hoc

400 4138 670 4214 Novum;
723 4161 926 4208 omnes
950 4140 1051 4219 illi,
1092 4142 1192 4228 qui
1221 4141 1443 4207 bonum
1471 4139 1694 4206 faciunt
1723 4159 1794 4204 ex
1821 4139 2130 4228 religione,
2170 4149 2303 4230 post
2327 4161 2493 4204 mor-

401 4249 517 4304 tem
546 4240 817 4327 rejiciunt
845 4242 1170 4321 doctrinam
1196 4240 1520 4305 hodiernae
1552 4240 1849 4307 Ecclesiae
1884 4243 1955 4308 de
1982 4241 2204 4311 Tribus
2225 4240 2495 4329 personis
