2750 4775
799 346 949 400 xm.
1032 345 1380 400 SANCTA
1433 347 1751 405 coENA.
2083 385 2090 392 ·
2218 362 2322 411 221

206 517 282 562 ne
313 497 512 562 hilum
543 505 733 586 potest
761 499 1013 573 auferri,
1066 510 1125 564 et
1151 500 1227 564 ad
1254 521 1433 588 quam
1466 523 1542 567 ne
1580 500 1762 567 hilum
1805 513 1994 591 potest
2036 504 2203 584 addi,
2257 528 2330 572 ac

204 609 295 664 est
324 600 541 664 intima
569 599 775 666 forma·
792 601 1050 668 omnium
1080 600 1416 666 formarum
1446 605 1709 670 universi
1743 606 2039 689 corporis;
2092 614 2152 670 et
2192 609 2329 696 quia

202 700 452 766 formae
481 723 633 787 quae
673 711 837 766 extra
863 711 998 766 sunt
1027 704 1102 768 ab
1138 704 1342 767 intima
1373 703 1668 792 accipiunt
1693 714 1752 768 et
1781 705 2090 769 essentiam
2122 716 2180 770 et
2208 709 2329 774 for-

200 823 407 877 mam,
465 803 596 866 ideo
630 804 798 878 estis,
848 803 998 868 sicut
1038 804 1335 891 apparetis
1374 826 1575 870 coram
1617 806 1786 870 vobis
1822 815 1882 867 et
1921 806 2128 881 nobis,
2180 804 2327 873 Aui-

200 925 375 975 mae;
456 905 643 968 verbo
686 901 901 968 Anima
946 913 1033 968 est
1077 906 1200 994 ipse
1244 904 1463 981 bomo,
1531 908 1669 990 quia
1715 913 1803 970 est
1844 907 2087 970 intimus
2128 906 2328 986 bomo,

200 1025 403 1091 quare
432 1007 562 1091 ejus
590 1004 780 1072 forma
806 1014 897 1070 est
926 1004 1095 1092 plene
1136 1016 1197 1070 et
1238 1005 1498 1093 perfecte
1538 1007 1728 1072 forma
1767 1004 2062 1081 humanm
2118 1030 2325 1074 verum

199 1126 330 1171 non
360 1116 460 1171 est
488 1107 642 1178 vita,
695 1108 797 1174 sed
825 1116 910 1171 est
941 1107 1268 1193 proximum
1302 1108 1736 1195 receptaculum
1779 1109 1936 1173 vitae
1977 1128 2010 1172 a
2048 1109 2215 1186 Deo,
2265 1119 2327 1176 et

201 1209 289 1271 sic
330 1206 746 1272 babitaculum
779 1207 908 1272 Dei.
991 1208 1100 1272 His
1138 1208 1308 1273 dictis
1347 1208 1784 1295 adplaudebant
1828 1208 2028 1283 multi,
2077 1211 2180 1276 sed
2218 1211 2327 1276 ali·

200 1309 312 1395 qui
356 1309 674 1383 dicebant,
726 1309 1132 1396 expendemus.
1214 1309 1346 1396 Ego
1389 1319 1529 1374 tunc
1566 1310 1725 1376 abivi
1766 1311 2033 1384 domum;
2087 1321 2148 1376 et
2188 1333 2326 1378 ecce

202 1431 396 1496 super
426 1408 751 1500 Gymnasio
780 1410 880 1474 illo
898 1458 913 1485 ,
964 1410 1099 1475 loco
1126 1411 1339 1498 prioris
1366 1412 1622 1477 Meteon-i
1645 1411 1918 1498 apparuit
1946 1409 2152 1477 Nubes
2184 1433 2323 1478 can-

198 1510 355 1575 dida
385 1511 610 1598 absque
635 1510 791 1577 striis
816 1532 919 1578 seu
948 1512 1125 1578 radiis
1161 1512 1319 1578 inter
1340 1532 1407 1576 se
1434 1512 1882 1584 dimicantibus;
1938 1532 2087 1599 quae
2117 1513 2323 1578 Nubes

200 1622 540 1697 penetrans
584 1621 802 1676 tectum
846 1611 1121 1690 intravit,
1173 1635 1245 1678 ac
1289 1613 1606 1678 illustravit
1647 1613 1929 1700 parietes;
2000 1624 2060 1677 et
2103 1614 2325 1689 audivi,

206 1713 385 1799 quod
414 1714 662 1779 viderint
690 1714 1053 1802 ScripturaS‚
1105 1737 1176 1780 ac
1206 1717 1361 1778 inter
1401 1714 1544 1779 alias
1585 1715 1762 1779 etiam
1804 1714 1959 1779 hanc
2007 1712 2323 1792 „Jehovah

207 1813 395 1879 Deus
422 1818 732 1907 inspiravit
761 1819 822 1880 in
849 1838 1029 1881 nares
1057 1813 1317 1882 hominis
1343 1810 1620 1882 Animam
1655 1833 1952 1880 vanuum
1969 1861 1986 1891 ,
2039 1812 2323 1903 etfacilis

202 1929 304 1981 est
331 1916 538 1981 Homo
564 1919 629 1980 in
652 1914 926 1981 ΑΝιΜΑΜ
954 1925 1348 1993 νινΕΝτΕινι,“
1402 1914 1555 1981 Gen.
1582 1915 1675 1980 11:
1727 1921 1784 1981 Ἰ.

554 2167 869 2271 CAPUT
947 2167 1410 2234 DECIMUM
1485 2167 1953 2236 TERTIUM

1217 2305 1323 2357 DE

722 2417 1271 2507 SANGTA
1346 2418 1819 2510 CAENA.

216 2593 419 2679 Quod
471 2595 695 2686 absque
753 2597 971 2679 notitia¹
1021 2595 1096 2660 de
1150 2596 1703 2689 Correspondentizs
1758 2598 2123 2686 naturalium
2184 2624 2316 2667 cum

326 2692 743 2789 spiritualibus
793 2720 966 2762 nemo
1018 2700 1169 2762 scire
1211 2702 1414 2791 possit
1463 2724 1610 2764 usus
1640 2695 1896 2788 fluctus
1957 2698 2215 2769 Sanctae

1136 2799 1388 2865 Caenae.

373 2923 522 2983 698.
580 2918 745 2983 Haec
775 2918 971 3006 quoad
1001 2929 1224 3006 partem
1254 2919 1546 3006 explicata
1572 2930 1714 2984 sunt·
1732 2921 1791 2985 in
1822 2919 2026 3008 Capite
2054 2918 2126 2982 de
2153 2918 2313 2983 Bar·

210 3040 446 3095 usum,
493 3019 592 3082 nbi
635 3029 928 3084 ostensum
975 3029 1095 3097 est,
1150 3019 1325 3099 Quod
1367 3021 1588 3107 absque
1631 3022 1966 3109 cognitione
2012 3019 2083 3083 de
2125 3018 2313 3084 Sensu

214 3120 507 3208 spirituali
535 3121 746 3197 Verbi,
801 3143 919 3185 non
959 3112 1135 3206 possit
1161 3122 1326 3198 sciri,
1382 3121 1519 3208 quid
1548 3122 1664 3186 duo
1691 3122 2109 3193 Sacramenta,
2159 3118 2318 3207 Bap-

216 3223 426 3288 tismus
465 3231 525 3285 et
566 3222 780 3286 Sancta
814 3222 1043 3298 Caena,
1095 3222 1410 3289 involvunt
1448 3232 1506 3285 et
1546 3224 1852 3298 efficiunt‚·
1883 3242 2035 3308 quae
2071 3219 2312 3284 videan-

217 3333 315 3389 tur
371 3345 443 3385 n:
498 3329 619 3387 667
671 3324 745 3387 ad
790 3328 938 3386 669.
1030 3323 1149 3388 Hic
1198 3322 1444 3396 dicitur,
1508 3324 1665 3411 quod
1707 3325 1933 3410 absque
1985 3320 2191 3384 notitia
2234 3321 2309 3385 de

208 3424 763 3513 correspondentiis
792 3423 1147 3489 naturalium
1176 3445 1307 3488 cum
1336 3422 1766 3512 spiritualibus,
1819 3423 1977 3510 quod
1998 3422 2169 3505 ,idem
2201 3432 2310 3498 est,

215 3526 358 3612 quia
386 3525 604 3590 Sensus
643 3526 929 3591 naturalis
961 3525 1139 3589 Verbi
1182 3526 1436 3589 vertitur
1475 3527 1535 3588 in
1576 3526 1933 3614 spiritualem
1969 3546 2072 3611 per
2099 3524 2310 3592 Corre-

213 3627 599 3717 spondentias
625 3628 685 3689 in
714 3626 922 3701 Caelo;
976 3625 1112 3689 inde
1139 3635 1259 3701 est,
1312 3625 1470 3713 quod
1500 3627 1618 3690 duo
1658 3627 1738 3690 illi
1778 3627 1997 3692 Sensus
2034 3625 2143 3691 sibi
2183 3647 2312 3693 mu-

214 3736 322 3792 tuo
362 3730 890 3815 correspondent,
945 3728 1126 3813 q'nare
1168 3728 1268 3812 qui
1307 3727 1474 3811 novit
1501 3727 2093 3816 Correspondentias,
2143 3744 2311 3793 nosse

215 3838 406 3918 potest
459 3830 706 3894 Sensum
759 3829 1138 3917 spiritualem.
1218 3828 1376 3908 Quid
1420 3851 1565 3894 vero
1607 3839 1663 3895 et
1707 3830 1910 3914 quales
1953 3828 2315 3914 Correspon-

214 3931 454 3995 dentiae
502 3941 667 4007 sunt,
738 3930 923 3994 videri
981 3937 1170 4016 potest
1220 3930 1279 3993 in
1330 3928 1537 4014 Capite
1591 3930 1662 3993 de
1707 3929 2060 3994 Scelerum
2101 3927 2311 3991 SAan

208 4054 244 4096 a
276 4030 562 4120 principio
590 4031 902 4106 adfinem,
954 4038 1012 4103 et
1039 4048 1274 4116 quoque
1304 4028 1365 4092 in
1400 4029 1874 4094 Expmcmonn
1906 4029 2231 4093 Decuoct
2272 4044 2312 4091 a

213 4134 405 4219 primo
450 4132 780 4225 Praecepto
822 4133 894 4198 ad
920 4131 1235 4205 ultimum,
1288 4139 1346 4194 et
1382 4120 1758 4217 singulariter
1801 4128 1859 4193 in
1906 4128 2305 4212 Arommn’sr

216 4235 579 4303 Ravenna,
598 4282 608 4293 -
