2750 4775
690 367 844 419 vm.
923 367 1325 422 maenum
1380 367 1918 446 Aummumu.
2293 379 2366 430 aa

267 518 383 586 sed
410 544 525 614 per
539 519 747 612 fidem
771 520 923 587 Jesu
952 519 1202 597 Christi,
1253 520 1383 586 Gal.
1420 521 1509 585 II:
1556 524 1654 587 14.
1693 526 1776 587 15
1803 516 1999 615 [.16];
2058 543 2162 609 per
2191 520 2367 589 fidem

266 623 416 687 Jesu
446 621 690 697 Christi,
733 632 818 687 est
846 644 949 711 per
977 622 1149 686 fidem
1179 624 1238 685 in
1268 621 1463 709 Ipsum
1497 633 1554 688 et
1583 624 1659 687 ab
1692 623 1845 712 Ipso,
1894 625 2162 688 videatur
2186 641 2366 714 supra

263 746 338 788 n:
371 726 530 795 338:
570 734 628 785 et
656 724 791 809 quia
823 743 928 809 per
946 724 1145 811 Opera
1175 722 1319 810 legis
1345 723 1628 787 intellexit
1654 746 1832 811 opera
1853 726 2027 811 Legis
2048 725 2365 802 Mosaicae,

267 825 408 888 ideo
441 824 700 889 distinxit
726 824 880 892 inter
909 826 1124 912 Legem
1154 823 1286 887 fidei
1319 835 1376 889 et
1404 826 1623 912 Legem
1649 846 1932 911 operum,
1982 846 2054 889 ac
2077 828 2231 890 iuter
2257 825 2368 890 Ju-

270 925 454 992 daeos
494 935 550 989 et
591 923 841 1001 Gentes,
893 947 995 990 seu
1037 925 1553 991 Circumcisionem
1601 936 1659 989 et
1695 925 2112 1012 Praeputium,
2164 936 2222 989 et
2267 946 2371 1015 per

270 1026 790 1092 circumcisionem
821 1024 1183 1113 significatur
1207 1026 1243 1091 J
1254 1028 1569 1102 udaismuS,
1613 1038 1673 1091 ut
1702 1027 1898 1092 ubivis
1926 1027 2081 1103 alibi,
2136 1035 2197 1090 et
2223 1049 2370 1115 quo-

272 1149 391 1215 que
419 1128 638 1191 claudit
665 1126 765 1191 illa
794 1148 898 1215 per
923 1127 1071 1192 baec
1099 1129 1302 1204 verba,
1353 1127 1602 1219 Ergone
1627 1130 1843 1216 Legem
1872 1128 2234 1218 abrogamus
2262 1149 2378 1218 per

270 1229 520 1304 Fidem,
586 1228 776 1303 absit,
833 1228 962 1294 sed·
994 1230 1210 1319 Legem
1268 1229 1639 1304 stabilimus:
1712 1228 1862 1294 baec
1904 1230 2100 1294 omnia
2147 1229 2207 1292 in
2255 1251 2372 1296 uua

269 1332 425 1396 serie
467 1330 623 1405 dicit,
684 1330 862 1395 Rom.
895 1328 1015 1392 111:
1047 1335 1150 1394 27.
1182 1335 1287 1395 28.
1318 1336 1420 1395 29.
1454 1335 1557 1395 30.
1592 1335 1708 1403 31;
1763 1340 1822 1394 et
1850 1352 2084 1418 quoque
2128 1330 2269 1396 dicit
2309 1331 2369 1394 iu

271 1433 478 1521 Capite
522 1432 677 1518 quud
724 1430 1049 1517 praecedit:
1101 1432 1253 1498 Non
1295 1432 1604 1498 auditores
1646 1434 1829 1522 Legis
1867 1431 2370 1520 iustificabuntur‚

274 1558 317 1599 a
342 1534 497 1610 De0,
549 1531 661 1597 sed
686 1529 947 1605 factores
974 1535 1156 1625 Legis
1172 1533 1692 1625 justificabuntur,
1738 1534 1913 1597 Rom.
1945 1531 2035 1594 11:
2070 1535 2182 1604 13;
2227 1542 2372 1610 tum,

272 1633 465 1716 Quod
489 1634 656 1699 Deus
684 1632 890 1698 reddet
919 1638 1234 1728 unicuique
1269 1635 1598 1701 seeundum
1629 1636 1833 1728 Opera
1861 1636 2011 1721 ejus.
2072 1633 2249 1698 Rom.
2280 1632 2370 1696 11:

278 1739 349 1811 ῦς
408 1747 467 1800 et
496 1736 719 1811 adhue,
761 1736 983 1801 Omnes
1020 1761 1131 1801 nos
1160 1734 1543 1827 manifestari
1565 1749 1796 1831 oportet
1821 1757 2023 1798 coram
2056 1732 2377 1799 Tribunali

277 1836 527 1911 Christi,
583 1851 646 1901 ut
685 1850 936 1930 reportet
976 1836 1222 1929 quilibet
1263 1862 1368 1914 ea,
1420 1857 1575 1930 quae
1608 1861 1720 1932 per
1752 1835 1986 1929 Corpus
2004 1830 2197 1923 fecit,
2250 1837 2372 1900 sive

271 1940 492 2005 bonum
521 1935 644 2003 sive
671 1936 912 2011 malum,
966 1938 1041 2001 11.
1072 1939 1209 2003 Cor.
1239 1938 1324 2002 V:
1359 1942 1472 2011 1ος
1526 1948 1760 2024 praeter
1788 1937 1954 2026 plura
1982 1937 2136 2024 apud
2165 1936 2370 2010 Illum:

270 2062 343 2104 ex
398 2041 610 2130 quibus
640 2047 831 2125 patet,
903 2039 1057 2125 quod
1103 2039 1323 2104 Paulus
1374 2038 1643 2125 rejecerit
1686 2039 1889 2103 Fidem
1938 2037 2158 2124 absque
2204 2038 2375 2103 bouis

276 2142 606 2228 Operibus,
659 2159 846 2225 aeque
876 2160 947 2201 ae
970 2138 1266 2214 Jacobus,
1313 2139 1495 2226 Epist.
1526 2140 1666 2225 Cap.
1698 2139 1790 2202 11:
1823 2144 1897 2202 17
1932 2139 2004 2203 ad
2027 2143 2139 2203 -26,
2192 2138 2370 2220 Quod

278 2262 314 2305 a
353 2239 544 2306 Paulo
591 2240 885 2302 intellecta
926 2240 1041 2303 siut
1085 2239 1285 2327 Opera
1326 2240 1502 2325 Legis
1540 2241 1869 2316 Mosaicae,
1920 2261 2072 2327 quae
2119 2238 2376 2326 pro‘Ju-

277 2340 462 2416 dacis,
486 2340 729 2427 >insuper
758 2337 1085 2405 confirmati
1113 2360 1310 2406 sumus
1337 2362 1407 2406 ex
1439 2363 1542 2417 eo,
1593 2343 1752 2428 quod
1782 2342 1977 2406 omnia
2003 2341 2236 2408 Statuta
2265 2362 2373 2429 pro

275 2442 527 2509 :Iudaeis
555 2441 710 2525 apud
740 2438 945 2504 Mosen
974 2440 1243 2507 dicantur
1271 2443 1419 2520 Lex,
1467 2444 1554 2508 ita
1582 2443 1782 2529 Opera
1811 2444 1987 2529 legis,
2038 2444 2193 2529 quod
2224 2444 2373 2508 vidi·

279 2565 411 2608 mus
451 2563 520 2608 ex
561 2541 684 2618 his,
741 2540 908 2606 Haec
950 2540 1056 2608 lex
1081 2542 1401 2619 Minehae,
1456 2545 1599 2609 Lev.
1643 2544 1844 2608 v127.
1893 2548 1967 2608 11
2009 2565 2129 2631 seq.
2201 2545 2371 2610 Haec

274 2646 416 2710 Lex
445 2668 564 2739 pro
596 2640 1001 2720 Holocausto,
1047 2668 1165 2738 pro
1200 2644 1493 2723 ‘Minclza,
1538 2668 1657 2739 pro
1693 2644 2014 2736 Sacrificio
2043 2648 2281 2739 peccati
2316 2661 2374 2712 et
2407 2656 2413 2663 “

273 2760 497 2824 reatus,
521 2770 636 2839 pro
648 2742 1143 2834 *stapla-tionibus,
1175 2747 1315 2835 Lev.
1346 2746 1493 2811 VII:
1526 2750 1631 2813 3¹1.
1684 2748 1856 2812 Haec
1881 2748 2017 2813 Lex
2042 2742 2287 2813 Bestiae
2315 2760 2374 2812 et

274 2846 471 2924 Avis,
523 2847 665 2911 Lev.
714 2845 946 2911 >41:46
988 2869 1112 2933 seq.
1184 2848 1356 2913 Haec
1390 2849 1538 2913 -Lex
1572 2850 1869 2943 parientis
1906 2870 2025 2940 pro
2063 2845 2214 2939 filio
2267 2860 2375 2913 aut

251 2946 449 3042 fllia,
502 2948 644 3012 Lev.
688 2945 835 3010 XII:
881 2953 937 3011 7.
1005 2950 1178 3014 Haec
1216 2950 1352 3014 Lex
1390 2947 1817 3043 leprae‚-Lev.
1868 2948 2050 3014 XIII:
2092 2954 2192 3012 59.
2229 2948 2370 3035 Cap.

273 3049 448 3131 XIV:
480 3054 538 3113 9..
572 3050 678 3120 32.
708 3049 806 3111 54.
843 3053 943 3113 57.
1001 3050 1169 3114 Haec
1207 3051 1343 3115 Lea:
1363 3050 1563 3139 fluxu
1607 3048 1850 3142 affecti,
1901 3049 2043 3115 Lev.
2090 3050 2229 3115 XV:
2266 3051 2368 3117 82.

277 3152 452 3215 Haec
479 3151 612 3214 Lex
640 3145 1028 3243 Zelotypiae,
1078 3151 1256 3216 Num.
1285 3153 1368 3218 V:
1399 3155 1504 3214 29.
1539 3155 1643 3214 30.
1694 3152 1868 3217 Haec
1894 3150 2029 3215 Lex
2052 3151 2373 3225 Naziraeiss

275 3250 456 3316 Num.
487 3251 603 3315 vl.
648 3253 747 3313 13.
779 3255 879 3314 21.
935 3252 1107 3316 Haec
1146 3253 1281 3317 Leae
1320 3251 1769 3325 mundationis,
1819 3252 1999 3316 Num.
2044 3250 2220 3319 XIX:
2268 3254 2368 3314 14.

275 3352 450 3417 Haec
490 3350 626 3418 Lex·
667 3350 743 3416 de
794 3351 1014 3418 Vacca
1053 3348 1228 3441 rufa,
1260 3354 1469 3418 'Num
1517 3344 1696 3417 XIX:
1738 3356 1796 3414 2.
1866 3351 2002 3415 Lem
2038 3372 2155 3443 pro
2192 3349 2373 3442 Rege,

275 3454 454 3519 Deut.
498 3452 709 3519 XVII:
753 3455 831 3516 15
862 3453 934 3515 ad
968 3457 1081 3527 19;
1133 3455 1255 3517 imo
1280 3468 1440 3519 totus
1470 3453 1650 3518 Liber
1672 3452 1877 3518 Mosis
1911 3453 2377 3519 vocatur'Liber

276 3554 493 3646 Legis,
550 3556 724 3619 Deut.
767 3552 1002 3619 XXXI:
1048 3559 1105 3619 9.
1153 3559 1253 3619 11.
1289 3552 1389 3619 122
1422 3559 1523 3619 26.
1579 3564 1638 3617 et
1680 3575 1932 3641 quoque*
1961 3554 2099 3619 Luc.
2146 3553 2372 3620 11:22.

278 3655 421 3744 Cap.
452 3654 683 3720 XXIV:
716 3656 815 3717 44.
873 3654 1009 3719 Johss
1043 3654 1099 3719 I:
1132 3659 1232 3720 46.
1280 3656 1431 3744 Cap·
1457 3655 1604 3719 VII:
1634 3660 1736 3720 22.
1771 3658 1871 3719 23.
1921 3654 2063 3744 Cap.
2091 3654 2271 3720 VIII:
2314 3660 2370 3721 5.

279 3756 393 3822 His
439 3778 676 3844 quoque
728 3755 1114 3832 addiderunt,
1180 3755 1338 3844 quod
1381 3756 1635 3820 viderint
1679 3758 1831 3845 apud
1876 3756 2163 3832 Paulum,
2215 3756 2376 3844 quod

279 3858 400 3921 Le'x
457 3857 739 3942 Decalogi
797 3856 1050 3922 vivenda
1107 3858 1218 3934 sit,
1296 3866 1353 3921 et
1400 3858 1558 3945 quod
1615 3857 1930 3947 impleatur
1975 3880 2009 3923 a
2054 3857 2378 3934 charitate,

278 3959 458 4023 Rom.
500 3957 683 4023 XIII:
730 3962 788 4022 8.
836 3962 889 4021 9.
938 3963 1035 4023 10.
1084 3963 1187 4035 11,
1239 3969 1362 4023 tum
1406 3959 1563 4046 quod
1610 3959 1801 4035 dicat,
1866 3958 2034 4051 quod
2074 3961 2197 4023 sint
2241 3963 2377 4037 tria,

280 4059 488 4135 Fides,
544 4057 694 4152 Spes
719 4073 776 4124 et
806 4056 1104 4136 Charitas,
1157 4074 1215 4126 et
1238 4058 1407 4152 quod
1431 4058 1643 4125 harum
1670 4063 1939 4126 murima
1966 4063 2045 4124 sit
2075 4057 2378 4136 Charitas,

286 4166 312 4224 1
349 4162 483 4226 Cor.
515 4160 698 4225 XIII:
733 4165 834 4237 13,
885 4160 965 4226 ita
995 4183 1113 4226 uon
1142 4162 1334 4226 Fides.
1390 4161 1711 4236 Dixerunt,
1767 4159 1925 4247 quod
1964 4167 2204 4247 propter
2229 4157 2379 4223 haec

282 4263 592 4332 convocati
636 4260 870 4327 fuerint.
942 4262 1058 4327 Sed
1102 4268 1196 4329 ue'
1231 4261 1535 4331 turbarem
1584 4260 1747 4335 iilos,
1817 4259 2061 4329 recessi:
2131 4266 2191 4320 et
2232 4265 2375 4318 tunc
