2750 4775
439 347 547 395 ,τεο
669 336 1134 392 υηινειιει
1174 337 1713 392 rfleoLoou
1753 339 1822 393 N.
1864 337 1928 393 e.
1972 339 2083 391 ET
2125 340 2193 392 N.
2236 341 2303 398 E.

631 485 902 555 CAPUT
950 483 1135 566 ΙΙδ-ω,
1201 489 1314 556 DE
1369 488 1708 558 DOMINO
1755 490 2348 558 REDEMPTORE.

442 644 495 703 1.
548 640 728 721 Quod
764 639 1044 705 Jehovab
1089 642 1252 708 Deus
1296 642 1663 707 descenderit
1702 652 1762 706 et
1791 645 2129 707 assumserit
2168 644 2528 724 Humanum,

641 751 706 808 ut
732 743 1046 808 redimeret
1072 752 1133 806 et
1166 744 1424 808 salvaret
1465 741 1761 816 homines,
1814 766 1884 806 n:
1938 749 2045 808 82.
2081 750 2185 810 83.
2216 749 2320 810 84.

440 847 497 907 9.
554 841 729 922 Quod
757 842 1033 909 Jebovab
1063 845 1224 909 Deus
1252 841 1620 909 descenderit
1664 853 1728 908 ut
1752 845 2031 909 Divinum
2063 846 2317 922 Verum,
2381 848 2532 934 quod

640 954 727 1009 est
770 944 1066 1020 Verbum,
1117 955 1177 1009 et
1217 954 1415 1009 tamen
1457 945 1618 1031 quod
1667 966 1786 1009 non
1837 947 2206 1033 separaverit
2251 948 2530 1012 Divinum

643 1044 913 1122 Bonum,
964 1067 1036 1108 n:
1080 1050 1164 1109 85
1195 1045 1270 1110 ad
1299 1051 1403 1108 88.

415 1152 503 1236 ,3.
558 1145 733 1224 Quod
762 1148 924 1213 Deus
948 1148 1286 1212 assumserit
1313 1147 1659 1212 Humanum
1693 1148 2015 1212 secundum
2057 1149 2342 1214 Divinum
2372 1171 2533 1214 suum

644 1246 966 1325 Ordinem,
1019 1269 1088 1311 n:
1138 1254 1239 1313 89.
1275 1252 1374 1312 90.
1413 1252 1512 1311 91.

447 1350 502 1411 4.
559 1346 736 1428 Quod
765 1349 1144 1425 Humanum,
1194 1369 1299 1436 per
1327 1349 1485 1434 quod
1516 1349 1679 1414 Deus
1704 1370 1768 1414 se
1808 1350 1962 1415 misit
2001 1351 2062 1413 in
2088 1350 2417 1432 Mundum,
2467 1351 2537 1416 sit

645 1449 827 1515 Filius
865 1450 1010 1527 Dei,
1060 1471 1129 1513 n:
1177 1455 1279 1514 99.
1313 1453 1413 1513 93.
1449 1453 1546 1514 94.

446 1557 502 1614 5.
556 1548 730 1629 Quod
763 1551 1049 1616 Dominus
1079 1572 1184 1637 per
1211 1560 1378 1615 actus
1415 1551 1858 1640 Redemptionis
1882 1574 1946 1615 se
1969 1552 2274 1634 Justitiam
2316 1553 2534 1628 fecerit,

650 1656 1005 1715 οε95.9ὰ

447 1758 504 1816 6.
558 1753 732 1834 Quod
761 1755 1050 1818 Dominus
1076 1773 1182 1840 per
1207 1751 1441 1816 eosdem
1484 1763 1646 1817 actus
1682 1754 1760 1819 Se
1801 1755 2055 1818 univerit
2083 1754 2251 1819 Patri
2281 1764 2340 1819 et
2365 1755 2535 1820 Pater

646 1876 709 1919 se
756 1854 910 1968 lpsi,
959 1875 1028 1915 n:
1080 1858 1159 1916 97
1191 1853 1264 1930 ad
1302 1859 1443 1917 100.

455 1961 510 2020 Ἰ.
567 1955 742 2036 Quod
770 1956 854 2019 sic
881 1955 1042 2018 Deus
1066 1953 1256 2040 sactus
1282 1957 1356 2019 sit
1385 1956 1622 2028 Homo,
1662 1966 1720 2018 et
1749 1958 1950 2021 Homo
1979 1958 2179 2042 Deus
2164 1979 2223 2020 ιιι
2253 1979 2373 2021 uua
2401 1958 2537 2022 Per·

637 2078 823 2131 ·‚sona
871 2077 941 2117 n:
992 2058 1135 2119 101.
1173 2035 1317 2121 109.
1353 2060 1501 2120 103.
1754 2065 1761 2068 “

449 2163 505 2220 8.
561 2156 736 2237 Quod
768 2155 1097 2243 progressio
1135 2159 1208 2222 ad
1239 2157 1515 2222 unionem
1555 2156 1731 2223 fuerit
1767 2167 1955 2224 status
1991 2159 2421 2224 Exinauitiouis
2446 2159 2538 2244 lp-

648 2260 796 2328 sius.
843 2266 902 2319 et
937 2258 1094 2344 quod
1137 2261 1259 2346 ipsa
1285 2258 1447 2323 Unio
1487 2259 1561 2324 sit
1601 2268 1789 2324 status
1831 2258 2295 2326 Glorificationis
2335 2261 2538 2347 Ipsius,

648 2362 1266 2445 n21o4.105.106.
2120 2427 2129 2437 .
2300 2350 2318 2362 ’

450 2463 505 2553 ⁹:
562 2458 736 2539 Quod
778 2459 1021 2545 posthac
1064 2462 1257 2527 nulius
1298 2485 1369 2527 ex
1400 2461 1745 2528 Christianis
1775 2463 1832 2524 in
1874 2461 2119 2526 Caelum
2149 2464 2386 2539 veniat,
2438 2463 2539 2528 nisi

653 2562 749 2645 qui
779 2561 837 2622 in
870 2561 1185 2626 Dominum
1217 2563 1407 2628 Deum
1434 2564 1805 2629 Salvatorem
1836 2563 2050 2637 credit,
2098 2585 2167 2625 n:
2217 2569 2364 2628 107.
2403 2568 2535 2628 108.

447 2665 557 2727 10.
608 2660 1034 2738 Coronarum,
1076 2665 1148 2728 de
1186 2665 1359 2730 Statu
1388 2665 1686 2731 Ecclesiae
1728 2675 1866 2729 ante
1905 2661 2244 2749 Adventum
2286 2664 2537 2740 Domini,

652 2772 712 2826 et
740 2762 812 2826 de
843 2762 1013 2828 Statu
1042 2765 1166 2852 ejus
1194 2766 1542 2853 postitium,
1587 2789 1656 2828 n:
1703 2771 1844 2830 109.
1912 2792 1915 2793 ’

1033 2962 1156 3026 DF.
1212 2958 1962 3051 REDEMPTIONE.
2064 2952 2069 2962 ·

459 3112 512 3170 1.
569 3107 742 3188 Quod
771 3108 892 3195 ipsa
924 3108 1279 3194 Redemptio
1317 3108 1496 3175 fuerit
1535 3109 1872 3193 subjugatio
1903 3107 2308 3181 lutatiorum,
2359 3116 2418 3169 et
2453 3090 2541 3169 οι·-

658 3208 878 3272 dinatio
908 3208 1247 3282 Caeiorum,
1304 3219 1362 3273 et
1404 3230 1507 3294 per
1533 3209 1630 3271 illa
1668 3210 2039 3296 praeparatio
2069 3208 2140 3272 ad
2169 3207 2409 3272 Novam
2441 3206 2543 3271 Ec·

654 3311 889 3378 ciesiam
917 3311 1312 3397 spiritualem,
1365 3332 1437 3372 u:
1489 3315 1635 3375 115.
1673 3315 1814 3375 116.
1852 3314 1996 3374 117.

454 3413 511 3472 9.
568 3398 741 3491 Quod
782 3410 1005 3497 absque
1045 3412 1140 3474 iila
1172 3412 1601 3500 Redemptione
1643 3410 1837 3475 nulius
1871 3411 2050 3475 homo
2088 3410 2309 3477 salvari
2343 3418 2541 3497 potue·

658 3511 762 3584 rit,
820 3532 926 3572 nec
970 3508 1178 3596 Angeli
1221 3514 1280 3575 in
1319 3521 1476 3577 statu
1516 3512 1868 3598 integritatis
1894 3512 2227 3586 subsistere,
2267 3532 2340 3573 n:
2401 3513 2539 3574 118.

584 3628 594 3642 ‘
668 3612 809 3672 1-19.
859 3615 1005 3672 120.

461 3717 514 3774 3.
572 3710 748 3791 Quod
791 3711 1078 3777 Dominus
1103 3711 1185 3776 sic
1222 3735 1342 3776 non
1371 3713 1548 3778 modo
1587 3711 1885 3787 homines,
1892 3706 1895 3711 ’
1927 3714 2027 3778 sed
2068 3712 2247 3778 etiam
2290 3708 2541 3798 Angelos

457 3816 463 3821 ’
661 3811 1005 3888 redemerit,
1060 3834 1128 3876 n:
1179 3816 1508 3878 191.199.
1722 3862 1725 3871 .

463 3915 519 3978 4.
574 3911 751 3992 Quod
778 3910 1129 3998 Redemptio
1153 3913 1329 3979 fuerit
1357 3913 1524 4003 Opus
1551 3860 1694 4003 pure
1718 3915 2032 3992 Divinum,
2074 3935 2145 3978 ιι·
2198 3916 2344 3978 128.

463 4018 518 4078 5
574 4013 810 4096 Quod
794 4036 918 4100 ipsa
957 4012 1108 4079 haec
1147 4015 1499 4104 Redemptio
1540 4038 1661 4079 non
1705 4013 1833 4081 fieri
1877 4016 2167 4105 potuerit,
2220 4035 2401 4103 quam
2445 4033 2542 4102 per

661 4116 854 4180 Deum
879 4116 1291 4191 incarnatum,
1342 4138 1413 4178 nt
1462 4119 1608 4180 124.
1658 4120 1799 4180 195.

464 4218 519 4278 8.
574 4215 751 4296 Quod
792 4215 993 4282 Passio
1034 4217 1224 4281 crucis
1254 4215 1430 4278 fuerit
1457 4216 1658 4279 ultima
1686 4216 2011 4292 Tentatio,·
2056 4236 2234 4304 quam
2262 4216 2540 4282 Dominus
