2750 4775
926 373 1047 424 ΧΗ.
1134 374 1696 440 ΒΑΡΤ18Μο8.,
2247 388 2340 437 ¹9¹

230 521 549 589 Amoribus
594 526 926 611 oppositas,
994 526 1075 590 ita
1112 525 1435 590 secundum
1485 527 1986 616 concupiscentias
2033 531 2190 595 mali.
2275 529 2347 595 ln

231 624 456 691 Mundo
499 625 819 710 spirituali,
875 648 979 712 per
1025 646 1201 712 quem
1246 627 1629 713 intelligimus
1673 636 1730 689 et
1767 627 2009 694 Caelum
2050 640 2112 693 et
2154 630 2347 698 Infer-

230 746 400 802 num,
467 727 664 793 omnia
735 726 1163 806 d’fftinctissime
1226 726 1501 798 ordinata
1547 727 1784 791 suntin
1830 731 2125 793 communi
2182 740 2240 793 et
2287 730 2347 794 in

226 828 385 891 omni
417 836 618 913 parte,
670 849 774 891 seu
803 828 860 888 in
890 847 1107 912 genere
1138 836 1196 889 et
1225 827 1281 889 in
1313 828 1476 907 omni
1517 831 1743 913 specie;
1797 850 1831 892 a
1871 829 2145 893 distincta
2189 830 2349 894 ordi-

228 929 470 991 natione
501 923 834 1020 ibiffpendet
865 929 1239 992 conservatio
1276 929 1456 994 totius
1485 929 1779 1000 universi3
1833 938 1890 991 et
1931 929 2228 992 distinctio
2254 929 2355 995 illa

227 1050 345 1093 uon
383 1028 597 1092 dabilis
626 1037 740 1104 est,
795 1029 903 1092 nisi
936 1029 1365 1114 unusquisque,
1422 1038 1730 1116 postquam
1760 1038 1932 1092 natus
1959 1039 2082 1105 est,
2135 1049 2207 1092 ex
2246 1031 2353 1094 ali-

226 1151 347 1218 quo
374 1130 551 1214 signo
582 1139 903 1203 noscatur,
949 1128 1022 1191 ad
1053 1129 1220 1212 cujus
1260 1129 1561 1214 religionis
1602 1138 1801 1191 caetus
1833 1130 2158 1215 pertineat:
2213 1150 2354 1195 uam

224 1232 455 1318 absque
481 1231 653 1314 signo
682 1229 1015 1293 Christiano
1034 1277 1051 1304 ,
1104 1228 1264 1314 quod
1293 1239 1380 1294 est
1408 1230 1777 1317 Baptismus,
1832 1230 2110 1316 potuisset
2138 1228 2351 1317 aliquis

225 1332 483 1421 Spiritus
512 1328 1020 1402 Mahumedanus‚
1072 1339 1174 1393 aut
1202 1328 1414 1415 aliquis
1439 1352 1509 1393 ex
1540 1328 1908 1405 idololatris,
1962 1351 2024 1393 se
2057 1330 2132 1394 ad
2159 1330 2351 1396 infan-

226 1441 311 1497 tes
355 1431 726 1497 Christianos
772 1452 977 1494 recens
1018 1439 1217 1504 natos,
1270 1440 1329 1493 et
1369 1451 1608 1518 quoque
1654 1429 1728 1494 ad
1777 1451 1992 1517 pueros
2034 1430 2352 1517 applicare,

224 1545 286 1597 et
312 1534 432 1597 illis
469 1533 767 1598 insufflare
796 1531 1233 1595 inclinationem
1265 1553 1372 1618 pro
1401 1553 1509 1596 sua
1546 1530 1864 1616 religione,
1919 1540 1980 1594 et
2019 1530 2102 1594 sic
2141 1531 2354 1597 distra-

214 1633 371 1699 ‘here
402 1634 662 1696 animum
703 1632 937 1698 illorum
969 1640 1025 1694 et
1056 1631 1399 1695 abalienare
1435 1632 1567 1696 illos
1595 1651 1631 1695 a
1659 1629 2140 1707 Christianismo,
2190 1633 2350 1719 quod

226 1734 385 1801 foret
416 1735 685 1798 ordinem
713 1732 1077 1820 spiritualem
1109 1731 1480 1819 distorquere
1514 1741 1573 1796 et
1606 1732 1927 1796 destruere.

290 1859 299 1872 ’
388 1838 535 1898 ὃῖθ.
593 1833 986 1919 Quisque‘qui
1025 1833 1265 1920 indagat
1295 1831 1537 1897 effectus
1566 1853 1752 1919 usque
1791 1831 1867 1895 ad
1908 1851 2145 1910 causas,
2197 1833 2349 1897 scire

228 1946 457 2025 potest,
509 1934 666 2021 quod
699 1935 961 1997 omnium
994 1934 1374 1997 consistentia
1412 1934 1662 2020 pendeat
1695 1934 1771 1996 ab
1801 1932 2039 2009 ordine,
2091 1941 2150 1998 et
2190 1934 2349 2019 quod

228 2038 493 2102 Ordines
531 2036 647 2100 sint
693 2034 1075 2120 multiplices,
1131 2053 1474 2098 communes
1514 2042 1572 2095 et
1619 2033 2037 2121 particulares,
2091 2042 2150 2097 et
2190 2034 2349 2120 quod

222 2139 301 2202 sit
328 2159 482 2201 unus
507 2137 609 2222 qui
634 2143 723 2198 est
748 2127 1300 2204 ‘Universalissimus
1329 2134 1614 2208 omnium,
1659 2154 1730 2197 ex
1762 2156 1880 2221 quo
1907 2134 2164 2220 pendent
2192 2155 2351 2198 com-

229 2258 443 2302 munes
468 2246 527 2299 et
555 2234 945 2321 particulares
987 2234 1047 2295 in
1090 2234 1368 2299 continua
1396 2234 1578 2306 serie,
1634 2243 1692 2295 et
1718 2234 1874 2319 quod
1897 2219 2351 2312 ·Universalissi-

226 2360 368 2404 mus
394 2338 575 2401 intret
600 2337 659 2396 iu
689 2355 891 2398 omnes
919 2333 1069 2397 sicut
1107 2334 1231 2422 ipsa
1273 2335 1524 2409 essentia
1565 2333 1621 2396 in
1662 2333 1913 2412 formas,
1965 2344 2024 2400 et
2065 2334 2227 2424 quod
2264 2336 2348 2401 sie

230 2460 362 2502 non
391 2438 565 2500 aliter
595 2456 773 2497 unum
804 2434 1056 2508 faciant3
1110 2433 1482 2509 haecunitas
1513 2443 1630 2508 est,
1684 2457 1833 2523 quae
1867 2435 2007 2502 facit
2034 2459 2349 2503 conserva-

238 2538 465 2600 tionem
498 2535 706 2609 totius,
760 2533 917 2621 quod
931 2533 1207 2621 ,alioquin
1236 2536 1627 2610 dilaberetur,
1683 2547 1739 2599 et
1769 2558 1887 2602 non
1917 2538 2095 2602 modo
2125 2538 2349 2602 recide-

238 2646 339 2703 ret
364 2639 424 2700 in
456 2636 707 2722 primum
738 2633 953 2710 chaos,
1003 2634 1104 2698 sed
1134 2635 1193 2701 in
1223 2635 1485 2701 nibilum.
1562 2636 1717 2716 Quid
1747 2637 1899 2702 soret
1927 2661 2059 2703 cum
2090 2636 2349 2715 homine,

229 2738 347 2803 nisi
394 2739 455 2801 in
502 2736 627 2817 ejus
680 2756 930 2824 corpore
980 2737 1178 2800 omnia
1224 2746 1283 2799 et
1325 2736 1556 2823 singula
1602 2737 2031 2803 distinctissime
2075 2740 2351 2804 ordinata

229 2848 457 2915 essent,
511 2847 570 2900 et
612 2858 729 2900 non
770 2836 1052 2924 penderet
1086 2839 1475 2902 communitas
1517 2860 1725 2903 eorum
1770 2839 1848 2901 ab
1889 2860 2009 2902 uno
2050 2838 2244 2903 Corde
2288 2847 2351 2900 et

229 2941 559 3014 Pulmone,
615 2939 751 3026 quid
793 2938 1053 3024 alioquin
1098 2938 1204 3003 nisi
1248 2939 1554 3002 confusum
1594 2939 1766 3024 qnid;
1822 2960 1962 3001 num
2005 2947 2145 3000 tunc
2184 2938 2347 3003 Ven-

230 3038 483 3109 triculus
509 3048 714 3125 ageret
742 3060 877 3103 suas
903 3037 1266 3114 functiones,
1320 3040 1530 3126 Hepar
1569 3050 1627 3102 et
1669 3037 1968 3102 Pancreas
2003 3058 2173 3112 suas,
2217 3036 2347 3101 Me-

227 3142 554 3207 senterium
585 3149 642 3202 et
673 3138 1016 3203 Mesocolon
1044 3161 1212 3215 suaS,
1267 3141 1469 3205 Renes
1497 3150 1552 3203 et
1596 3138 1880 3204 Intestina
1921 3159 2085 3210 suas;
2121 3158 2213 3202 -ex
2250 3157 2348 3202 or-

229 3243 370 3306 dine
399 3241 595 3304 inillis
623 3250 681 3301 et
709 3240 864 3304 inter
891 3239 986 3302 illa
1016 3249 1132 3315 est,
1186 3242 1346 3325 quod
1389 3240 1584 3302 omnia
1626 3249 1685 3300 et
1728 3239 1957 3324 singula
1999 3239 2094 3301 illa
2142 3257 2346 3301 coram

227 3342 473 3407 homine
502 3350 825 3427 appareant
868 3348 931 3402 ut
965 3360 1162 3402 unum.
1247 3339 1406 3420 Quid
1448 3339 1671 3426 absque
1715 3340 1992 3403 distincto
2036 3336 2239 3400 ordine
2287 3337 2347 3401 in

229 3445 440 3509 Mente
468 3463 570 3505 seu
599 3441 821 3528 Spiritu
848 3438 1101 3503 hominis
1126 3439 1303 3515 soret,
1356 3440 1463 3503 nisi
1494 3442 1884 3503 communitas
1911 3439 2039 3525 ejus
2068 3438 2350 3522 penderet

228 3564 261 3608 a
294 3543 621 3607 Voluntate
648 3551 704 3606 et
749 3538 1091 3615 Intellectu,
1146 3561 1324 3627 quam
1357 3539 1664 3605 confusum
1706 3550 1763 3602 et
1795 3540 2145 3624 indigestum
2187 3539 2349 3625 quid,

230 3664 377 3707 num
408 3643 632 3728 absque
665 3641 764 3704 illo
808 3640 1014 3703 ordine
1055 3639 1234 3704 homo
1277 3641 1558 3726 potuisset
1601 3641 1728 3726 plus
1772 3640 2036 3727 cogitare
2078 3649 2135 3704 et
2174 3641 2348 3719 velle,

229 3765 413 3833 quam
456 3741 683 3830 pictura
726 3742 853 3825 ejus
889 3762 1064 3826 super
1103 3741 1337 3816 tabula,
1392 3750 1493 3803 aut
1536 3741 1839 3826 sculptura
1883 3742 2008 3824 ejus
2051 3742 2109 3804 in
2152 3743 2345 3806 domo.

229 3844 395 3925 Quid
436 3841 616 3906 homo
657 3844 882 3928 absque
909 3842 1348 3906 ordinatissimo
1387 3840 1613 3904 influxu
1652 3863 1684 3904 e
1729 3840 1941 3917 Caelo,
1995 3852 2053 3905 et
2092 3844 2219 3930 ejus
2256 3863 2352 3906 re-

230 3946 534 4032 ceptione:
594 3952 652 4005 et
684 3943 822 4030 quid
864 3940 960 4006 hic
1000 3940 1257 4007 influxus
1292 3943 1517 4031 absque
1549 3941 2099 4017 Universalissimo,
2152 3962 2188 4006 a
2231 3962 2351 4027 quo

230 4047 418 4117 totius
443 4054 503 4107 et
534 4045 795 4107 omnium
826 4044 950 4129 ejus
977 4044 1230 4131 partium
1272 4043 1535 4127 regimen
1570 4041 1816 4128 pendet,
1869 4045 1947 4106 ita
1989 4042 2111 4125 nisi·
2136 4062 2169 4104 a
2199 4041 2351 4116 Deo,

228 4157 291 4211 et
338 4147 443 4211 nisi
487 4146 545 4208 in
592 4144 728 4230 Ipso
769 4154 828 4207 et
873 4144 949 4207 ab
992 4143 1128 4230 lpso
1171 4142 1369 4223 omnia
1415 4142 1562 4218 sint,
1616 4143 1819 4205 vivant
1868 4152 1927 4205 et
1972 4148 2349 4205 moveantur.

230 4248 402 4312 Haec
444 4266 646 4317 coram
689 4244 928 4310 homine
970 4241 1228 4320 naturali
1269 4241 1552 4307 illustrari
1597 4250 1838 4328 possunt
1880 4261 1984 4327 per
2020 4240 2353 4309 innumera,
