2750 4775
392 371 504 445 ‘os
668 379 1131 436 umvssnsa
1175 379 1714 436 rquLoou
1754 381 1821 435 u.
1866 379 1929 435 c.
1971 381 2081 434 Etr
2121 381 2190 437 lv.
2233 380 2298 434 E.

427 533 728 602 effundere
772 533 1018 624 suspiria
1062 543 1120 598 et
1163 536 1448 620 gemitus,
1515 543 1577 599 et
1625 555 1862 624 quoque
1905 537 2139 622 pulsare
2185 544 2416 625 pectus,
2467 546 2531 600 et

429 638 627 703 facere
665 657 730 702 se
755 658 917 701 reum
952 636 1212 702 omnium
1244 645 1652 722 peccatorum,
1707 658 1839 701 cum
1882 645 2084 700 tamen
2118 639 2330 701 nullius
2369 638 2529 726 a‘pud

428 759 491 804 se
538 739 803 804 conscius
841 746 958 811 est3
1011 758 1150 800 num
1179 738 1353 801 simul
1380 747 1521 801 tunc
1547 757 1682 802 cum
1707 738 1957 824 suspirio
1999 738 2289 802 diabolica
2331 740 2528 814 turba,

427 862 579 928 quae
619 839 920 905 amoribus
960 839 1085 921 ejus
1123 840 1302 914 inest,
1355 839 1509 914 exit,
1561 857 1780 902 numne
1811 839 1960 903 haec
1990 840 2183 927 potius
2206 839 2404 904 sibilat
2449 841 2530 905 ad

425 942 556 1017 illa,
607 951 668 1005 et
703 949 969 1004 remanet
1010 940 1067 1002 in
1110 940 1211 1004 illo
1257 950 1319 1002 ut
1349 940 1511 1025 prius
1534 941 1685 1004 sicut
1713 941 1772 1003 in
1802 961 1908 1005 sua
1937 942 2133 1005 domo.
2190 941 2278 1005 Ex
2305 941 2395 1005 bis
2424 962 2530 1030 pa-

426 1052 531 1119 tet,
581 1041 741 1130 quod
771 1041 904 1106 talis
931 1040 1287 1128 paenitentia
1314 1061 1436 1105 non
1465 1042 1760 1106 intellecta
1786 1044 1861 1106 sit
1887 1043 1946 1105 in
1975 1042 2196 1118 Verbo,
2236 1042 2338 1107 sed
2366 1043 2529 1128 quod

426 1144 504 1209 ab
533 1142 810 1231 operibus
837 1143 1036 1217 malis,
1089 1154 1153 1204 ut
1183 1142 1417 1205 dicitur.
2181 1161 2188 1168 ·

578 1247 727 1310 530.
783 1241 1106 1323 Quaeritur
1145 1243 1345 1329 itaque
1392 1243 1691 1330 quomodo
1732 1243 2102 1312 Paenitentia
2143 1243 2374 1331 agenda
2416 1254 2528 1320 est,

425 1345 816 1432 respondetur
844 1345 1002 1431 quod
1029 1344 1360 1418 actualiter,
1415 1354 1473 1407 et
1495 1344 1615 1409 hoc
1641 1354 1754 1419 est,
1797 1345 2108 1432 explorare
2133 1367 2229 1421 se,
2267 1365 2527 1432 cognos-

427 1469 560 1512 cere
589 1457 649 1512 et
674 1466 995 1533 agnoscere
1023 1467 1126 1511 sua
1156 1455 1419 1533 peccata,
1472 1445 1800 1535 supplicare
1828 1447 1902 1510 ad
1929 1446 2280 1524 Dominum,
2330 1458 2390 1511 et
2417 1468 2530 1511 no·

426 1570 564 1615 vam
594 1549 775 1613 vitam
803 1546 1114 1612 inchoare:
1164 1547 1328 1633 quod
1357 1546 1727 1612 Paenitentia
1774 1570 1894 1611 non
1939 1546 2147 1612 dabilis
2180 1547 2253 1612 sit
2300 1550 2530 1637 absque

427 1649 862 1737 exploratione,
919 1649 977 1709 in
1024 1644 1324 1721 Articulo,
1374 1648 1478 1734 qui
1524 1648 1856 1734 praecedit,
1909 1659 2206 1726 ostensum
2253 1659 2368 1722 est;
2420 1649 2530 1714 sed

424 1750 499 1815 ad
528 1750 669 1837 qnid
698 1748 1060 1838 exploratio,
1116 1748 1223 1813 nisi
1256 1758 1318 1813 ut
1359 1761 1678 1835 cognoscat
1715 1771 1823 1814 sua
1863 1761 2142 1848 peccata,
2194 1762 2253 1813 et
2282 1752 2355 1814 ad
2384 1747 2529 1840 quid

425 1852 684 1939 cognitio
724 1849 835 1915 nisi
870 1860 1150 1935 agnoscat
1177 1850 1333 1936 quod
1361 1851 1459 1915 illa
1488 1849 1547 1912 in
1574 1850 1675 1916 illo
1700 1850 1847 1924 sint,
1904 1862 1961 1916 et
1990 1851 2064 1915 ad
2095 1852 2234 1938 quid
2266 1853 2376 1915 tria
2403 1853 2525 1927 illa,

425 1954 534 2017 nisi
563 1962 627 2016 ut
655 1949 1008 2018 confiteatur
1036 1950 1133 2014 illa
1165 1972 1367 2016 coram
1396 1951 1683 2029 Domino,
1725 1962 1783 2015 et
1810 1952 2097 2038 supplicet
2125 1954 2196 2015 de
2224 1954 2527 2041 suppetiis,

425 2065 485 2118 et
515 2053 593 2118 ab
619 2053 735 2118 hoc
760 2052 1041 2115 inchoare
1072 2075 1287 2118 novam
1323 2053 1538 2129 vitam,
1585 2075 1738 2139 quae
1767 2061 1854 2117 est
1881 2051 2012 2117 finis
2050 2064 2288 2141 propter
2316 2076 2526 2143 quem;

423 2154 576 2220 haec
635 2162 723 2217 est
779 2153 1023 2218 actualis
1085 2154 1457 2240 paenitentia.
1550 2155 1726 2235 Quod
1784 2155 1866 2218 ita
1929 2156 2422 2241 progrediendum
2467 2164 2531 2219 et

423 2253 757 2320 faciendum
806 2253 914 2326 sit,
991 2256 1141 2318 scire
1187 2266 1376 2344 potest
1436 2257 1835 2342 unnsquisque
1879 2254 2066 2320 homo*
2098 2267 2226 2343 post
2276 2260 2526 2344 primam

425 2365 715 2430 aetatem,
766 2364 825 2419 et
867 2357 992 2442 plus
1020 2366 1077 2420 et
1101 2357 1235 2445 'plus
1263 2357 1412 2421 sicut
1458 2357 1546 2420 sui
1590 2356 1738 2441 juris
1776 2367 1835 2420 et
1871 2377 2011 2421 suae
2050 2357 2293 2422 rationis
2319 2356 2424 2435 lit,
2452 2379 2526 2423 ex

423 2457 759 2544 Baptismo,
814 2479 918 2545 per
944 2458 1106 2542 cujus
1134 2459 1497 2524 lavationem
1527 2458 1873 2543 intelligitur
1900 2457 2333 2542 Regeneratio,
2387 2482 2527 2525 nam

423 2560 484 2622 in
510 2557 612 2620 illo
640 2559 853 2644 patrini
895 2580 1002 2643 pro
1045 2561 1144 2623 illo
1179 2559 1657 2646 spoponderunt,
1709 2559 1872 2646 quod
1915 2560 2244 2643 rejecturus
2269 2562 2355 2625 ·sit
2397 2562 2529 2625 dia-

425 2658 659 2734 bolum,
712 2669 772 2723 et
800 2660 996 2725 omnia
1025 2661 1149 2743 ejus
1190 2682 1403 2746 opera:
1458 2659 1728 2724 similiter
1752 2682 1825 2725 ex
1850 2661 2066 2725 Sancta
2096 2659 2296 2725 Caena
2316 2711 2333 2737 ,
2388 2671 2529 2727 ante

424 2760 590 2845 cujus
630 2761 991 2827 acessionem
1035 2764 1273 2849 dignam
1314 2770 1776 2847 praemonentur
1801 2782 2038 2835 omnes,
2092 2771 2156 2824 ut
2195 2784 2229 2825 a
2273 2763 2531 2849 peccatis

423 2861 840 2950 paenitentiam
881 2873 1091 2948 agant,
1145 2872 1204 2926 et
1230 2883 1292 2926 se
1321 2862 1395 2950 ad
1426 2864 1618 2929 Deum
1651 2871 2033 2938 convertant,
2085 2872 2145 2926 et
2186 2884 2403 2928 novam
2440 2864 2529 2926 vi-

423 2974 544 3026 tam
583 2964 1022 3051 ingrediantur:
1074 2974 1135 3028 et
1181 2974 1492 3048 praeterea
1530 2984 1601 3027 ex
1647 2965 1947 3050 Decalogo
1992 2982 2095 3027 seu
2134 2962 2528 3040 Catechismo,

423 3065 522 3152 qui
551 3064 610 3129 iu
643 3066 904 3130 omnium
933 3063 1403 3129 Christianorum
1434 3066 1706 3131 manibus
1737 3076 1843 3141 est,
1897 3065 1997 3128 ubi
2024 3066 2082 3128 iu
2111 3086 2215 3128 sex
2243 3087 2529 3153 praecep·

419 3167 494 3232 tis
521 3166 803 3253 Decalogi
834 3188 947 3228 non
980 3162 1137 3232 aliud
1174 3167 1521 3244 mandatur,
1573 3188 1750 3253 quam
1799 3176 1864 3232 ut
1904 3187 2023 3231 non
2065 3166 2218 3230 mala
2264 3166 2524 3240 faciant3

419 3290 571 3354 quae
611 3268 719 3332 nisi
757 3269 887 3356 quis
930 3288 1035 3354 per
1077 3268 1494 3356 paenitentiam
1537 3277 1843 3343 removet,
1918 3288 2033 3343 non
2082 3276 2272 3352 potest
2316 3288 2525 3333 amare

420 3369 782 3456 proximum,
835 3379 893 3432 et
923 3367 1112 3432 minus
1143 3370 1360 3438 Deunu
1418 3390 1549 3432 cum
1599 3377 1798 3430 tamen
1838 3389 1910 3433 ex
1937 3366 2172 3432 duobus
2215 3366 2305 3432 his
2357 3386 2529 3434 mau—

420 3470 570 3534 datis
611 3469 866 3557 pendent
919 3469 1042 3535 Lex
1084 3479 1139 3532 et
1176 3468 1541 3554 Prophetae,
1596 3467 1710 3530 hoc
1747 3477 1866 3543 cst,
1919 3466 2216 3545 Verbum,
2272 3469 2523 3558 proinde

417 3573 589 3636 salus.
646 3567 910 3635 Actualis
931 3569 1307 3654 paenitentia,
1357 3568 1405 3631 si
1433 3568 1677 3632 alternis
1706 3567 1930 3634 vicibus
1957 3570 2188 3656 agitur,
2246 3571 2526 3635 nimirum

419 3673 652 3760 quoties
693 3670 872 3733 homo
914 3669 986 3732 ad
1015 3669 1494 3733 communionem
1533 3679 1775 3734 sanctae
1812 3668 2048 3735 Caeuae
2090 3694 2153 3736 se
2193 3681 2531 3759 praeparat,

418 3774 468 3838 si
516 3780 716 3860 postea
761 3770 838 3833 ab
881 3791 1000 3832 uno
1038 3792 1142 3833 seu
1185 3769 1374 3833 altero
1423 3779 1702 3856 peccalo,
1758 3772 1915 3857 quod
1959 3781 2104 3835 tunc
2143 3773 2536 3858 deprehendit

420 3870 577 3959 apud
603 3890 697 3944 se,
751 3870 1080 3946 abstineat,
1132 3869 1275 3935 satis
1313 3882 1401 3936 est
1443 3873 1518 3935 ad
1549 3871 1900 3937 initiandum
1928 3893 1991 3937 se
2016 3875 2075 3935 iu
2103 3874 2531 3949 actualitatem,

421 3973 485 4035 iu
524 3992 640 4057 qua
678 3991 813 4034 cum
843 3979 959 4045 est,
1013 3972 1071 4034 in
1104 3972 1197 4037 via
1225 3981 1312 4035 est
1338 3972 1412 4037 ad
1443 3972 1685 4040 Caelum
1709 4025 1724 4051 ,
1782 3996 1915 4038 nam
1948 3983 2088 4041 tunc
2116 3972 2295 4041 homo
2320 3976 2531 4063 incipit

421 4093 454 4134 a
487 4070 740 4135 naturali
767 4063 1083 4157 spiritualis
1113 4071 1255 4149 fieri,
1306 4084 1364 4138 et
1391 4076 1552 4141 nasci
1580 4097 1772 4141 novus
1801 4098 1834 4139 a
1866 4075 2142 4141 Domino.

476 4214 481 4219 -
581 4174 728 4236 531.
785 4172 920 4238 Hoc
966 4196 1070 4260 per
1109 4186 1421 4264 sequentes
1463 4176 1949 4263 comparationes
1988 4175 2267 4245 illustrari
2294 4186 2530 4266 potest:

424 4272 625 4339 Homo
669 4284 806 4341 autc
852 4279 1268 4364 paenitentiam
1309 4289 1395 4345 est
1434 4284 1714 4365 tanquam
1745 4277 2075 4352 desertum,
2133 4280 2191 4342 in
2229 4302 2348 4367 quo
2385 4288 2533 4345 sunt
