2750 4775
509 363 663 420 xiv.
743 361 1414 419 cousumma‘rro
1456 365 1840 421 saecum
1900 355 2073 422 uro.
2231 378 2332 431 εει

222 529 458 606 quarto
487 519 700 605 Regno
728 539 832 584 seu
860 517 934 581 de
958 529 1177 607 quarta
1198 518 1460 586 Ecclesia
1489 529 1923 608 repraesentata
1954 543 2059 610 per
2082 532 2337 589 statuam

222 619 803 686 Nebuchadnezaris
860 619 1091 704 „Quod
1124 618 1344 685 vidisti
1358 617 1604 709 fier-mm
1646 626 1899 687 mixtum
1938 645 2070 688 cum
2111 623 2340 716 argilla

223 721 353 787 luti
363 767 383 796 ,
438 722 893 787 commiscebant
930 746 997 786 se
1015 745 1130 815 per
1166 745 1364 786 semen
1396 721 1699 798 hominm,
1751 721 1865 788 sed
1900 746 2023 788 non
2060 723 2338 791 cobaere-

222 824 386 889 bunt
425 846 607 887 unum
655 846 786 887 cum
824 820 1045 900 altero,
1101 821 1602 916 quemadmodum
1618 821 1863 913 firrum
1905 848 2028 889 non
2066 847 2196 890 cum
2237 850 2338 891 ar·

217 922 398 1015 gilla
416 933 473 998 ,“
527 924 666 1012 Cap.
699 923 788 986 11:
831 927 938 1000 48,
979 945 1179 988 semen
1207 924 1463 988 hominis
1486 934 1577 990 est
1603 947 1808 992 verum
1838 923 2035 991 Verbi.
2091 925 2167 990 Et
2193 948 2342 1012 qno-

221 1043 346 1113 que
380 1044 455 1088 ex
482 1022 573 1089 his
613 1024 686 1088 de
728 1034 938 1111 quarta
980 1025 1244 1091 Ecclesia
1284 1036 1725 1114 repraesentata
1766 1047 1870 1113 per
1913 1036 2183 1113 quartam
2225 1028 2341 1094 Be-

195 1127 414 1191 'stiam
441 1126 851 1191 ascendentem
879 1147 951 1189 ex
991 1126 1141 1191 mari
1186 1126 1304 1201 „V
1303 1126 1478 1193 ideas
1491 1124 1611 1216 fui
1646 1131 1708 1192 in
1749 1128 2090 1194 wls-ionibus
2128 1133 2340 1205 noctis,

222 1242 285 1293 et
337 1249 481 1292 ecee
531 1226 742 1292 Bestia
795 1242 1016 1320 quarta
1033 1276 1050 1305 ,
1120 1226 1403 1293 tenibilis
1452 1243 1509 1293 et
1539 1225 2006 1317 fhmidabilis,
2079 1231 2341 1297 comedet

221 1332 581 1394 unisemam
625 1342 841 1393 terram
858 1378 872 1402 ,
954 1343 1011 1394 et
1061 1327 1436 1396 conculcabit
1485 1354 1615 1396 eam
1636 1379 1653 1407 ,
1732 1344 1793 1396 et
1842 1344 2100 1396 conteret
2149 1343 2340 1406 eam,2“
2418 1333 2429 1342 ’

227 1429 388 1517 Cap.
433 1428 581 1496 VII:
636 1434 690 1493 Ἰ.
738 1433 839 1494 28.
879 1449 1001 1518 -per
1037 1451 1190 1517 quae
1235 1430 1613 1519 intelligitur,
1666 1433 1825 1519 quod
1867 1441 2341 1506 consummatura

225 1531 324 1596 sit‘
338 1553 523 1596 omne
549 1551 753 1594 verum
778 1530 1124 1603 ·Ecclesiae;
1173 1540 1232 1596 et
1272 1540 1415 1596 tune
1453 1534 1564 1597 erit
1590 1533 1760 1609 Nox,
1813 1533 1949 1620 quia
1978 1554 2185 1600 verum
2226 1534 2340 1598 Ec-

226 1633 453 1697 clesiae
484 1640 570 1696 est
598 1630 715 1696 lux.
785 1631 1007 1696 Similia
1051 1631 1123 1696 de
1159 1631 1270 1698 hac
1308 1631 1568 1700 Ecclesia
1612 1633 2032 1719 praedicuntur
2071 1635 2239 1722 plura
2280 1636 2341 1698 in

225 1727 636 1822 Apocalypsi,
672 1733 956 1820 imp-rimis
983 1732 1123 1820 Cap.
1153 1732 1317 1811 XVI,
1359 1734 1460 1800 ubi
1494 1736 1686 1822 agitur
1713 1736 1785 1798 de
1814 1734 2023 1823 phialis
2058 1735 2181 1800 irae
2208 1737 2341 1812 Dei,

228 1832 520 1898 effusissin
549 1843 804 1910 terram,
861 1855 966 1920 per
1007 1856 1154 1921 quas
1194 1834 1601 1919 significantur
1641 1835 1950 1910 falsitates,
2003 1857 2155 1921 quae
2200 1847 2340 1902 tunc

230 1934 564 2002 Ecclesiam
594 1936 968 2000 inundabunt
996 1944 1055 1998 et
1086 1935 1349 2024 perdent.
1406 1936 1684 2001 Similiter
1712 1937 1906 2002 multis
1932 1938 1990 2000 in
2018 1936 2160 2002 locis
2185 1939 2341 2026 apud

234 2035 606 2124 Prophetas,
647 2047 727 2126 'ut
771 2038 829 2100 in
875 2034 972 2101 his
1011 2037 1278 2112 „Nonne
1319 2037 1595 2104 tenebrae
1638 2037 1770 2103 dies
1812 2037 2080 2104 Jehovae
2120 2053 2178 2103 et
2220 2063 2343 2104 non

240 2134 396 2214 lux,
450 2137 649 2230 caligo
686 2152 743 2202 et
787 2163 909 2205 non
953 2135 1303 2231 splendor,“
1366 2136 1548 2203 Amos
1590 2135 1670 2203 V:
1735 2145 1833 2203 18.
1880 2145 1983 2206 20.
2049 2140 2226 2228 Zeph.
2279 2140 2341 2203 1:

241 2241 348 2301 15.
403 2248 527 2303 tum
546 2290 561 2317 ,
616 2239 694 2305 In
723 2238 825 2304 die
850 2238 960 2304 illo
992 2237 1276 2331 despiciet
1299 2237 1578 2306 Jehovah
1614 2244 1675 2304 in
1719 2255 1964 2317 terram,
2014 2264 2170 2333 quae
2210 2264 2345 2308 ecce

237 2339 546 2415 tenebrae,
597 2355 654 2406 et
681 2339 797 2406 lux
825 2341 1263 2407 obtenebrescet
1312 2344 1374 2406 in
1418 2344 1609 2406 ruinis
1653 2346 1844 2419 sui5,“
1900 2342 2056 2430 Esaj.
2100 2343 2181 2411 V:
2232 2347 2334 2410 30.

241 2439 389 2529 Cap.
419 2442 595 2506 VIII:
646 2447 762 2516 223
816 2444 937 2507 dies
963 2441 1234 2507 Jehovae
1263 2451 1349 2507 est
1383 2442 1505 2507 dies
1537 2444 1825 2509 adventus
1856 2444 2111 2510 Domini.

405 2544 553 2604 ¹162.
610 2541 1069 2631 Quodquatuor
1107 2543 1407 2609 Ecclesiae
1445 2554 1574 2631 post
1619 2544 1993 2611 Creationem
2036 2547 2242 2613 Mundi
2280 2550 2341 2612 iu

250 2639 370 2704 hac
409 2642 644 2707 Tellure
688 2647 1040 2717 exstiterint,
1095 2654 1181 2710 est
1209 2644 1531 2711 secundum
1575 2647 1836 2712 ordinem
1878 2649 2185 2727 Divinum,
2226 2650 2340 2735 -qui

247 2752 375 2818 est,
426 2744 585 2830 quod
622 2745 968 2834 principium
1008 2746 1081 2810 sit
1110 2756 1167 2810 et
1195 2746 1321 2832 ejus
1348 2745 1511 2823 finis,
1565 2759 1879 2834 antequam
1919 2771 2139 2813 novum
2184 2748 2342 2835 prin-

241 2844 460 2931 cipium
492 2848 779 2932 exsurgit:
831 2847 967 2911 inde
994 2855 1114 2923 est,
1162 2849 1318 2934 quod
1347 2850 1539 2914 omnis
1563 2848 1686 2913 dies
1710 2848 1943 2915 inchoet
1971 2871 2004 2911 a
2032 2869 2238 2924 mane,
2280 2857 2341 2912 et
2444 2904 2462 2915 .

237 2947 696 3034 progrediatur,
749 2957 807 3011 et
849 2948 1077 3013 desinat
1102 2949 1162 3010 in
1194 2959 1462 3026 noctem,
1517 2959 1574 3016 et
1619 2959 1748 3038 post
1785 2949 1939 3013 hanc
1979 2969 2013 3011 e
2054 2970 2211 3011 novo
2248 2947 2340 3011 in·

235 3046 444 3110 cheat:
498 3057 622 3114 tum
653 3049 812 3134 quod
842 3049 1031 3114 omnis
1061 3071 1249 3114 annus
1275 3049 1617 3114 exordiatur
1642 3071 1675 3114 a
1705 3069 1879 3118 vere,
1930 3057 1988 3113 et
2016 3069 2120 3137 per
2150 3058 2339 3113 aesta-

235 3158 358 3212 tem
409 3150 822 3236 progrediatur
867 3151 940 3214 ad
986 3160 1366 3226 autumnum,
1438 3161 1494 3213 et
1551 3151 1775 3217 desinat
1821 3150 1878 3211 in
1922 3148 2229 3239 hyemem,
2280 3158 2341 3215 et

233 3260 374 3340 post
399 3248 552 3314 hanc
578 3253 790 3323 iterum
821 3251 1193 3326 exordiatur3
1248 3260 1313 3314 ut
1356 3250 1505 3314 haec
1543 3251 1718 3328 fiant,
1770 3259 1858 3316 est
1896 3250 2051 3337 quod
2076 3250 2182 3314 Sol
2208 3273 2335 3315 sur-

231 3359 344 3440 gat
369 3351 428 3413 in
465 3351 743 3427 Oriente,
798 3361 854 3415 et
894 3352 1101 3417 exinde
1130 3373 1234 3438 per
1261 3350 1562 3416 meridiem
1612 3351 2024 3441 progrediatur
2061 3354 2120 3414 in
2161 3351 2337 3417 Occi-

231 3455 511 3529 dentem,
563 3463 623 3517 et
667 3454 897 3520 desinat
939 3453 997 3517 in
1041 3453 1532 3539 septentrionem,
1586 3474 1618 3516 e
1660 3476 1774 3541 qua
1818 3474 2021 3519 rursus
2056 3454 2334 3519 exoritur.

229 3551 450 3618 Simile
472 3563 560 3618 est
587 3575 717 3621 cum
749 3552 1023 3619 Ecclesiis
1041 3601 1056 3628 ,
1107 3554 1307 3620 Prima
1337 3555 1566 3619 illarum
1595 3576 1746 3643 quae
1775 3555 2195 3642 antiquissima,
2231 3555 2341 3620 fuit

228 3656 390 3719 sicut
416 3675 619 3731 mane,
673 3677 778 3719 ver
805 3664 862 3720 et
900 3654 1132 3726 oriens;
1181 3656 1386 3720 Altera
1423 3676 1526 3721 seu
1568 3656 1810 3743 antiqua
1858 3656 1968 3723 fuit
2005 3659 2156 3722 sicut
2197 3658 2338 3734 dies,

230 3763 431 3819 aestas
457 3765 517 3818 et
543 3757 845 3828 meridies;
890 3756 1095 3820 Tertia
1122 3756 1270 3821 sicut
1300 3778 1562 3844 vespera,
1604 3767 1918 3823 autumnus
1945 3767 2002 3823 et
2034 3758 2336 3832 occidens;

230 3865 296 3920 et
327 3856 555 3936 Quarta
585 3857 737 3921 sicut
759 3879 878 3922 nox
896 3906 911 3934 ,
963 3856 1219 3948 hyems,
1257 3867 1316 3920 et
1341 3859 1678 3946 septentrio.
1749 3858 1837 3922 Ex
1863 3859 1955 3924 his
1978 3860 2337 3946 progressio·

139 3994 155 4002 -
228 3956 411 4021 nibus
435 3957 1094 4037 secuudumordinem,
1147 3960 1438 4047 sapientes
1475 3954 1714 4047 Antiqui
1756 3961 2168 4024 concluserunt
2191 3980 2338 4045 qua-

226 4069 373 4122 tuor
397 4057 644 4134 Aetates
669 4060 912 4136 Mundi,
951 4080 1200 4147 quarum
1230 4059 1476 4149 primam
1507 4060 1804 4125 vocabant
1829 4081 2091 4136 auream,
2129 4081 2337 4124 secun-

228 4162 371 4224 dam
402 4171 778 4249 argenteam,
831 4161 1063 4227 tertiam
1088 4182 1402 4250 cupream,
1454 4168 1512 4224 et
1554 4171 1824 4249 quartam
1864 4159 2147 4235 ferream,
2202 4178 2332 4223 cum

227 4261 449 4353 quibus
489 4263 741 4328 metallis
780 4263 957 4328 etiam
1001 4263 1158 4350 ipsae
1202 4261 1500 4326 Ecclesiae
1540 4267 2016 4348 repraesentatae
2054 4268 2187 4338 sunt
2232 4277 2337 4343 per
