2750 4775
488 378 643 431 xlv.
727 376 1412 430 CONSUMMATlo
1455 379 1843 433 SAECULI
1902 379 2069 435 E'rc.
2227 392 2334 441 5⁰3

210 534 459 619 ciproca
488 528 742 596 bominis
769 551 905 594 cum
935 531 1099 605 Deo,
1150 539 1209 594 et
1245 531 1502 596 alterum
1544 530 1659 595 hoc
1682 533 2052 619 reciprocum
2084 556 2204 599 uon
2232 536 2338 601 da·

208 633 335 697 hile
377 641 501 706 est,
564 630 678 694 nisi
716 653 849 694 cum
889 631 1021 703 Deo
1062 630 1298 696 visibili.
1392 631 1568 712 Quod
1617 632 1781 696 Deus
1835 643 1972 696 ante
2011 646 2332 701 assumtum

211 734 608 807 Humanum,
661 752 783 794 non
813 731 1058 796 visibilis
1096 732 1312 805 fuerit,
1365 733 1539 796 docet
1580 742 1638 796 et
1679 732 1811 819 Ipse
1851 733 2143 799 Dominus
2180 737 2334 822 apud

206 833 562 903 Iohannem
581 877 600 906 ,
649 832 804 898 Non
830 854 1039 896 vocem
1070 833 1281 897 Patris
1307 831 1630 898 audivistis
1658 857 1943 923 unquam,
1987 857 2177 925 neque
2201 859 2337 926 spe-

205 938 370 999 ciem
415 934 629 1024 Ipsius
673 931 949 1006 vidistis,
1026 933 1169 1019 Cap.
1217 933 1301 998 V:
1352 937 1473 1005 373
1527 943 1586 996 et
1633 933 1786 1016 apud
1834 935 2081 1008 Moeen,
2155 935 2340 1019 Quod

211 1057 400 1099 nemo
451 1032 664 1100 videre
706 1037 905 1125 possit
956 1033 1183 1109 Deum,
1235 1047 1292 1097 et
1340 1037 1579 1108 vivere,
1634 1033 1821 1097 Exod.
1877 1033 2179 1099 XXXIII:
2229 1040 2333 1101 20.

210 1135 406 1214 Quod
446 1144 644 1197 autem
685 1133 957 1198 videatur
1000 1155 1104 1219 per
1143 1133 1487 1198 Humanum
1531 1132 1749 1221 Ipsius,
1803 1134 1959 1224 apud
1996 1134 2337 1199 ,Iohannem

211 1235 461 1313 „Deum
488 1257 660 1299 nemo
700 1232 860 1300 vidit
903 1258 1195 1325 unquam,
1258 1234 1620 1324 Unigenitus
1661 1233 1894 1311 Filius,
1944 1239 2053 1326 qui
2091 1239 2155 1300 in
2195 1239 2338 1302 sinu

212 1337 441 1402 Patris
469 1350 577 1412 est,
605 1333 729 1399 Ille
753 1338 1059 1427 exposuit,
1108 1335 1251 1421 Cap.
1289 1334 1349 1397 I:
1400 1340 1510 1407 183
1564 1345 1624 1399 et
1665 1334 1819 1422 apud
1848 1335 2141 1412 Eundem,
2181 1337 2333 1412 „Je-

207 1461 332 1502 sus
359 1435 526 1501 dixit
549 1435 689 1526 Ego
716 1460 847 1500 sum
874 1438 1004 1511 via,
1044 1439 1277 1500 veritas
1301 1449 1358 1499 et
1384 1439 1537 1509 vita,
1581 1459 1753 1501 nemo
1782 1439 1950 1500 venit
1977 1435 2067 1500 ad
2088 1436 2336 1503 Patrem

212 1540 352 1602 nisi
368 1559 483 1628 per
509 1536 650 1609 Me;
692 1538 799 1628 qui
822 1540 1129 1625 cognoscit
1156 1538 1287 1609 Me,
1314 1538 1917 1626 cognoscit-Patrem,
1953 1551 2009 1601 et
2037 1541 2144 1628 qui
2165 1538 2339 1605 videt

212 1638 376 1711 Me,
422 1635 590 1702 videt
632 1636 940 1710 Patrem,“
996 1635 1137 1723 Cap.
1190 1636 1365 1702 xlv:
1427 1641 1483 1699 6.
1536 1642 1592 1700 7.
1640 1643 1709 1701 9:
1776 1637 1954 1717 Quod
1998 1637 2336 1721 conjunctio

191 1739 293 1803 ‘sit
321 1759 458 1800 cum
491 1738 621 1801 Deo
655 1736 936 1802 invisibili
969 1758 1074 1821 per
1113 1736 1309 1824 Ipsum
1342 1736 1666 1814 visibilem,
1718 1738 1798 1800 ila
1848 1759 1952 1821 per
1995 1737 2335 1815 Dominum,

211 1838 400 1902 docet
442 1838 571 1925 Ipse
614 1837 672 1900 in
727 1836 818 1901 his
864 1836 1006 1900 locis
1044 1838 1271 1912 „Jesus
1315 1835 1516 1911 dixit,
1587 1852 1820 1904 manete
1860 1842 1921 1900 in
1962 1838 2106 1911 Me,
2157 1843 2337 1904 etiam

215 1938 368 2029 Ego
413 1941 477 2004 in
516 1938 891 2028 vobim-qui
932 1951 1140 2002 manet*
1174 1942 1237 2001 in
1291 1938 1432 2012 Me,
1485 1952 1542 2004 et
1581 1939 1725 2028 Ego
1776 1942 1839 2002 in
1885 1935 2025 2013 illo,
2076 1936 2174 2006 hic
2194 1936 2338 2027 sert

188 2035 484 2127 fructum
516 2036 785 2111 multum,
813 2037 951 2102 Joh.
986 2038 1114 2103 XV:
1148 2043 1204 2102 4.
1238 2043 1296 2102 5.
1327 2038 1408 2102 In
1444 2035 1558 2130 illa
1586 2038 1686 2104 die
1712 2041 2117 2129 cognoscetis,
2170 2039 2339 2130 quod

217 2140 368 2228 Ego
394 2143 454 2202 ia
484 2140 692 2214 Patre,
743 2151 800 2202 et
827 2163 948 2203 vos
976 2142 1036 2202 in
1064 2139 1194 2214 Me,
1246 2152 1304 2203 et
1332 2137 1472 2228 Ego
1499 2142 1563 2201 in
1589 2138 1790 2214 vobis,
1842 2136 1983 2202 Joh.
2014 2139 2185 2204 XIV:
2223 2144 2331 2204 20.

216 2238 366 2329 Ego
387 2238 665 2328 gloriam,
705 2260 885 2330 quam
914 2238 1139 2305 dedisti
1165 2237 1348 2314 Mihi,
1390 2238 1537 2303 dedi
1559 2237 1705 2315 illis,
1738 2243 1949 2303 utsint
1977 2263 2181 2315 unum,
2219 2244 2337 2304 sic-

220 2353 292 2405 ut
317 2363 431 2405 nos
460 2366 640 2405 unum
668 2363 911 2415 sumus,
955 2339 1094 2429 Ego
1124 2342 1185 2404 in
1216 2337 1342 2404 illis
1368 2353 1425 2404 et
1458 2340 1550 2404 Tu
1589 2344 1650 2404 in
1682 2340 1811 2417 Me,
1866 2353 1929 2404 ut
1955 2363 2159 2416 amor,
2213 2365 2334 2434 quo

226 2445 455 2506 amasti
479 2442 608 2516 Me,
658 2445 721 2506 in
760 2439 888 2504 illis
922 2444 1019 2518 sit,
1059 2454 1119 2505 et
1141 2440 1281 2530 Ego
1309 2443 1374 2504 in
1404 2439 1590 2515 illis‚“
1641 2441 1779 2506 Joh.
1812 2440 1953 2529 Cap.
1984 2438 2190 2507 XVII:
2224 2447 2329 2507 21.

227 2544 341 2605 2⁶2.
373 2544 477 2602 ⁶23.
509 2544 613 2604 26.
666 2551 724 2603 et
748 2562 985 2627 quoque
1013 2542 1156 2627 Cap.
1188 2541 1300 2611 VI:
1337 2546 1437 2604 56.
1492 2542 1648 2606 Tum
1691 2543 1850 2628 quod
1889 2541 2071 2608 Pater
2109 2552 2169 2606 et
2194 2542 2330 2628 Ipse

230 2659 426 2703 unum
466 2639 611 2711 sinn
677 2649 734 2704 el
779 2641 934 2727 quod
978 2642 1337 2707 credendum
1381 2642 1454 2705 sit
1499 2640 1560 2705 in
1621 2643 1817 2730 Ipsum
1864 2652 1928 2706 ut
1972 2643 2103 2730 quis
2147 2645 2332 2711 vitam

223 2747 540 2804 aeternam
568 2739 795 2804 habeat.
844 2742 1021 2824 Quod
1050 2744 1210 2809 salus
1233 2741 1492 2830 pendeat
1514 2763 1550 2807 a
1578 2742 1996 2831 conjunctione
2024 2760 2155 2806 cnm
2184 2743 2332 2821 Deo,

218 2860 406 2929 snpra
431 2841 631 2906 mullis
661 2850 958 2909 ostensum
990 2852 1098 2908 est.

331 2946 366 3005 '1
376 2946 485 3012 88.
513 2941 691 3021 Quod
712 2941 859 3005 haec
879 2942 1138 3007 Ecclesia
1158 2965 1501 3009 successura
1520 2943 1593 3008 sit
1611 2941 1909 3016 Ecclesiis,
1938 2960 2092 3026 quae
2113 2959 2147 3004 a
2175 2940 2335 3028 prin-

217 3041 377 3128 cipio
408 3042 617 3107 Mundi
645 3044 1016 3118 exstiterunt,
1052 3052 1111 3106 et
1132 3045 1290 3130 quod
1311 3043 1598 3109 duratura
1625 3044 1698 3106 sit
1723 3043 1783 3104 in
1810 3040 2044 3104 saecula
2063 3039 2332 3104 saecul&

215 3164 387 3215 rum.;
440 3151 500 3205 et
529 3144 685 3228 qnod
716 3144 798 3206 sic
825 3141 1025 3231 futura
1051 3143 1126 3207 sit
1154 3143 1391 3209 Corona
1421 3145 1683 3207 omnium
1713 3138 2124 3214 Ecclesiarum,
2182 3161 2333 3226 quae

219 3252 403 3308 autea
436 3242 710 3318 fuerunt,
762 3242 1142 3331 prophetavit
1175 3243 1422 3314 Daniel;
1478 3244 1728 3329 primum
1764 3241 1903 3304 dum
1934 3240 2236 3319 enarravit
2273 3251 2333 3304 et

216 3342 500 3430 explicuit
528 3341 1063 3408 Nebucbadnezari
1091 3346 1385 3410 somnium
1413 3344 1539 3428 ejus
1566 3343 1639 3407 de
1668 3351 1925 3427 quatuor
1952 3340 2194 3426 Regius,
2229 3361 2336 3428 per

219 3464 379 3530 quae
414 3443 820 3529 intelliguntur
859 3454 1117 3530 quatuor
1143 3444 1445 3509 Ecclesiae
1490 3465 1594 3530 per
1629 3444 1902 3507 Statuam
1932 3442 1985 3503 ei
2015 3442 2200 3506 visam
2238 3461 2336 3505 re·

217 3554 636 3632 praesentatae
656 3592 673 3619 ‚
728 3544 945 3618 dicens,
1000 3546 1080 3610 In
1126 3545 1339 3611 diebus
1383 3542 1594 3609 horum
1635 3565 1881 3632 surgere
1908 3537 2115 3628 faciet
2166 3543 2337 3608 Deus

221 3642 550 3710 Caelorum
574 3643 880 3734 Regnum,
933 3643 1102 3736 quod
1126 3650 1191 3711 in
1220 3643 1475 3712 saecula
1499 3669 1621 3710 non
1642 3644 1895 3737 peribit,
1949 3656 2007 3708 et
2030 3656 2338 3709 consumet

217 3747 430 3811 omnia
454 3742 568 3809 illa
593 3744 830 3836 Regna,
884 3744 1047 3810 illud
1072 3761 1268 3812 autem
1297 3746 1481 3811 stabit
1507 3750 1570 3810 in
1596 3743 1865 3820 saecula,
1920 3744 2061 3831 Cap.
2092 3745 2185 3809 II:
2227 3746 2331 3807 44.

217 3854 282 3910 el
310 3844 472 3932 quod
500 3844 614 3909 hoc
653 3845 753 3910 {iet
799 3867 903 3935 per
930 3846 1225 3938 Lapidem
1241 3843 1496 3935 factum
1525 3851 1591 3910 in
1615 3846 1867 3911 Petram
1904 3868 2194 3934 magnam
2229 3847 2338 3909 im-

208 3944 480 4039 plentem
522 3969 755 4011 omnem
788 3948 1054 4021 Terram,
1101 3948 1266 4013 Vers.
1312 3951 1432 4019 352
1490 3970 1594 4036 per
1629 3947 1870 4012 Petram
1913 3945 1972 4006 in
2002 3945 2205 4010 Verbo
2245 3945 2335 4006 in-

217 4045 509 4133 telligitur
539 4045 833 4111 Dominus
873 4046 1074 4133 quoad
1103 4048 1388 4112 Divinum
1416 4049 1659 4113 Verum.
1742 4046 1818 4110 Et
1854 4044 2011 4108 idem
2036 4043 2338 4130 Propheta

216 4147 363 4211 alibi
415 4146 540 4224 „V
536 4145 711 4213 ideas
731 4144 852 4235 fui
875 4150 938 4212 in
976 4147 1319 4212 visionibus
1361 4152 1588 4223 noctis,
1642 4161 1699 4212 et
1727 4168 1861 4210 ecce
1886 4168 2023 4207 cum
2049 4142 2339 4209 Nubibus

219 4246 544 4315 Caelorum
573 4252 729 4313 sicut
763 4246 960 4313 Filius
988 4246 1275 4322 homini5‚
1327 4262 1386 4312 et
1415 4248 1577 4312 Huic
1607 4245 1817 4312 datum
1842 4257 1942 4308 est
1968 4244 2340 4313 Dominiuui,
