2750 4775
660 325 817 381 v111.
898 325 1307 380 LIBERUM
1379 324 1918 382 ARBITRIUM.
2277 337 2350 388 37

249 480 350 546 filo
380 479 545 545 Fidei
583 488 643 544 et
670 477 1021 555 charitatis,
1072 489 1209 545 sunt
1244 477 1441 567 plures
1478 478 1714 556 noduli,
1757 502 1905 566 quos
1929 502 2036 545 uos
2074 474 2355 546 sa’cerd'o-

249 593 341 647 tes
366 583 554 647 solum
585 580 815 648 solvere
844 602 1168 668 possumus.
1224 579 1302 645 Et
1328 590 1473 644 tunc
1497 603 1649 644 unus
1674 602 1746 644 ex
1770 581 2202 659 sacerdotibus,
2250 583 2352 670 qui

245 692 384 750 erat
422 683 579 746 inter
618 704 762 747 oves
801 703 833 745 a
876 681 1124 758 dextriS,
1187 682 1441 746 surrexit
1479 691 1537 745 et
1588 681 1760 755 dixit,
1810 684 2237 769 responderunt
2275 684 2351 750 ad

250 803 393 860 vos,
444 782 601 869 quod
642 784 724 847 ita
762 784 866 859 sit,
918 783 1020 847 sed
1063 782 1136 846 ad
1174 803 1313 847 suos
1349 784 1510 869 quod
1547 801 1668 846 non
1713 783 1794 848 ita
1833 782 1940 858 sit,
1988 784 2159 847 aliter
2195 786 2350 852 enim

252 888 546 970 cogitant:
600 905 786 970 quare
823 884 1281 968 quaesiverunt,
1336 884 1639 972 quomodo
1677 893 1817 948 tunc
1849 883 2142 969 cogitant,
2195 887 2354 971 cogi-

249 996 459 1054 tantne
497 987 648 1050 sicut
686 986 931 1058 docent;
987 984 1129 1048 dixit
1157 984 1287 1060 ille,
1341 1007 1491 1061 uon,
1534 985 1799 1071 cogitant
1837 985 1996 1069 quod
2036 1005 2210 1048 omne
2247 985 2355 1050 bo·

247 1109 397 1153 num
426 1085 750 1161 charitatis,
798 1086 956 1171 quod
987 1093 1235 1150 vocatur
1260 1086 1484 1150 bonum
1510 1108 1679 1171 opus,
1734 1086 1892 1172 quod
1920 1084 2086 1150 {it-ab
2115 1080 2357 1152 homine

250 1198 496 1277 propter
535 1188 783 1253 salutem
826 1207 899 1250 ac
940 1187 1118 1251 vitam
1161 1196 1499 1264 aeternam,
1552 1188 1759 1251 nonin
1798 1186 2038 1251 minima
2080 1195 2247 1274 parte
2277 1187 2353 1252 sit

250 1291 509 1364 bonum,
559 1308 634 1353 ex
672 1309 882 1363 causa,
932 1287 1073 1374 quia
1108 1286 1289 1354 homo
1330 1309 1436 1376 per
1460 1310 1610 1375 opus
1636 1309 1669 1353 a
1697 1309 1760 1354 se
1791 1285 1916 1352 vult
1942 1296 2128 1353 semet
2165 1288 2359 1376 ipsum

247 1391 519 1465 salvare,
575 1388 929 1456 vindicando
962 1389 1077 1454 sibi
1107 1389 1387 1476 justitiam
1420 1402 1478 1455 et
1506 1389 1783 1454 meritum
1813 1389 1986 1453 unius
2009 1388 2355 1465 salvatoris,

247 1500 315 1557 et
343 1491 500 1579 quod
528 1491 607 1555 ita
625 1492 709 1563 ,sit
737 1512 868 1554 cum
897 1492 1055 1554 omni
1086 1491 1244 1558 bono
1273 1491 1492 1579 Opere,
1540 1491 1601 1554 in
1627 1512 1748 1577 quo
1775 1489 1957 1554 homo
1984 1490 2159 1554 sentit
2183 1510 2353 1555 suam
2411 1483 2423 1495 ⁹

248 1593 651 1668 voluntatem,
692 1611 875 1677 quare
904 1601 1175 1656 asserunt
1209 1592 1367 1679 quod
1399 1613 1638 1681 prorsus
1662 1590 1828 1656 nulla
1852 1589 2194 1677 conjunctio
2217 1589 2356 1654 fidei

249 1703 314 1759 et
341 1693 645 1760 charitatis
668 1692 774 1768 sit,
825 1701 885 1754 et
923 1713 997 1758 ne
1037 1692 1273 1779 quidem
1314 1694 1476 1781 quod
1504 1694 1679 1759 Fides
1715 1713 1823 1781 per
1849 1693 2005 1756 hona
2038 1712 2219 1780 opera
2258 1685 2354 1756 r'e-

248 1797 516 1862 tineatur
542 1804 601 1857 et
626 1802 1025 1859 conservetur.
1094 1793 1215 1881 Sed,
1250 1794 1523 1860 dixerunt
1550 1816 1582 1858 e
1609 1789 1806 1877 Grege
1832 1793 2100 1870 sinistro,
2152 1793 2356 1879 ioque·

245 1896 332 1962 ris
375 1895 681 1961 mendacia
735 1903 941 1958 contra
996 1893 1163 1968 illos,
1244 1896 1662 1981 praedicamine
1711 1894 2072 1959 Charitatem
2127 1903 2187 1957 et
2230 1894 2358 1981 ejus

247 1999 486 2085 Opera,
539 2016 693 2083 quae
731 2005 949 2061 vocant
987 1994 1186 2081 Opera
1228 1995 1401 2071 fidei,
1452 2016 1653 2060 coram
1691 1995 1863 2059 nobis
1901 1994 2239 2068 manifeste3
2285 2002 2355 2057 .et

229 2098 354 2186 'ille
391 2098 733 2182 respondit,
782 2118 904 2158 non
944 2095 1269 2179 intelligitis
1306 2095 1786 2161 praedicationes
1828 2096 2097 2172 illorum,
2159 2097 2352 2162 solum

254 2197 555 2271 Clericus,
600 2198 702 2282 qui
727 2196 923 2272 adest,
974 2196 1225 2259 attendit
1263 2205 1322 2260 et
1347 2196 1653 2283 intelligit,
1702 2197 1965 2281 cogitant
1993 2198 2171 2261 modo
2200 2196 2354 2262 Cha-

256 2297 498 2363 ritatem
528 2295 836 2371 moralem,
886 2306 947 2360 et
971 2294 1141 2360 Bona
1169 2296 1514 2382 ejus-civilia
1541 2306 1601 2360 et
1629 2297 1899 2384 politica,
1955 2320 2106 2384 quae
2134 2308 2354 2366 vocant

258 2397 431 2475 fidei,
483 2408 543 2463 et
571 2419 807 2483 prorsus
824 2418 950 2469 ‚non
979 2406 1134 2474 sunt,
1183 2398 1360 2465 homo
1390 2400 1545 2464 enim
1573 2399 1780 2464 atheus
1805 2409 1998 2486 potest
2026 2400 2124 2467 ina
2150 2400 2352 2466 simili*

255 2509 355 2565 ter
393 2511 454 2564 et
499 2501 609 2565 sub
656 2499 862 2563 eadem
907 2497 1099 2563 forma
1161 2499 1389 2574 facere;
1474 2521 1659 2589 quare
1716 2501 2073 2566 unanimiter
2128 2503 2353 2581 dicunt,

251 2602 417 2688 quod
460 2622 636 2666 nemo
674 2621 780 2687 per
819 2599 1016 2687 aliqua
1058 2621 1239 2687 opera
1278 2601 1580 2678 salvetur,
1632 2602 1736 2666 sed
1775 2622 1880 2689 per
1916 2602 2101 2667 solam
2140 2601 2349 2668 fidem:

248 2723 463 2770 verum
503 2701 831 2767 illustretur
868 2700 982 2765 hoc
1025 2722 1129 2789 per
1165 2704 1671 2790 comparationes;
1726 2703 1904 2784 Quod
1929 2698 2127 2769 Arbor
2166 2704 2351 2792 pomi·

246 2801 379 2869 sera
417 2802 707 2891 producat
745 2823 950 2890 poma,
1003 2803 1103 2867 sed
1144 2802 1192 2868 si
1231 2804 1414 2870 homo
1452 2803 1594 2869 facit
1625 2804 1782 2868 hona
1812 2813 2055 2892 propter
2078 2803 2349 2881 salutem,

248 2904 402 2971 sicut
432 2905 614 2969 arbor
636 2906 733 2969 illa
764 2924 936 2988 poma
967 2924 1075 2989 per
1099 2904 1479 2981 continuum,
1530 2915 1673 2971 tunc
1699 2927 1871 2993 poma
1911 2904 2010 2970 illa
2049 2905 2210 2971 intus
2245 2928 2351 2994 pu·

245 3005 373 3087 tida
410 3014 580 3080 sunt,
632 3014 691 3069 et
729 3003 899 3091 plena
945 3005 1275 3073 vermibus:
1320 3006 1531 3071 ‘dicunt
1565 3006 1752 3069 etiam
1772 3007 1932 3092 quod
1958 3007 2107 3072 vitis
2134 3007 2352 3094 produ·

251 3116 352 3171 cat
393 3128 569 3180 uvas,
634 3107 737 3171 sed
777 3106 827 3170 si
870 3103 1050 3169 homo
1094 3105 1360 3172 facturus
1402 3116 1553 3172 esset
1596 3106 1751 3171 bona
1790 3107 2149 3194 spiritualia,
2199 3108 2353 3172 sicut

245 3208 386 3276 vitis
414 3229 578 3282 uvas,
631 3207 853 3272 faceret
881 3192 1197 3273 labruscas.
1254 3210 1502 3274 Attum:
1528 3208 1976 3294 quaesiverunt,
2016 3207 2211 3296 qualia
2239 3208 2351 3273 iuis

246 3319 388 3375 sunt
414 3309 570 3373 bona
601 3307 917 3373 Charitatis
941 3330 1045 3372 seu
1076 3329 1258 3393 opera
1287 3331 1441 3396 quae
1470 3318 1606 3377 sunt
1633 3308 1859 3374 fructus
1883 3308 2053 3383 fidei,
2103 3326 2354 3394 respon·-
2419 3326 2422 3329 ·

246 3409 354 3486 dit,
404 3410 565 3495 quod
594 3408 748 3472 sorte
774 3408 1294 3494 sintinconspicua
1324 3411 1539 3474 alicubi
1568 3430 1752 3496 prope
1777 3409 1973 3486 fidem,
2019 3408 2121 3481 ,cui
2149 3417 2347 3473 tamen

247 3533 373 3581 non
401 3510 737 3582 cohaerent,
791 3518 926 3574 sunt
951 3511 1102 3577 sicut
1128 3511 1358 3587 umbra,
1415 3533 1566 3597 quae
1594 3532 1626 3574 a
1659 3520 1832 3596 tergo
1858 3510 2124 3597 sequitur
2160 3509 2353 3575 homi-

247 3633 418 3686 nem,
469 3609 708 3697 quando
744 3620 973 3696 spectat
1006 3612 1083 3675 ad
1123 3611 1341 3687 solem,
1393 3633 1571 3697 quam
1613 3612 1886 3676 umbram
1925 3632 2043 3676 non
2082 3612 2351 3677 animad-

245 3713 475 3788 vertit,
512 3712 620 3776 nisi
657 3733 721 3777 se
763 3721 1102 3785 convertat;
1154 3712 1273 3776 imo
1316 3734 1549 3800 possum
1579 3713 1823 3786 uicere,
1875 3712 2033 3799 quod
2060 3714 2175 3779 sint
2199 3714 2359 3781 sicut

249 3813 478 3881 caudae
517 3814 809 3899 equinae,
855 3834 1006 3900 quae
1033 3810 1207 3878 hodie
1238 3814 1505 3900 pluribus
1533 3815 1593 3877 in
1626 3813 1770 3878 locis
1797 3823 2211 3900 amputantur,
2263 3816 2353 3883 di-

247 3923 482 3991 centes,
532 3913 674 4002 quid
701 3936 835 3995 cum
865 3915 1007 3990 illis,
1057 3915 1135 3980 ad
1162 3914 1304 3980 nibil
1331 3916 1724 3991 conducunt,
1743 3914 1803 3979 -si
1828 3912 2152 3985 adhaerent
2174 3938 2353 4004 equo,

246 4014 420 4081 facile
461 4015 901 4103 inquinantun.
931 4012 1021 4080 his
1046 4017 1260 4082 auditis
1300 4016 1513 4104 aliquis
1550 4036 1623 4081 ex
1661 4016 1898 4089 sinistro
1943 4035 2122 4102 grege
2151 4018 2353 4086 ovium

251 4117 590 4204 indignatus
620 4117 792 4192 dixit,
838 4118 1083 4182 omnino
1108 4127 1199 4183 est
1224 4117 1424 4205 aliqua
1454 4117 1793 4202 conjunctio
1811 4164 1829 4193 ,
1883 4116 2183 4203 quomodo
2210 4118 2359 4182 alio0

250 4219 392 4304 quin
431 4229 678 4306 possunt
721 4218 923 4283 vocari
964 4239 1145 4305 opera
1185 4217 1360 4293 fidei,
1414 4216 1570 4282 forte
1606 4216 1762 4285 bona
1809 4214 2183 4305 charitatisa
2216 4217 2350 4283 Deo
