2750 4775
388 375 1167 434 ΑυΒιΤΑΜΕΝΤυΜ.
1214 408 1279 419 -
1325 377 1745 434 neumam
1787 380 1875 433 IN
1917 380 1996 438 M.
2041 379 2160 439 SP.
2245 391 2352 442 323

223 543 287 598 ‘et
319 533 483 598 mala
513 543 576 595 ut
608 541 851 619 peccata
885 553 1003 594 non
1044 530 1309 617 fugiunt,
1361 551 1426 596 se
1466 532 1523 594 in
1567 532 2004 598 damnationem
2044 543 2352 600 aeternam

226 634 595 719 conjiciant,
651 642 710 696 et
753 632 914 719 quod
960 633 1264 718 alioquin,
1317 632 1366 696 si
1410 632 1486 695 ad
1531 630 1809 696 Sanctam
1858 634 2352 701 communionem

224 734 623 809 accederent,
677 732 969 798 Diabolus
994 733 1052 795 in
1080 732 1212 798 illos
1240 732 1567 797 intraturus
1594 742 1747 797 esset
1773 735 1925 798 sicut
1953 735 2014 798 iu
2040 736 2077 799 J
2087 736 2282 800 udam.

479 959 595 1024 DE
646 955 1072 1024 GERMANIS
1125 957 1212 1024 IN
1271 956 1578 1023 MUNDO
1629 957 2119 1024 SPIRITUALI.

381 1140 541 1201 813.
597 1137 824 1202 Notum
868 1146 988 1209 est,
1044 1135 1204 1220 quod
1250 1133 1492 1198 Incolae
1534 1135 1791 1218 cujusvis
1835 1135 2029 1223 Regni
2075 1136 2246 1202 divisi
2292 1138 2352 1201 in

227 1240 440 1326 ptores
466 1236 850 1310 Provincias,
904 1256 1021 1298 non
1047 1235 1222 1299 simili
1249 1236 1427 1321 genio
1454 1235 1603 1310 sint,
1644 1244 1707 1298 et
1734 1236 1892 1322 quod
1922 1237 2077 1301 inter
2099 1258 2163 1301 se
2191 1236 2352 1303 diffe-

223 1348 373 1405 rant
416 1338 828 1424 singulariter,
880 1336 1031 1401 sicut
1073 1334 1490 1402 universaliter
1532 1334 1898 1402 habitatores
1951 1336 2262 1402 Climatum
2290 1339 2353 1403 in

225 1452 530 1507 terrarum
559 1439 756 1511 Orbe;
810 1436 913 1501 sed
942 1436 1101 1522 quod
1131 1458 1318 1523 usque
1344 1437 1673 1500 communis
1699 1435 1924 1501 Genius
1960 1447 2170 1524 regnet
2196 1438 2353 1504 inter

224 1542 370 1605 illos
388 1541 496 1625 qui
522 1540 632 1603 snb
664 1557 784 1601 uno
810 1538 974 1622 Rege
1003 1547 1061 1601 et
1089 1537 1224 1601 inde
1250 1537 1362 1602 sub
1392 1558 1506 1600 una
1535 1546 1759 1601 statuta
1787 1538 1946 1624 Lege
1974 1547 2124 1603 sunt.
2173 1539 2350 1620 Quod

211 1639 623 1706 ‘Germaniam
653 1638 897 1715 attinet,
951 1647 1039 1701 est
1069 1637 1166 1700 illa
1200 1659 1338 1724 prae
1373 1638 1597 1724 Regnis
1627 1638 1845 1701 circum
1887 1637 2048 1702 illam
2074 1639 2351 1706 divisasin

229 1743 434 1830 plures
460 1740 763 1810 Ditiones3
816 1748 903 1803 est
929 1739 1012 1801 ibi
1040 1738 1395 1823 Imperium,
1448 1741 1559 1801 sub
1596 1738 1761 1824 cujus
1802 1738 2120 1805 universali
2158 1741 2352 1828 auspi·

229 1844 334 1906 cio
363 1851 498 1905 sunt
528 1862 763 1916 omnes,
814 1840 914 1905 sed
960 1857 1143 1924 usque
1170 1840 1455 1926 Princeps
1495 1839 1754 1921 cujusvis
1796 1839 2035 1904 ditionis
2076 1841 2205 1927 jure
2249 1841 2353 1905 de-

224 1943 461 2028 spotico
502 1942 723 2029 gaudet
764 1942 821 2004 in
867 1938 1241 2025 particulari,
1279 1949 1428 2003 -sunt
1468 1940 1627 2003 enim
1665 1940 1746 2003 ibi
1790 1940 2057 2006 Ducatus
2094 1942 2352 2028 majores

229 2053 294 2107 et
338 2043 628 2118 minores,
679 2050 739 2105 et
781 2042 1029 2127 quisque
1069 2041 1128 2103 in
1165 2062 1275 2106 suo
1304 2048 1392 2104 est
1429 2048 1714 2126 tanquam
1743 2037 2103 2106 Monarcha:
2146 2050 2217 2106 et
2257 2044 2350 2104 in·

227 2164 411 2229 super
464 2154 551 2207 est
602 2142 684 2207 ibi
735 2142 970 2226 Religio
1018 2141 1255 2215 Divisa,
1307 2141 1368 2202 in
1425 2140 1774 2223 quibusdam
1830 2142 2167 2207 Duc-atibus
2210 2151 2349 2208 sunt

231 2244 580 2329 Evangelici
622 2246 699 2305 ita
744 2240 1063 2326 nominati,
1119 2242 1179 2304 in
1209 2241 1560 2326 quibusdam
1591 2251 1728 2304 suut
1767 2240 2132 2321 Reformati‚
2184 2252 2245 2308 et
2284 2244 2348 2308 in

230 2344 588 2430 quibusdam
617 2352 752 2407 suut
778 2341 1103 2415 Pontificii;
1159 2362 1294 2405 cum
1339 2341 1472 2406 talis
1511 2341 1820 2407 diversitas
1846 2340 2259 2432 Auspiciorum
2290 2354 2350 2411 et

55 2506 57 2541 ἱ
161 2531 165 2535 .
233 2445 416 2508 simul
443 2444 817 2527 Religionum
846 2452 968 2519 est,
1024 2452 1271 2528 possunt
1296 2441 1580 2507 Germani
1609 2445 1845 2528 aegrius
1872 2445 2070 2530 quoad
2102 2448 2348 2523 animos,

236 2544 654 2606 inclinationes
680 2553 736 2606 et
768 2544 911 2609 vitas
938 2565 1010 2607 ex
1042 2540 1179 2609 visis
1207 2538 1263 2606 in
1294 2545 1527 2610 Mundo
1554 2544 1841 2631 spirituali
1870 2546 2139 2622 describi,
2169 2568 2346 2634 quam

235 2642 467 2707 Gentes
494 2653 551 2706 et
579 2643 788 2729 Populi
829 2646 1003 2711 alibi:
1057 2644 1175 2709 Sed
1218 2648 1354 2731 quia
1403 2666 1582 2731 usque
1614 2645 1957 2711 Communis
1988 2646 2212 2712 Genius
2253 2668 2349 2711 re-

229 2752 383 2830 gnat
411 2745 597 2809 ubivis
626 2746 780 2809 inter
806 2745 1064 2832 Populos
1087 2746 1350 2828 ejusdem
1382 2745 1680 2831 Linguae,
1737 2755 1927 2830 potest
1965 2747 2062 2811 ille
2102 2768 2174 2811 ex
2200 2746 2345 2812 ideis

225 2847 289 2909 in
323 2867 504 2908 unum
533 2846 792 2910 collectis
819 2844 1189 2932 aliquatenus
1213 2846 1403 2910 videri
1432 2856 1490 2909 et
1516 2846 1788 2910 describi.

389 2948 535 3011 814.
592 2947 886 3026 Quoniam
917 2946 1199 3011 Germani
1226 2946 1334 3010 sub
1374 2946 1687 3032 Regimine
1724 2944 2027 3031 despotico
2064 2944 2125 3007 in
2168 2945 2348 3031 parti-

225 3048 420 3111 culari
461 3047 523 3109 in
564 3048 777 3134 quovis
808 3047 1042 3111 Dur-atu
1071 3056 1238 3122 sunt,
1294 3048 1426 3108 ideo
1468 3067 1587 3109 non
1630 3055 1764 3110 sunt
1806 3046 1866 3106 in
1905 3043 2210 3108 Libertate
2258 3044 2348 3110 lo·

226 3148 451 3233 quendi
480 3159 536 3210 et
564 3147 861 3211 scribendi
899 3148 1050 3212 sicut
1086 3147 1303 3215 Batavi
1346 3155 1405 3210 et
1441 3145 1745 3222 Britanni,
1797 3155 1855 3207 et
1897 3166 2030 3209 cum
2073 3143 2348 3211 Libertas

222 3248 509 3334 loquendi
537 3258 597 3312 et
624 3249 920 3315 scribendi
968 3249 1228 3314 coercita
1272 3256 1392 3321 est,
1447 3248 1624 3310 etiam
1660 3246 1835 3310 simul
1874 3240 2144 3315 Libertas
2186 3247 2349 3332 cogi·

219 3348 396 3413 tandi
417 3388 445 3425 ,-
496 3347 612 3413 hoc
656 3358 773 3423 est,
823 3348 1225 3438 perspiciendi
1270 3368 1366 3412 res
1408 3347 1467 3409 in
1511 3368 1614 3411 sua
1659 3346 2041 3432 amplitudine
2086 3346 2345 3411 coercita

222 3459 494 3518 tenetur3
548 3459 636 3513 est
664 3450 818 3512 enim
844 3451 1002 3513 sicut
1025 3449 1291 3514 Cisterna
1334 3445 1515 3511 fontis
1542 3448 1763 3510 circum
1808 3447 2060 3521 vallata,
2112 3468 2184 3510 ex
2223 3469 2343 3534 quo

222 3549 375 3614 inibi
404 3571 559 3634 aqua
590 3550 860 3615 elevatur
888 3571 1070 3635 usque
1112 3550 1186 3615 ad
1227 3545 1514 3615 orificium
1547 3548 1786 3623 Venae,
1836 3549 1994 3612 unde
2023 3548 2146 3636 ipsa
2177 3550 2346 3617 Vena

223 3672 352 3715 non
393 3651 529 3715 salit
569 3651 848 3736 ampliuS,
903 3649 1200 3736 Cogitatio
1241 3658 1327 3715 est
1368 3649 1533 3713 sicut.
1566 3669 1748 3725 vena,
1804 3656 1863 3712 et
1902 3649 2169 3737 Loquela
2207 3648 2344 3715 inde

221 3759 314 3815 est
340 3751 493 3813 sicut
519 3750 802 3822 cisterna;
861 3751 1046 3815 verbo
1092 3749 1346 3814 influxus
1383 3772 1444 3814 se
1474 3750 1720 3834 adaptat
1760 3752 2026 3827 effluxui,
2079 3750 2346 3816 similiter

223 3850 570 3917 intellectus
602 3871 633 3917 a
661 3852 950 3938 superiori
980 3853 1056 3915 ad
1089 3853 1381 3915 rationem
1425 3852 1715 3915 libertatis
1746 3850 2070 3937 eloquendi
2109 3861 2170 3915 et
2207 3870 2345 3938 ege-

217 3951 397 4015 rendi
424 3951 713 4037 cogitata:
767 3962 1132 4040 quapropter
1161 3951 1372 4016 nobilis
1406 3950 1706 4016 illa'Gens
1746 3960 1969 4037 parram
1994 3951 2124 4015 litat
2163 3951 2343 4015 rebus

215 4051 462 4137 judicii,
512 4051 836 4117 sed-rebus
878 4053 1231 4123 memoriam
1284 4068 1438 4138 quae
1482 4072 1656 4117 causa
1701 4061 1788 4116 est
1833 4052 1990 4138 quod
2041 4051 2343 4117 Historiae

216 4151 555 4217 Literariae
600 4151 890 4240 imprimis
934 4153 1115 4216 dediti
1156 4154 1302 4226 sint,
1358 4152 1520 4214 etin
1561 4151 1755 4215 Libris
1794 4151 1914 4219 suis
1958 4149 2145 4214 fidant
2184 4150 2342 4212 Viris

213 4251 420 4321 famae
457 4259 523 4315 -et
567 4254 917 4323 eruditionis
956 4254 1109 4318 iuter
1149 4252 1310 4325 illos,
1364 4261 1422 4314 et
1464 4250 1679 4315 borum
1710 4251 1932 4346 judicia
1982 4248 2238 4332 allegent
2281 4248 2339 4309 in

1801 4350 1855 4410 Χ
1879 4347 1917 4385 ³*
