2750 4775
677 370 835 428 v111.
916 369 1324 426 LIBERUM
1392 371 1925 426 ARBI'I'RIUM.
2307 385 2374 433 19

271 522 484 588 March.
532 523 719 588 XIII:
763 527 866 588 23.
941 525 1066 609 Qui
1103 528 1299 601 metit,
1353 525 1677 591 mercedem
1723 529 1968 619 accipit,
2035 539 2094 591 et
2146 524 2380 617 colligit

244 620 534 712 fluctum
572 629 639 688 in
665 628 857 690 ‘uitam
887 640 1225 700 aeternam,
1276 626 1315 689 J
1322 623 1418 690 oh.
1455 624 1569 692 IV:
1601 630 1702 690 36.
1758 628 1986 691 Lavate
2009 651 2163 702 vos,
2208 631 2382 720 puri-

250 724 459 818 ficate
484 750 635 801 vos,
688 739 975 792 removete
1007 724 1298 792 malitiam
1327 748 1571 817 operum
1598 741 1969 802 vestrorum,
2022 727 2237 793 discite
2274 729 2381 795 bo-

271 852 411 891 num
431 823 672 915 facere,
727 826 886 913 Esaj.
919 826 976 889 I:
1015 830 1113 890 16.
1155 830 1254 891 17.
1317 826 1393 894 V
1389 840 1635 891 enturus
1672 841 1763 892 est
1788 825 1990 904 Filius
2017 826 2276 893 hominis
2313 834 2378 895 in

262 925 468 1018 gloria
505 927 716 995 Patris
751 931 879 1004 sui,
933 942 991 991 et
1031 941 1171 992 tunc
1211 926 1422 993 reddet
1472 930 1790 1019 unicuique
1833 928 2161 996 secundum
2181 925 2375 1017 facta

267 1033 434 1116 ejus,
484 1029 698 1092 Matth.
730 1028 901 1094 XVI:
933 1032 1034 1091 27.
1092 1028 1372 1093 Exibunt
1402 1031 1508 1119 qui
1541 1025 2033 1116 honafioeruttt,
2086 1032 2149 1092 in
2179 1051 2377 1095 resur-

268 1117 583 1194 rectionem
603 1132 789 1203 vitae‚
818 1129 856 1191 J
865 1128 959 1192 oh.
990 1129 1077 1193 V:
1104 1134 1206 1192 29.
1249 1129 1452 1221 Opera
1475 1126 1717 1193 illorum
1735 1141 2066 1221 sequuntur
2080 1152 2212 1214 cum
2233 1127 2377 1206 illis,

266 1228 453 1315 Apoc.
485 1224 670 1322 [XIV:
708 1223 834 1322 13.]
864 1227 1009 1293 XX:
1046 1233 1144 1292 12.
1181 1234 1280 1293 13.
1323 1229 1483 1293 Ecce
1508 1232 1692 1295 venio
1721 1233 1856 1306 cite,
1886 1243 1944 1294 et
1971 1230 2214 1295 Merces
2241 1254 2377 1297 mea

270 1332 534 1406 Mecum,
554 1344 618 1398 ut
638 1328 772 1395 dem
794 1333 1110 1422 unicuique
1128 1329 1456 1424 secundum
1476 1354 1632 1421 opus
1649 1334 1801 1417 ejus,
1824 1328 2008 1416 Apoc,
2031 1330 2238 1395 XXII:
2273 1333 2374 1397 12.

266 1429 545 1497 Jelzovah
577 1435 753 1519 cujus
784 1429 950 1496 oculi
970 1434 1166 1524 aperti
1185 1444 1360 1506 sunt,
1414 1431 1503 1496 ad
1526 1430 1798 1496 dandum
1831 1434 2021 1498 cuivis
2044 1431 2372 1498 secundam

270 1537 415 1597 vias
454 1537 619 1619 ejus,
666 1536 857 1621 juxta
903 1555 1086 1625 opera
1129 1545 1339 1598 nostra
1353 1528 1527 1620 jacit
1570 1531 1882 1596 nobiscum
1905 1578 1924 1607 ,
1986 1529 2158 1596 Sach.
2210 1533 2267 1597 1:
2316 1538 2371 1596 6.

272 1634 464 1698 Docet
498 1633 674 1696 etiam
705 1634 857 1697 idem
887 1632 1178 1697 Dominus
1203 1634 1264 1696 in
1292 1632 1628 1707 Parabolis,
1682 1653 1932 1719 quarum
1963 1632 2161 1719 plures
2185 1631 2377 1697 invol-

273 1744 453 1811 vunt,
506 1733 667 1820 quod
692 1736 792 1821 qui
822 1733 975 1798 bona
1006 1732 1259 1808 faciunt,
1316 1741 1726 1821 acceptentur,
1781 1741 1840 1797 et
1870 1734 1969 1820 qui
1998 1733 2186 1809 mala,
2238 1733 2378 1819 reji-

271 1838 531 1906 ciantur:
589 1843 652 1898 ut
692 1837 750 1897 in
781 1835 1093 1923 Parabola'
1124 1834 1198 1898 de
1240 1833 1533 1919 Agricolis
1574 1834 1633 1896 in
1664 1833 1884 1909 Vinea,
1936 1831 2155 1899 Matth.
2194 1833 2374 1898 XXI:

273 1940 357 2000 33
388 1935 462 2000 ad
505 1938 607 2000 44.
676 1937 768 2000 De
804 1933 1073 2002 Talentis
1114 1944 1172 1998 et
1216 1927 1424 2008 Minis,
1479 1956 1611 1997 eum
1654 1934 1867 2020 quibus
1907 1933 2377 2019 negotiarentur,

269 2036 482 2101 Matth.
527 2033 728 2101 XXV:
778 2038 855 2098 11
899 2035 972 2098 ad
1011 2040 1114 2099 31.
1176 2035 1316 2098 Luc.
1360 2034 1535 2100 x1x2
1585 2038 1661 2098 13
1706 2033 1778 2096 ad
1823 2039 1923 2098 25.
1977 2032 2262 2099 similiter
2302 2021 2375 2099 ἀὲ

270 2138 462 2212 FIDE,
513 2137 692 2201 Jesus
730 2134 906 2208 dixit,
955 2138 1060 2227 qui
1098 2134 1285 2199 credit
1320 2137 1383 2197 in
1412 2135 1549 2206 Me,
1608 2158 1730 2198 non
1769 2138 2050 2200 morietur
2083 2138 2146 2199 in
2186 2149 2376 2201 aeter-

273 2262 446 2312 num,
501 2236 813 2310 sed²vivet‚
866 2234 1003 2299 Joh.
1035 2234 1153 2299 XI:
1187 2239 1288 2298 25.
1321 2238 1425 2297 26.
1482 2234 1656 2312 Haec
1689 2248 1778 2298 est
1822 2233 2118 2300 voluntas
2142 2235 2375 2313 Patris,

275 2352 343 2403 ut
366 2340 563 2402 omnis
589 2338 695 2428 qui
733 2333 918 2400 credit
957 2338 1016 2399 in
1045 2333 1306 2411 Filium,
1360 2331 1580 2401 habeat
1615 2339 1805 2400 vitam
1847 2350 2180 2414 aeternam,
2230 2336 2372 2403 Joh.

274 2438 389 2502 VI:
425 2441 525 2501 40.
560 2442 662 2499 4¹1.
722 2436 844 2520 Qui
870 2436 1054 2502 credit
1080 2440 1142 2501 in
1171 2435 1430 2514 Filium,
1484 2436 1661 2502 habet
1699 2440 1891 2502 vitam
1929 2452 2265 2525 aeternam,
2309 2452 2388 2504 at„

272 2563 423 2604 vero
462 2541 569 2630 qui
610 2561 745 2603 non
778 2535 963 2601 credit
1005 2537 1202 2612 Filio,
1267 2562 1389 2603 non
1425 2537 1658 2602 videbit
1700 2541 1922 2613 vitam,
1975 2537 2089 2603 sed
2122 2541 2219 2602 ira
2258 2539 2379 2604 Dei

272 2652 472 2704 nranet
498 2660 683 2731 super
709 2635 836 2713 illo,
887 2636 1026 2701 Joh.
1063 2637 1185 2701 III:
1218 2642 1321 2702 36.
1376 2637 1562 2704 Adeo
1601 2637 1820 2702 dilexit
1851 2638 2018 2703 Deus
2045 2636 2374 2715 Mundum,

270 2754 335 2805 ut
374 2739 599 2804 Filium
643 2763 819 2802 suum
863 2739 1246 2830 Unigenitum
1288 2737 1548 2814 dederit,
1602 2753 1665 2804 ut
1706 2742 1903 2803 omnis
1944 2741 2053 2832 qui
2085 2737 2272 2804 credit
2311 2743 2375 2804 in

267 2843 512 2934 Ipsum,
568 2865 689 2905 non
724 2852 960 2933 pereat,
1026 2838 1141 2905 sed
1180 2837 1400 2906 habeat
1436 2844 1628 2905 vitam
1673 2852 2011 2916 aeternam,
2065 2836 2204 2903 Joh.
2250 2839 2373 2903 IlI:

275 2947 375 3006 15.
424 2948 522 3005 16.
592 2941 667 3004 Et
708 2962 920 3025 porro,
990 2940 1255 3006 Amabis
1298 2942 1622 3009 Dominum
1668 2940 1862 3005 Deum
1906 2952 2071 3004 tuum
2114 2962 2198 3005 ex
2248 2953 2374 3005 toto

269 3043 450 3108 corde
476 3057 596 3119 tu0,
628 3054 685 3106 et
711 3044 775 3105 in
803 3055 928 3106 tota
953 3044 1161 3105 anima
1181 3055 1304 3115 tua,
1336 3056 1393 3106 et
1422 3045 1485 3105 in
1512 3053 1638 3104 tota
1665 3053 1855 3105 mente
1880 3053 2016 3116 tua,·
2053 3053 2109 3105 et
2136 3040 2373 3106 amabis

259 3147 609 3238 proximum
637 3145 790 3207 sicut
818 3146 1101 3235 teipsum:
1143 3166 1225 3209 ex
1257 3140 1352 3206 his
1380 3140 1620 3208 duobus
1649 3140 1954 3205 mandatis
1991 3142 2128 3205 Lex
2151 3154 2208 3206 et
2226 3164 2372 3232 pro-

261 3242 486 3337 phetae
522 3241 821 3336 pendent,
886 3241 1095 3306 Matth.
1128 3241 1335 3306 XXII:
1372 3246 1453 3306 35
1485 3240 1558 3304 ad
1590 3244 1691 3304 38.
1724 3234 1852 3332 [39.
1891 3234 2030 3331 40]
2072 3240 2190 3304 Sed
2223 3238 2374 3304 haec
2411 3238 2418 3245 ’

266 3354 405 3409 sunt
446 3365 740 3432 perpauca
769 3354 840 3406 ex
866 3344 1099 3417 Verbo,
1152 3352 1212 3405 et
1236 3343 1388 3407 sicut
1409 3342 1592 3428 aliqui
1625 3339 1825 3430 cyathi
1855 3361 2044 3425 aquae
2078 3361 2151 3404 ex
2179 3339 2348 3405 mari.

425 3446 571 3509 484.
630 3442 779 3523 Quis
806 3464 926 3513 non
959 3443 1116 3506 videt
1144 3443 1523 3516 inanitatem,
1576 3463 1695 3507 non
1725 3439 1863 3506 volo
1898 3440 2094 3504 dicere
2133 3441 2374 3507 fatuita-

265 3555 405 3620 tem,
434 3546 494 3607 in
522 3546 651 3619 illis,
682 3565 833 3631 quae
859 3565 1033 3631 supra
1054 3537 1119 3635 [n
1136 3537 1177 3635 2]
1199 3544 1281 3606 46
1294 3548 1347 3608 4.
1385 3538 1454 3608 ex
1476 3543 1658 3608 Libro
1681 3540 2090 3606 Ecclesiastico
2113 3543 2376 3609 Folium-

265 3666 347 3710 LA
380 3645 794 3711 ConcoumAE
831 3653 1079 3718 vocate,
1121 3642 1378 3707 adducta
1408 3653 1582 3719 sunt,
1625 3653 1935 3729 postquam
1966 3642 2106 3729 legit
2133 3642 2268 3718 illa,
2312 3654 2375 3707 et

263 3748 507 3831 insuper
544 3747 739 3832 aliqua
775 3745 913 3808 hinc
939 3754 998 3808 et
1026 3744 1185 3808 illinc
1209 3746 1270 3807 in
1300 3744 1535 3819 Verbo,
1587 3763 1806 3806 numne
1839 3745 2126 3829 cogitaret
2153 3766 2376 3821 secum,
2455 3796 2460 3803 .

263 3847 312 3912 si
352 3846 507 3935 foret
544 3848 694 3911 sicut
725 3846 804 3911 ihi
837 3846 1114 3920 docetur,
1170 3844 1327 3930 quod
1366 3844 1591 3909 homini
1630 3844 1852 3908 nullum
1893 3844 2171 3909 Liberum
2200 3841 2378 3908 Arhi-

265 3947 444 4010 trium
484 3947 543 4009 in
582 3946 986 4033 spiritualibus
1024 3944 1130 4021 sit,
1175 3944 1315 4032 quid
1359 3945 1514 4010 foret
1554 3945 1796 4030 religio,
1851 3965 2003 4032 quac
2047 3955 2135 4009 est
2175 3943 2378 4009 facere

268 4046 488 4110 bonum
507 4094 524 4124 ,
577 4048 683 4112 nisi
725 4067 880 4113 vana
909 4066 1044 4120 vox,
1084 4056 1145 4109 et
1173 4045 1312 4133 quid
1342 4044 1607 4110 Ecclesia
1639 4046 1862 4131 absque
1891 4045 2213 4129 religione,
2265 4042 2377 4109 nisi

265 4146 414 4211 sicut
456 4157 657 4211 cortex
699 4140 919 4210 circum
959 4146 1219 4232 lignum,
1276 4146 1375 4233 qui
1403 4166 1539 4209 :non
1579 4146 1824 4211 inservit
1852 4144 1951 4209 alii
1982 4144 2145 4218 usui,
2196 4163 2376 4227 quam

270 4255 334 4309 ut
376 4230 797 4321 combinatum
859 4255 919 4310 et
962 4246 1202 4334 insuper
1247 4246 1573 4333 cogitaret,
1626 4246 1673 4309 si
1717 4266 1837 4315 non
1889 4243 2190 4315 Ecclesia,
2237 4239 2376 4322 quia

1843 4339 1958 4403 Β*
