2750 4775
313 403 324 416 '
428 406 1194 465 ADDITAMENTUM.
1243 437 1305 447 -—
1350 406 1919 465 JUDA131·1N.M.
1963 408 2082 466 SP.
2203 421 2308 470 559

212 570 368 627 sunt.
471 559 644 640 Quod
688 560 1030 647 Negotiatio
1072 559 1182 624 illis
1223 581 1355 626 cum
1397 559 1717 648 Lapidibus
1759 562 2025 649 pretiosis
2066 565 2170 640 sit,
2224 573 2312 631 est

216 684 434 753 causa,
483 663 620 748 quia
649 663 912 727 Verbum
955 662 1014 723 in
1060 682 1164 727 sua
1204 660 1474 747 originali
1507 661 1734 747 Lingua
1777 662 2010 749 legunt,
2062 675 2120 728 et
2164 664 2312 731 Sen-

212 786 349 828 sum
386 764 589 826 literae
626 765 754 849 ejus
789 764 1069 828 Sanctum
1114 760 1365 837 habent,
1419 782 1491 838 ac
1532 762 1782 848 Lapides
1829 763 2065 849 pretiosi
2102 765 2314 831 Sensui

214 864 428 930 literae
453 865 948 952 correspondent;
1003 865 1161 949 quod
1200 863 1517 949 spiritualis
1555 864 1723 948 origo
1765 863 1997 928 illorum
2025 865 2313 951 Lapidum

212 966 289 1030 sit
319 965 540 1036 Sensus
564 965 767 1029 literae
797 965 1008 1039 Verbi,
1062 974 1119 1027 et
1150 964 1305 1049 quod
1335 965 1472 1026 inde
1511 963 1584 1026 sit
1631 964 2144 1052 correspondentia
2187 966 2316 1031 illo·

212 1088 398 1156 rum„
440 1086 617 1153 supra
674 1068 731 1128 in
774 1066 977 1149 Capite
1032 1065 1103 1126 de
1146 1065 1500 1128 Scelerum
1541 1064 1778 1138 SAan,
1830 1087 1906 1128 n:
1961 1069 2107 1132 217.
2165 1069 2315 1145 218,

219 1167 517 1232 videatur.
598 1166 852 1234 Possunt
882 1166 1057 1232 etiam
1091 1176 1217 1227 arte
1249 1186 1460 1252 parare
1487 1164 1703 1242 similes
1740 1187 1809 1229 ac
1836 1164 2201 1253 phantasiam
2230 1169 2315 1234 in·

216 1269 474 1343 ducere,
527 1269 686 1351 quod
742 1266 978 1354 genuini
1028 1266 1171 1338 sint;
1238 1267 1342 1329 sed
1389 1266 1446 1329 hi
1494 1287 1531 1332 a
1582 1268 1701 1331 suis
1742 1265 2066 1334 Praefectis
2110 1290 2318 1335 severe

212 1370 601 1435 mulctantur.
1163 1433 1170 1436 .

380 1470 525 1533 844.
581 1469 797 1535 Judaei
829 1490 969 1555 prae
997 1466 1123 1531 aliis
1149 1488 1265 1529 non
1293 1466 1484 1531 sciunt
1509 1468 1665 1554 quod
1695 1469 1752 1530 in
1783 1467 2007 1533 Mundo
2032 1469 2321 1557 spirituali

213 1573 371 1646 sint,
422 1570 523 1634 sed
553 1572 798 1636 credunt
824 1592 886 1634 se
916 1568 1106 1632 adbuc
1134 1568 1191 1630 in
1222 1568 1448 1632 Mundo
1490 1569 1741 1633 naturali
1786 1590 1944 1645 esse,
1997 1591 2170 1635 causa
2213 1580 2320 1649 est,

216 1674 362 1760 quia
396 1693 632 1759 prorsus
662 1672 905 1748 Externi
935 1669 1201 1734 homines
1228 1681 1383 1744 sunt,
1427 1679 1484 1732 et
1510 1692 1629 1734 non
1657 1670 1874 1757 aliquid
1905 1669 1976 1734 de
2006 1672 2321 1757 Religione

219 1774 500 1859 cogitant.
520 1793 589 1834 ex
617 1773 911 1837 interiori:
966 1791 1148 1856 quare
1181 1772 1356 1833 etiam
1403 1770 1727 1855 loquuntur
1764 1771 2031 1835 similiter
2061 1772 2135 1836 de
2161 1774 2320 1840 Mes·

216 1877 309 1940 sia
340 1877 493 1937 sicut
522 1876 711 1960 prim,
763 1882 820 1937 et
852 1873 1088 1959 quidam
1132 1872 1287 1956 quod
1334 1873 1731 1936 venturus‘sit
1772 1895 1900 1935 cum
1943 1873 2210 1951 Davide,
2262 1886 2323 1940 et

219 1976 458 2062 fulgens
486 1973 916 2038 diadematibus
944 1973 1273 2058 praeiturus
1299 1972 1461 2047 illis,.
1497 1993 1567 2035 ac
1607 1973 2050 2039 introducturus
2091 1974 2221 2040 illos
2258 1977 2323 2042 in

217 2078 477 2141 Terram
526 2074 899 2151 Canaanem,
953 2083 1012 2137 et
1052 2074 1110 2135 in
1158 2073 1251 2138 via
1298 2073 1630 2138 elevatione
1670 2073 1875 2138 Baculi
1922 2076 2322 2144 exsiccaturus

222 2176 443 2241 fluvios
468 2198 612 2263 quos
643 2176 1003 2250 transibunt,
1043 2186 1099 2237 et
1132 2173 1286 2260 quod
1317 2172 1664 2250 Christiani,
1704 2198 1850 2261 quos
1876 2174 2029 2240 inter
2055 2198 2115 2241 se
2144 2178 2321 2243 etiam

220 2276 450 2342 Gentes
477 2288 719 2351 vocant,
774 2287 914 2340 tunc
958 2276 1080 2339 alas
1121 2274 1367 2340 vestium
1402 2276 1636 2350 illorum
1674 2278 2000 2361 arrepturi,
2049 2279 2324 2367 supplici·

225 2390 321 2442 ter
350 2386 585 2441 orantes
613 2390 670 2442 ut
700 2378 871 2442 liceat
901 2376 1195 2452 comitari,
1249 2385 1307 2438 et
1334 2377 1489 2462 quod
1532 2378 1821 2464 recepturi
1855 2378 2081 2444 Divites
2111 2403 2322 2447 secun·-

230 2478 377 2540 dum
397 2479 631 2565 copias,
683 2488 739 2540 et
767 2480 921 2562 quod
949 2480 1007 2542 hi
1038 2498 1271 2564 quoque
1300 2477 1412 2542 illis
1441 2478 1716 2542 servituri
1755 2479 1899 2545 sint:
1954 2481 2011 2544 in
2050 2481 2139 2548 his
2179 2506 2321 2550 con-

237 2577 475 2641 firmant
502 2578 694 2663 seper
732 2578 829 2642 illa
866 2601 1017 2666 quae
1049 2579 1322 2665 leguntur
1366 2580 1521 2667 apud
1565 2578 1909 2653 Sachariam
1956 2582 2098 2672 Cap.
2141 2585 2319 2650 vlu:

229 2682 342 2741 ⁴23.
399 2689 456 2741 et
497 2680 646 2765 apud
694 2679 924 2766 Esajam
964 2679 1102 2768 Cap.
1148 2679 1376 2751 LXVI:
1420 2685 1557 2744 20.:
1628 2692 1687 2745 et
1730 2681 1802 2744 de
1847 2683 2109 2760 Davide,
2160 2686 2320 2771 quod

230 2789 525 2844 venturus
566 2781 670 2854 sit,
723 2790 780 2843 et
825 2780 1056 2844 futurus
1100 2782 1331 2844 illorum
1380 2782 1511 2846 Rex
1555 2790 1614 2843 et
1655 2782 1894 2856 Pastor,
1949 2805 2021 2846 ex
2062 2785 2326 2849 Jeremia

228 2880 377 2966 Cap.
422 2880 624 2945 xxx:
672 2887 738 2955 9;
787 2904 974 2969 exque
1001 2881 1300 2945 ezechiele
1323 2881 1463 2968 cap.
1500 2881 1793 2945 xxxlv=
1842 2866 2337 2970 ·2.·⁴3‹‘11l25.Cap.a

225 2981 554 3053 XXXVII:
596 2987 676 3049 23
705 2983 777 3045 ad
804 2987 903 3046 26.
928 3005 1165 3070 prorsus
1193 3005 1310 3047 nou
1341 2983 1609 3048 volentes
1633 2982 1853 3057 audire,
1885 2983 2043 3069 quod
2071 3004 2174 3071 per
2204 2983 2325 3048 Da-

226 3083 426 3146 videm
467 3083 546 3145 ibi
581 3083 947 3169 intelligatur
986 3083 1274 3147 Dominus
1304 3095 1506 3147 noster
1532 3083 1706 3147 Jesus
1736 3082 2025 3157 Christus;
2078 3093 2138 3147 et
2165 3085 2325 3170 quod

223 3184 622 3273 per-Judaeos
664 3185 743 3248 ibi
781 3184 1189 3271 intelligantur
1215 3184 1295 3247 illi
1327 3170 1531 3270 quixab
1560 3183 1821 3247 Ecclesia
1854 3182 2038 3268 Ipsius
2060 3194 2254 3249 erunt.

390 3288 535 3348 845.
591 3285 749 3350 Dum
778 3286 1219 3372 interrogantur
1246 3306 1385 3347 num
1417 3283 1662 3347 firmiter
1689 3286 1960 3358 credant,
2015 3286 2171 3371 quod
2201 3309 2328 3354 om-

224 3407 335 3449 ues
364 3386 421 3448 in
446 3386 696 3450 Terram
728 3386 1063 3451 Canaanem
1104 3385 1338 3449 venturi
1374 3384 1522 3460 sint,
1576 3385 1775 3451 dicunt
1821 3385 1978 3471 quod
2020 3396 2163 3452 tunc
2200 3411 2330 3453 om—

219 3482 364 3560 neS,
416 3495 474 3548 et
502 3488 656 3573 quod
687 3496 825 3550 tunc
850 3486 1062 3551 Judaei
1093 3485 1348 3551 defuncti
1378 3486 1764 3551 resurrecturi
1792 3486 1937 3563 sint,
1981 3499 2040 3552 et
2069 3489 2225 3576 quod
2252 3511 2326 3555 ex

217 3586 551 3673 sepulchris
593 3590 710 3651 suis
750 3588 1024 3653 intraturi
1061 3589 1314 3653 Terram
1360 3585 1554 3659 illam;
1610 3609 1741 3651 cum
1790 3590 2137 3674 regeritur„
2167 3591 2324 3679 quod

222 3692 603 3774 nequaquam
636 3690 853 3774 possint
881 3689 1038 3759 exire
1065 3688 1418 3773 sepulchriS,
1473 3688 1751 3775 quoniam
1780 3682 1891 3776 ipsi
1916 3695 2050 3778 post
2071 3702 2323 3759 mortem

223 3790 465 3859 vivunt;
523 3791 876 3874 respondent
904 3790 1059 3874 quod
1090 3800 1229 3855 tunc
1257 3790 1590 3853 descensuri
1621 3790 1766 3865 sint,
1819 3814 1890 3856 ac
1919 3793 2190 3859 intraturi
2218 3815 2326 3859 sua

223 3910 477 3975 corpora
497 3938 513 3963 ,
560 3899 616 3952 et
643 3891 726 3954 sic
754 3891 981 3954 victuri.
1059 3891 1206 3955 Cum
1235 3892 1476 3965 dicitur,
1519 3891 1674 3977 quod
1704 3893 1893 3956 Terra
1922 3893 2018 3960 illa
2048 3892 2167 3958 non
2196 3916 2330 3984 pos-

214 3991 298 4074 sit
353 4010 536 4074 capax
587 4012 709 4054 esse
767 3992 1061 4071 omnium,
1117 3991 1470 4078 respondent
1522 3991 1685 4077 quod
1732 4001 1873 4056 tunc
1926 3995 2323 4081 ampliabitur.

218 4089 375 4156 Cum
406 4090 646 4167 dicitur,
704 4093 862 4177 quod
892 4093 1164 4181 Regnum
1195 4092 1477 4163 Messiae,
1533 4088 1668 4177 quia
1697 4092 1879 4157 Filius
1909 4095 2015 4159 Dei
2043 4103 2149 4171 est,
2184 4116 2326 4161 finon

215 4190 487 4254 futurum
518 4192 591 4254 sit
618 4213 794 4279 super
819 4193 1043 4267 Terra,
1089 4194 1189 4256 sed
1217 4193 1276 4255 in
1302 4190 1520 4266 Caelo,
1561 4194 1920 4278 respondent
1947 4194 2104 4279 quod
2135 4196 2327 4287 Terra

213 4291 464 4357 Canaan
496 4301 637 4363 tunc
664 4292 864 4367 futura
892 4294 965 4356 sit
990 4291 1250 4358 Caelum.
1323 4290 1470 4359 Cum
1509 4289 1752 4367 dicitur,
1792 4293 1950 4377 quod
1990 4314 2107 4359 non
2136 4295 2326 4373 sciant

1729 4384 1855 4452 Y*
