2750 4775
707 362 987 417 lNDEx
1027 364 1768 422 MEMORABILIUM.
2196 384 2308 436 379

299 527 530 581 mentes
558 517 719 602 vulgi
749 517 1034 582 invisibili
1049 518 1287 585 vinculo
1315 529 1632 590 teneantur
1656 521 1972 589 adstrictae
1998 525 2229 611 legibus
2253 538 2313 591 et

302 617 569 688 ducibus.
625 617 738 682 His
765 619 981 685 auditis
1007 620 1441 706 obstupuerunt
1469 618 1702 707 Angeli,
1738 622 1841 686 sed
1881 626 2315 712 expergefacie-

301 719 448 782 bant
473 718 604 783 illos
632 739 738 806 per
765 718 925 805 quod
952 720 1311 785 instruerent
1354 721 1487 786 illos
1526 723 1685 808 quod
1732 743 1885 786 nunc
1931 724 2139 789 vivant
2184 737 2314 813 post

301 828 590 892 mortem;
643 840 716 882 ac
741 820 1199 885 introducebant
1226 820 1358 887 illos
1388 822 1450 885 in
1479 822 1755 900 Caelum,
1807 823 1909 886 sed
1939 824 2021 886 ibi
2064 847 2185 889 non
2211 828 2311 893 diu

297 920 517 984 morati
556 929 725 996 sunt,
779 921 917 1006 quia
954 922 1177 986 inventi
1224 921 1386 1007 quod
1426 933 1620 988 essent
1661 944 1823 987 mere
1865 926 2197 1001 naturales,
2253 938 2313 990 et

300 1019 468 1106 quod
492 1020 630 1084 inde
656 1019 930 1106 occipitia
957 1022 1194 1086 illorum
1221 1032 1418 1089 essent
1446 1024 1753 1097 incavata;
1807 1023 1889 1087 de.
1921 1046 2037 1111 qua
2070 1025 2311 1090 incava-

298 1122 462 1186 tione
490 1131 553 1184 et
579 1121 706 1207 ejus
731 1142 941 1196 causa,
994 1123 1203 1187 ultimo
1230 1123 1450 1208 aliquid
1478 1123 1723 1200 dicitur,
1776 1146 1849 1188 n:
1904 1127 2052 1189 160.

197 1222 419 1288 XXIV.
476 1220 655 1300 Quod
699 1221 936 1287 auditus
978 1223 1055 1286 sit
1099 1244 1282 1288 sonus
1325 1225 1479 1288 sicut
1520 1226 1743 1299 molae,
1796 1234 1855 1288 et
1896 1226 2054 1310 quod
2095 1248 2307 1290 sonum
2400 1248 2409 1259 ⁴

291 1331 584 1409 sequutus
610 1321 857 1385 viderim
886 1322 1126 1387 domum
1155 1325 1468 1400 rimosam,
1522 1326 1579 1387 in
1610 1347 1789 1411 quam
1814 1325 2094 1391 introitus
2120 1331 2310 1413 patuit

291 1423 408 1490 sub
434 1433 632 1497 terra,
684 1422 831 1485 etin
868 1422 966 1487 illa
997 1424 1205 1489 virum
1236 1424 1608 1510 colligentem
1649 1447 1720 1489 ex
1766 1426 1969 1490 Verbo
2010 1436 2069 1490 et
2112 1426 2308 1493 Libris

294 1523 574 1612 plura-de
596 1523 634 1587 J
643 1541 1127 1590 usurum-nour.
1150 1545 1266 1588 PER
1293 1544 1508 1590 somn
1532 1545 1752 1601 mutu,
1793 1535 1853 1591 et
1880 1527 2036 1612 quod
2056 1528 2309 1605 ¹scribae

292 1648 329 1691 a
360 1624 548 1687 latere
578 1624 939 1687 collectanea
985 1626 1111 1711 ejus
1150 1626 1539 1690 inscriberent
1567 1624 1857 1699 Chartae;
1908 1637 1967 1690 et
2010 1628 2084 1690 ad
2125 1629 2307 1691 inter-

293 1725 668 1810 rogationem
701 1724 841 1809 quid
870 1745 1026 1789 nunc
1056 1724 1394 1811 colligeret,
1449 1726 1591 1791 dixit
1620 1726 1764 1802 hoc,
1810 1728 1970 1813 quod
1999 1728 2163 1793 Deus
2193 1729 2306 1795 Pa-

293 1836 387 1889 ter
413 1824 694 1889 exciderit
724 1826 914 1910 gratia
945 1848 1054 1911 pro
1080 1844 1299 1910 genere
1326 1825 1623 1901 humano,
1676 1837 1733 1889 et
1776 1830 1933 1911 quod
1969 1828 2103 1892 ideo
2134 1829 2306 1894 misc-

293 1926 370 1990 rit
415 1925 632 1995 Filium
683 1927 782 2010 qui
828 1929 1090 2011 expiaret
1135 1935 1196 1989 et
1240 1926 1620 2012 propitiaret;
1688 1927 1764 1991 ad
1812 1949 1967 2012 quae
2009 1929 2304 2016 respondi,

293 2026 454 2112 quod
494 2024 610 2089 hoc
647 2025 722 2088 sit
749 2037 959 2091 contra
998 2025 1364 2113 scripturam
1409 2038 1462 2091 et
1509 2036 1716 2091 contra
1766 2029 2094 2104 rationem,
2147 2030 2307 2115 quod

294 2127 459 2199 Deus
491 2125 749 2213 potuerit
787 2127 1053 2191 excidere
1092 2127 1318 2211 gratia,
1369 2129 1454 2191 sic
1486 2129 1662 2192 etiarn
1709 2128 2016 2193 excidisset
2044 2132 2304 2194 essentia

293 2249 432 2302 sua,
483 2228 658 2291 etsie
689 2248 806 2288 non
834 2237 985 2293 esset
1017 2228 1210 2301 Deus;
1263 2237 1323 2290 et
1350 2249 1484 2291 cum
1514 2227 1629 2291 hoc
1665 2251 1851 2315 usque
1878 2229 1951 2293 ad
1982 2220 2307 2295 convictio·

293 2349 426 2402 nem
473 2327 913 2404 demonstravi,
967 2326 1312 2403 excanduit,
1367 2336 1429 2392 et
1475 2329 1780 2396 mandavit
1835 2331 2042 2396 scribis
2093 2341 2158 2396 ut
2213 2353 2308 2395 me

295 2429 605 2511 ejicerent3
658 2438 719 2492 at
761 2450 894 2494 cum
933 2437 1145 2514 sponte
1190 2448 1462 2514 egressus
1506 2451 1669 2504 sum,
1736 2441 1866 2515 post
1913 2454 2006 2495 me
2051 2433 2306 2517 conjecit

299 2527 541 2605 librum,
594 2550 768 2615 quem
816 2529 970 2593 forte
1015 2550 1222 2593 manus
1266 2529 1395 2616 ejus
1436 2530 1856 2617 apprehendit,
1911 2544 1973 2596 et
2019 2533 2170 2597 liber
2210 2533 2307 2597 ille

303 2637 427 2696 erat
452 2630 748 2704 Verbum,
801 2653 872 2693 n:
926 2635 1069 2694 161.

197 2723 386 2794 XXV.
439 2729 843 2817 Disceptatum
891 2740 979 2795 est
1025 2731 1184 2794 inter
1224 2731 1511 2817 Spiritus,
1581 2752 1722 2796 num
1768 2734 2078 2819 quisquam
2130 2734 2308 2820 possit

296 2829 494 2895 videre
534 2830 772 2915 aliquod
809 2832 1128 2917 genuinum
1160 2832 1386 2896 Verum
1426 2832 1484 2894 in
1527 2832 1762 2908 Verb0,
1814 2834 1922 2896 nisi
1966 2832 2304 2918 immediate

269 2931 465 2995 ‚adeat
496 2932 852 3006 Dominum,
900 2933 1000 3018 qui
1028 2941 1117 2997 est
1139 2933 1331 3019 ipsum
1363 2932 1662 3003 Verhmm
1706 2931 1807 2995 sed
1838 2932 1974 3017 quia
2002 2942 2173 2995 erant
2203 2933 2305 3016 qui
2362 2963 2385 2980 e

292 3031 817 3108 contradicebant,
872 3032 1094 3096 factum
1124 3043 1211 3097 est
1240 3034 1743 3117 experimentum,
1797 3043 1854 3094 et
1886 3042 2024 3096 tunc
2053 3032 2151 3115 qni
2182 3032 2306 3094 adi·

205 3181 210 3184 ⁴
289 3142 505 3198 verunt
533 3123 728 3196 Deum
758 3134 1032 3207 Patrem,
1086 3154 1205 3197 non
1239 3133 1513 3197 viderunt
1547 3132 1726 3201 ullum
1760 3154 1998 3206 verum,
2047 3132 2151 3196 sed
2178 3153 2303 3193 om-

237 3269 244 3277 ,
288 3254 391 3297 nes
420 3234 520 3319 qui
552 3233 870 3297 adiverunt
895 3233 1250 3308 Dominum,
1304 3234 1599 3296 viderunt.
1684 3234 1816 3300 Hac
1858 3233 1957 3296 lite
2006 3241 2304 3318 perstante

285 3333 676 3398 ascenderunt
716 3335 900 3420 aliqui
938 3334 1189 3420 Spiritus
1230 3353 1300 3395 ex
1333 3331 1600 3419 Abysso‚
1670 3333 1743 3395 de
1790 3355 1908 3420 qua
1963 3329 2148 3418 Apoc.
2195 3332 2305 3407 IX,

283 3435 388 3500 ubi
420 3434 708 3500 ventilant
739 3455 964 3498 arcana
985 3432 1414 3519 justificationis
1444 3454 1547 3518 per
1583 3433 1767 3510 solam
1796 3433 1996 3508 fidem,
2045 3432 2306 3499 dicentes

205 3579 210 3586 -
280 3535 441 3620 quod
484 3534 592 3619 ipsi
631 3536 849 3606 adeant
890 3537 1079 3600 Deum
1122 3533 1399 3608 Patrem,
1453 3544 1508 3597 et
1553 3535 1792 3598 videant
1836 3554 2052 3604 arcana
2095 3555 2200 3600 sua
2243 3534 2300 3596 in

279 3637 443 3700 clara
486 3634 653 3710 luce,
706 3635 806 3699 sed
860 3657 1203 3723 responsum
1251 3645 1372 3710 est,
1431 3637 1589 3721 quod
1635 3636 1874 3699 videant
1923 3635 2018 3698 illa
2068 3635 2127 3696 in
2171 3635 2303 3699 luce

275 3735 479 3810 fatua,
532 3745 589 3797 et
623 3736 781 3823 quod
825 3735 936 3801 illis
978 3757 1095 3799 non
1138 3736 1209 3800 sit
1253 3758 1325 3798 ne
1367 3735 1606 3821 quidem
1648 3738 1884 3799 unicum
1914 3738 2172 3807 Verum;
2228 3736 2301 3799 ἐκ

237 3859 401 3923 ,(μιο
436 3835 765 3921 indignati,
820 3837 1254 3923 expromebant
1305 3837 1475 3923 plura
1529 3859 1600 3901 ex
1654 3838 1892 3913 Verbo,
1945 3857 2098 3922 quae
2157 3857 2299 3900 vera

275 3944 452 4006 erant
471 3969 489 4011 3
540 3937 645 4002 sed
675 3937 897 4004 dictum
926 3946 1016 4001 cst
1039 3936 1182 4009 illis,
1229 3936 1389 4021 quod
1420 3959 1563 4002 vera
1591 3938 1707 4002 sint
1737 3940 1794 4001 in
1822 3959 1914 4014 se,
1965 3937 2066 4001 sed
2097 3936 2155 4000 in
2190 3936 2302 3999 illis

274 4036 624 4110 falsificata;
678 4038 837 4124 quod
866 4038 946 4102 ita
985 4046 1170 4110 esset,
1224 4038 1677 4121 comprobatum
1720 4047 1806 4101 est
1850 4059 1954 4125 per
1994 4036 2300 4124 quod-de-

188 4125 206 4146 '
271 4139 440 4202 ducti
468 4138 585 4201 sint
612 4138 673 4200 in
698 4138 974 4213 domum,
1028 4137 1288 4203 ubi-erat
1315 4136 1521 4200 Mensa
1543 4185 1558 4211 ,
1597 4138 1657 4200 in
1689 4159 1866 4224 quam
1896 4137 2026 4200 Lux
2056 4157 2089 4199 e
2117 4136 2300 4201 Caelo

277 4239 501 4303 directe
532 4236 793 4314 influxit,
836 4247 894 4302 et
922 4237 1144 4302 dictum
1172 4247 1261 4301 est
1292 4234 1434 4312 illis,
1477 4246 1539 4299 ut
1585 4258 1725 4303 vera
1772 4237 1868 4301 illa
1911 4257 2065 4322 quae
2097 4246 2296 4324 protu-
