2750 4775
436 364 544 413 118
664 350 1121 404 usui-:usa
1168 349 1708 403 TussoLOGu
1755 350 1824 406 N.
1867 348 1934 406 C.
1977 349 2087 400 ΕΤ
2127 348 2201 404 Π.
2241 348 2308 403 Ε.

430 504 823 594 splendebunt
847 506 997 569 sicut
1022 503 1303 589 splendor
1326 503 1601 592 expansi,
1649 513 1711 567 et
1738 503 2020 566 lucebunt
2055 503 2209 568 sicut
2231 500 2442 567 stellae
2477 503 2542 566 in

431 607 739 673 saeculum
758 616 820 670 et
845 606 1259 671 aeternitatem
1274 622 1301 681 ,'
1334 606 1492 694 apud
1523 605 1832 670 Danielem
1860 604 2004 692 Cap.
2032 603 2185 670 Xll:
2217 606 2277 667 8.
2337 604 2543 668 Homo

435 730 561 773 non
601 715 985 794 regeneratus
1022 715 1109 771 est
1148 708 1298 771 sicut
1338 708 1445 794 qni
1486 707 1544 769 in
1581 704 1762 770 horto
1789 704 2010 770 Edenis
2047 714 2169 781 est,
2220 727 2294 770 ac
2321 705 2445 768 edit
2472 727 2545 768 ex

435 808 670 875 Arbore
710 808 991 874 scientiae
1033 808 1175 872 boni
1213 817 1274 873 et
1314 808 1488 883 mali,
1539 818 1600 871 et
1640 817 1954 896 propterea
1994 826 2067 869 ex
2093 805 2272 870 horto
2297 807 2546 892 ejectus,

434 911 561 975 imo
595 919 683 974 est
716 910 836 1000 ipsa
866 909 966 974 illa
994 908 1225 982 Arbon
1280 920 1344 973 at
1381 907 1566 973 homo
1603 917 1992 995 regeneratus
2025 916 2116 972 est
2150 907 2304 972 sicut
2343 908 2449 994 qui
2485 909 2549 971 in

432 1011 613 1077 horto
648 1011 753 1075 illo
793 1021 917 1082 est,
982 1032 1053 1074 ac
1092 1011 1213 1074 edit
1261 1033 1332 1074 ex
1360 1008 1598 1075 Arbore
1637 1012 1832 1084 vitae,
1893 1008 2054 1096 qnod
2108 1009 2283 1073 detur
2327 1029 2403 1071 ex
2447 1008 2546 1074 illa

432 1114 629 1188 edere,
669 1121 901 1177 constat
928 1134 1000 1176 ex
1036 1111 1128 1177 his
1152 1114 1215 1175 in
1240 1110 1600 1200 Apocalypsi
1662 1110 2004 1187 „Vincenti
2039 1108 2202 1175 dabo
2245 1109 2428 1175 edere
2464 1133 2550 1175 cx

436 1213 681 1279 Arbore
705 1217 893 1289 vitae,
942 1238 1100 1306 quae
1138 1217 1200 1277 in
1230 1211 1428 1278 medio
1453 1211 1756 1278 Par-adiri
1779 1212 1956 1287 Dee',“
2004 1211 2146 1298 Cap.
2178 1210 2271 1276 ll:
2304 1216 2387 1286 ¹1„
2445 1233 2552 1298 per

435 1314 677 1380 hortum
705 1315 925 1380 Edenis
943 1316 1293 1402 intelligitur
1319 1314 1708 1398 intelligentia
1743 1315 1804 1376 in
1834 1312 2236 1400 spiritualibus
2257 1332 2334 1377 ex
2362 1311 2550 1376 Amo·

436 1435 505 1481 re
547 1417 705 1492 veri,
761 1416 1035 1480 videatur
1079 1416 1506 1482 Amemus
1549 1416 1801 1479 Rem:
1843 1435 1913 1476 n:
1959 1419 2060 1477 ⁹0.
2129 1413 2368 1489 Verbo,
2425 1435 2546 1476 non

433 1530 825 1604 regeneratus
862 1528 951 1583 est
992 1518 1175 1582 Filius
1213 1517 1391 1589 mali,
1459 1527 1518 1579 et
1555 1525 1944 1601 regeneratus
1983 1523 2072 1578 est
2111 1514 2297 1578 Filius
2325 1516 2550 1600 Regni,

434 1619 649 1684 matth.
690 1618 861 1684 xlll.
907 1623 1012 1692 38,
1066 1617 1219 1681 filius
1256 1619 1397 1682 mali
1437 1618 1516 1681 ibi
1543 1628 1631 1681 est
1661 1617 1814 1681 filins
1842 1616 2096 1691 diaboli,
2150 1625 2210 1680 et
2239 1614 2395 1681 filius
2425 1617 2546 1680 Re·

438 1721 538 1809 gni
576 1720 658 1783 ibi
701 1729 789 1784 est
830 1719 1016 1784 Filius
1056 1719 1315 1782 Domini.

441 1946 627 2033 Quod
680 1948 876 2013 Homo
929 1958 1311 2035 regeneratus
1376 1952 1458 2011 sit
1509 1951 1573 2010 in
1627 1948 2038 2010 communione
2088 1967 2222 2007 cum
2275 1942 2544 2031 Angelis

439 2048 630 2125 caeli,
703 2063 761 2114 et
812 2070 934 2111 non
998 2062 1382 2137 regeneratus
1445 2052 1508 2110 in
1573 2050 1987 2111 communione
2035 2069 2169 2110 cum
2216 2042 2545 2138 Spiritibus

1368 2145 1607 2236 inferni.

595 2332 742 2392 60⁶2.
798 2325 974 2407 Quod
1003 2326 1193 2391 omnis
1232 2324 1411 2390 homo
1451 2327 1525 2390 sit
1566 2327 1626 2389 in
1667 2325 2112 2401 communione,
2157 2323 2273 2387 hoc
2298 2335 2431 2402 est,
2487 2325 2542 2387 in

441 2429 879 2496 consociatione
924 2450 1056 2492 cum
1099 2426 1341 2514 Angelis
1379 2428 1573 2503 Caeli,
1626 2437 1729 2492 aut
1771 2448 1906 2490 cum
1945 2425 2263 2511 spiritibus
2302 2426 2544 2503 inferni,

438 2540 528 2597 est
558 2551 753 2606 causa,
803 2530 939 2616 quia
970 2539 1141 2592 natus
1166 2540 1254 2593 est
1282 2539 1344 2593 ut
1375 2527 1477 2593 fiat
1500 2528 1837 2617 spiritualis,
1890 2536 1950 2592 et
1973 2527 2088 2592 hoc
2115 2548 2236 2590 non
2265 2530 2546 2615 possibile

440 2643 559 2709 ut,
610 2631 718 2695 nisi
746 2641 810 2694 ut
837 2653 969 2695 cum
1010 2629 1154 2702 illis,
1209 2630 1309 2715 qui
1336 2630 1672 2719 spirituales
1697 2638 1871 2705 sunt,
1922 2630 1983 2692 in
2010 2628 2265 2715 quadam
2295 2631 2544 2717 conjun-

440 2736 636 2798 ctione
674 2733 783 2805 sit;
844 2733 1003 2817 quod
1040 2731 1220 2795 homo
1264 2733 1326 2796 in
1366 2741 1622 2816 utroque
1659 2729 1922 2805 Mundo,
1976 2727 2234 2793 naturali
2271 2739 2336 2792 et
2371 2732 2546 2817 spiri-

441 2833 624 2909 tuali,
695 2833 889 2919 quoad
935 2842 1191 2897 mentem
1242 2833 1351 2906 sit,
1422 2834 1484 2896 in
1527 2832 1707 2895 Libro
1752 2832 1825 2896 de
1869 2832 2081 2896 Cano
2124 2851 2202 2894 ΕΤ
2239 2830 2545 2907 luri-:unm

439 2947 736 3000 ostensum
766 2944 884 3005 est;
933 2935 1037 3000 sed
1063 2935 1137 2998 de
1162 2933 1277 2997 hac
1307 2933 1722 3016 conjunctione
1758 2954 1878 2996 non
1906 2934 2145 3007 Homo,
2199 2953 2310 2995 nec
2340 2931 2544 3019 Ange·

439 3037 530 3101 lus
566 3056 637 3099 ac
666 3036 917 3125 Spiritus
952 3037 1091 3111 scit,
1141 3057 1214 3099 ex
1258 3058 1469 3111 causa,
1520 3035 1658 3121 quia
1697 3034 1913 3107 homo,
1971 3033 2252 3120 quamdiu
2292 3035 2446 3096 vivit
2485 3036 2544 3097 in

437 3137 700 3210 Mundo,
750 3148 838 3202 est
876 3139 939 3202 in
974 3147 1130 3203 statu
1173 3138 1462 3211 naturali,
1514 3157 1586 3198 ac
1609 3133 1872 3219 Angelus
1911 3144 1969 3198 et
1991 3135 2248 3220 Spiritus
2283 3134 2342 3196 in
2382 3145 2544 3199 statu

437 3237 745 3327 spirituali,
797 3250 856 3301 et
886 3250 1125 3327 propter
1153 3239 1466 3302 discrimen
1498 3237 1653 3299 inter
1679 3236 1948 3299 naturale
1975 3245 2034 3298 et
2059 3235 2384 3322 spirituale,
2417 3257 2542 3300 non

437 3350 685 3430 apparet
722 3361 871 3405 unus
899 3341 1089 3415 alteri,
1142 3340 1255 3402 hoc
1293 3340 1640 3408 discrimen,
1694 3337 1869 3422 quale
1899 3347 2017 3412 est,
2069 3336 2426 3423 descriptum
2456 3348 2543 3403 est

439 3442 501 3504 in
528 3441 710 3505 Libro
739 3441 813 3505 de
840 3439 1075 3507 Anione
1100 3439 1490 3506 CORJUGIALI
1529 3437 1992 3501 inMemorabili
2020 3438 2132 3511 ibi,
2185 3458 2260 3499 n:
2304 3439 2543 3502 moad

442 3546 608 3618 3293
649 3563 721 3606 ex
748 3565 868 3628 quo
897 3552 1079 3627 patet,
1106 3542 1264 3627 quod
1294 3562 1414 3603 non
1438 3539 1553 3602 sint
1581 3540 1884 3624 conjuncti
1912 3538 2109 3624 quoad
2132 3538 2545 3624 cogitationes,

439 3643 544 3708 sed
585 3643 781 3730 quoad
810 3629 1192 3715 affectiones,
1243 3651 1302 3703 et
1337 3660 1514 3725 super
1551 3638 1642 3704 his
1684 3641 1781 3704 vix
1819 3640 2032 3725 aliquis
2062 3639 2345 3716 reflectit,
2401 3642 2541 3726 quia

440 3766 561 3808 non
589 3745 810 3808 suntin
842 3744 1006 3820 luce,
1058 3744 1115 3805 in
1153 3763 1268 3828 qua
1297 3752 1385 3805 est
1424 3740 1753 3804 intellectus
1790 3750 1849 3804 et
1888 3741 2025 3804 inde
2066 3741 2193 3824 ejus
2233 3741 2539 3827 cogitatio,

438 3844 628 3910 sedin
657 3846 854 3911 calore
879 3845 940 3909 in
979 3866 1097 3932 quo
1141 3853 1228 3908 est
1269 3841 1544 3906 voluntas
1582 3852 1640 3906 et
1677 3841 1813 3904 inde
1850 3843 2071 3907 amoris
2107 3842 2233 3927 ejus
2271 3840 2541 3917 affectio;

440 3946 778 4031 conjunctio
815 3967 921 4035 per
946 3943 1287 4011 affectiones
1315 3945 1535 4008 amoris
1559 3943 1715 4008 inter
1744 3941 2015 4008 homines
2052 3964 2124 4008 ac
2159 3944 2317 4008 inter
2342 3941 2544 4031 Ange·

440 4047 530 4112 los
557 4057 616 4112 et
640 4047 913 4137 Spiritus,
955 4057 1077 4111 tam
1103 4055 1267 4111 arcta
1295 4055 1415 4121 est,
1461 4056 1524 4110 ut
1547 4046 1597 4109 si
1620 4043 2019 4122 scinderetur,
2074 4055 2134 4108 et
2159 4044 2242 4108 illi
2269 4045 2411 4109 inde
2450 4063 2544 4110 se-

440 4158 817 4236 pararentur,
866 4147 1140 4215 homines
1165 4141 1428 4213 actutum
1463 4145 1742 4211 caderent
1767 4146 1828 4210 in
1854 4146 2206 4232 deliquium,
2259 4155 2321 4210 et
2345 4147 2397 4212 si
2423 4167 2545 4211 non

442 4250 866 4328 resarciretur,
948 4259 1011 4317 et
1062 4249 1148 4315 illi
1202 4248 1741 4336 conjungerentur,
1821 4245 2088 4314 homines
2157 4246 2539 4336 exspirarent.
