2750 4775
479 397 586 448 228
721 383 1184 439 UMVERSA
1227 385 1759 440 THEOLOGn
1805 386 1870 439 N.
1913 387 1977 439 C.
2016 386 2118 438 ΕΤ
2160 385 2224 436 N.
2266 385 2323 437 E.

476 555 535 607 ez
578 540 718 632 Ego
757 543 821 604 in
858 535 1040 612 illo,“
1093 536 1233 603 Joh.
1275 537 1396 603 vl:
1447 542 1530 601 50
1571 536 1646 600 ad
1691 541 1804 601 58:
1875 537 2033 624 quod
2067 560 2175 626 per
2213 539 2539 626 Sanguinem

479 642 576 708 hic
610 640 973 729 intelligatur
1000 639 1278 704 Divinum
1320 640 1540 704 Verum
1582 637 1798 715 Verbi,
1851 648 2013 726 patet
2051 639 2382 716 manifeste,
2431 640 2547 727 quia

478 743 725 818 dicitur,
777 742 935 830 quod
964 741 1059 806 ine
1090 741 1186 828 qui
1218 740 1364 804 bibit
1391 739 1608 804 babeat
1642 740 1833 804 Vitam
1875 741 1933 803 in
1978 762 2070 817 se,
2128 763 2200 804 ac
2243 751 2464 805 maneat
2498 742 2548 803 in

480 846 738 912 Domino
768 852 827 907 et
844 842 1146 907 Dominus
1173 842 1230 904 in
1257 841 1390 913 illm
1443 842 1603 928 quod
1641 840 1755 904 hoc
1799 840 1977 905 faciat
2017 842 2299 907 Divinum
2343 842 2549 916 Verum,

478 958 537 1013 et
564 948 701 1013 Vita
722 945 1047 1010 secundum
1077 942 1251 1017 illud,
1305 954 1363 1006 et
1402 943 1560 1027 quod
1598 942 1816 1007 Sancta
1847 942 2044 1008 Caena
2086 942 2396 1010 confirmet
2417 941 2551 1018 illud,

483 1059 686 1122 notum
728 1054 918 1133 potest
958 1066 1083 1109 esse
1122 1046 1180 1107 in
1227 1044 1507 1109 Ecclesia.
1586 1042 1886 1122 Quoniam
1928 1043 2182 1131 Sanguis
2220 1044 2554 1132 significabat

472 1151 760 1215 Divinum
814 1146 1036 1211 Verum
1094 1146 1365 1219 Domini,
1443 1147 1602 1231 quod
1661 1146 1836 1209 etiam
1885 1154 1971 1208 est
2019 1146 2306 1210 Divinum
2361 1148 2552 1209 Verum

480 1249 700 1327 Verbi,
753 1257 810 1311 et
837 1247 953 1310 hoc
980 1258 1064 1311 est
1097 1247 1281 1333 ipsum
1312 1246 1547 1311 Faedus
1574 1255 1632 1309 et
1656 1248 2106 1312 Testamentum
2135 1246 2325 1313 vetus
2363 1258 2419 1310 et
2454 1247 2555 1311 No-

484 1372 657 1427 vum,
709 1349 842 1413 ideo
885 1347 997 1413 suit
1040 1349 1292 1434 Sanguis
1336 1347 1777 1422 sanctissimum
1826 1348 2422 1435 Repraesentativum
2464 1346 2553 1412 Ec·

484 1452 696 1517 ciesiae
739 1449 895 1537 apud
936 1449 1118 1515 Filios
1161 1448 1423 1524 Israelis,
1476 1449 1535 1511 in
1576 1470 1691 1536 qua
1736 1450 1932 1513 omnia
1975 1460 2032 1513 et
2077 1450 2316 1536 singula
2353 1450 2557 1513 fuerunt

483 1552 1055 1640 Correspondentiae
1081 1549 1438 1614 naturalium
1482 1572 1614 1614 cum
1658 1550 2058 1635 spiritualibus
2108 1552 2247 1627 „Ut
2289 1550 2450 1645 quod
2475 1574 2556 1613 su-

485 1668 706 1719 merent
733 1653 810 1720 de
833 1649 1142 1744 Sanguine
1167 1648 1472 1717 Paschali
1483 1702 1496 1727 ,
1537 1661 1596 1715 et
1620 1650 1834 1715 darent
1860 1675 2044 1745 super
2059 1667 2279 1745 postes
2303 1668 2361 1718 et
2387 1673 2556 1742 super-

486 1758 793 1821 liminaria
818 1754 1118 1820 Domuum
1139 1804 1155 1830 ,
1208 1775 1283 1817 ne
1307 1755 1540 1818 veniret
1564 1775 1748 1844 super
1771 1750 1917 1819 illos
1935 1751 2128 1845 plaga
2148 1797 2166 1828 ,
2226 1754 2406 1819 Exod.
2435 1750 2555 1817 XII:

490 1863 541 1921 7.
580 1860 677 1921 18.
720 1860 823 1921 22.
907 1854 1095 1939 Quod
1130 1852 1397 1945 Sanguis
1443 1851 1787 1918 holocausti
1820 1868 2209 1947 spargeretur
2247 1878 2431 1946 super
2463 1850 2559 1917 Al-

487 1975 644 2034 lare,
695 1957 784 2023 ad
782 1952 1201 2046 fundamenta
1226 1960 1396 2043 ejus,
1447 1967 1506 2020 et
1541 1978 1725 2048 super
1747 1952 2136 2031 Ahamnem,
2193 1957 2396 2022 Filios
2431 1957 2558 2043 ejus,

476 2076 540 2126 cl
593 2059 815 2125 Vestes
858 2074 1085 2127 eorum,
1142 2056 1324 2120 Exod.
1372 2057 1609 2122 XXIX:
1662 2061 1761 2119 12.
1813 2060 1911 2120 16.
1958 2062 2056 2121 ⁸20.
2113 2061 2219 2122 21.
2296 2058 2473 2132 Levit.
2514 2053 2557 2116 1:

489 2163 811 2226 5.11.15.
868 2157 1010 2245 Cap.
1054 2156 1173 2221 111:
1222 2162 1274 2220 2.
1323 2163 1379 2221 8.
1433 2160 1528 2221 18.
1599 2157 1739 2243 Cap.
1787 2158 1899 2223 lv:
1948 2161 2048 2220 25.
2104 2163 2214 2223 30.
2267 2163 2374 2223 34.
2440 2158 2555 2243 cap.

481 2261 660 2329 VIII:
714 2264 812 2323 15.
844 2262 945 2321 2⁴1.
1003 2258 1139 2343 Cap.
1174 2257 1381 2322 XVII:
1432 2264 1486 2321 6.
1543 2258 1986 2324 Num.XV111:
2036 2265 2135 2323 17.
2195 2261 2406 2324 Deutr.
2434 2253 2557 2324 XII:

488 2368 588 2428 2⁶1.
644 2361 799 2425 Tum
829 2383 1009 2453 super
1032 2360 1104 2429 V
1099 2358 1257 2424 elum
1284 2360 1453 2452 quod
1475 2384 1657 2454 super
1668 2360 1860 2436 Arca,
1885 2383 2070 2455 super
2084 2361 2560 2455 Propitiatorium

485 2463 602 2538 ibi,
648 2477 704 2527 et
739 2484 921 2553 super
953 2484 1180 2526 cornua
1207 2460 1456 2527 Altaris
1482 2464 1757 2552 suffitus,
1808 2463 1949 2527 Lev.
1998 2462 2110 2525 IV:
2163 2469 2224 2527 6.
2261 2469 2319 2527 7.
2358 2468 2451 2526 17.
2484 2463 2558 2524 18.

450 2564 628 2649 ,Cap.
688 2561 863 2626 XVI:
928 2567 1030 2627 12.
1084 2567 1181 2627 13.
1243 2564 1341 2626 14.
1406 2568 1503 2626 15.
1609 2553 1731 2629 Per<
1777 2563 2135 2649 Sanguinem
2192 2561 2354 2652 Agui
2405 2561 2560 2628 simile

488 2656 852 2751 'significatur
889 2665 946 2727 in
975 2663 1360 2754 Apocalypsi,
1419 2665 1506 2731 Hi
1546 2663 1814 2730 laver-unz
1853 2662 2049 2728 stolas
2086 2690 2271 2741 suas,
2323 2683 2381 2730 et
2420 2659 2558 2730 deal-

479 2766 768 2832 baverunt
798 2763 946 2830 illas
975 2767 1034 2829 in
1061 2763 1628 2857 Sanguine-Agni,·“
1672 2765 1810 2853 Cap.
1846 2764 1989 2830 Vll:
2043 2768 2141 2829 14.
2198 2775 2260 2828 et
2303 2790 2409 2853 per
2441 2766 2561 2828 haec

474 2867 605 2944 ibi,
659 2866 953 2943 „Factum
997 2881 1087 2931 est
1127 2864 1344 2932 bellum
1391 2871 1458 2931 in
1502 2864 1716 2943 Caelo,
1770 2864 2048 2933 Me’clzael
2086 2881 2143 2932 et
2182 2866 2424 2959 Angeli
2456 2868 2563 2954 ejus

479 2980 832 3063 pugnarunt
857 2983 1068 3033 contra
1093 2967 1470 3045 Draconem,
1513 2982 1573 3033 et
1597 2972 1872 3033 vicerunt
1896 2966 2065 3033 illum
2086 2992 2202 3061 per
2223 2966 2562 3060 Sanguinem

491 3068 684 3162 Agrii,
725 3082 781 3135 et
798 3092 909 3162 per
946 3067 1215 3137 Verbum
1244 3071 1570 3134 testimonii
1589 3072 1750 3145 sui,·‘
1799 3069 1942 3158 Gap.
1990 3068 2139 3134 Xll:
2189 3075 2243 3134 7.
2299 3076 2401 3134 11.
2449 3069 2563 3134 Non

488 3172 641 3235 enim
687 3172 930 3257 cogitari
974 3178 1202 3258 potest,
1257 3169 1412 3255 quod
1462 3170 1717 3236 Michael
1762 3179 1818 3233 et
1855 3171 2071 3256 Angeli
2113 3171 2240 3255 ejus
2282 3194 2390 3260 per
2432 3164 2564 3234 aliud
2655 3212 2656 3249 ¹

489 3272 738 3338 vicerint
796 3272 1165 3346 Draconem,
1234 3292 1410 3357 quam
1468 3294 1571 3359 per
1623 3271 1903 3336 Divinum
1956 3271 2177 3337 Venum
2233 3271 2471 3355 Domini
2514 3268 2563 3331 in
2655 3260 2656 3337 Ῑ

492 3375 726 3445 Verbo;
782 3396 921 3455 nam
964 3371 1173 3456 Angeii
1216 3372 1272 3432 in
1304 3370 1484 3436 Caelo
1527 3394 1644 3435 non
1688 3373 1944 3458 cogitare
1991 3375 2351 3458 possuut'de
2391 3373 2561 3456 aliquo

487 3476 815 3560 Sanguine,
872 3494 981 3535 nec
1026 3472 1407 3558 cogitantssde
1454 3473 1732 3538 passione
1779 3474 2051 3550 Domini,
2115 3475 2214 3536 sed
2257 3475 2333 3539 de
2371 3471 2559 3538 Divino

490 3577 683 3648 Vero,
733 3584 792 3636 et
835 3573 907 3634 de
948 3573 1405 3637 Resurrectione
1448 3574 1667 3659 Ipsius;
1735 3592 1920 3660 quare
1967 3597 2096 3639 cum
2129 3574 2322 3640 ‘homo
2370 3573 2563 3660 cogitat

492 3675 562 3738 de
591 3673 887 3759 Sanguine
918 3674 1189 3748 Domini,
1244 3672 1452 3760 Angeti
1491 3675 1816 3761 percipiunt
1846 3676 2127 3740 Divinum
2158 3675 2379 3739 Verum
2408 3668 2560 3737 Verbi

491 3775 709 3862 Ipsius,
763 3783 819 3837 et
849 3797 977 3837 cum
1008 3777 1078 3838 de
1107 3775 1387 3840 Passione
1418 3774 1687 3853 Domini,
1743 3778 2070 3863 percipiunt
2099 3776 2558 3863 glorificationem

492 3875 708 3964 Ipsius,
763 3885 820 3938 et
868 3885 1006 3939 tunc
1051 3878 1236 3940 solum
1284 3876 1831 3950 Resurrectionem
1901 3879 2057 3965 quod
2101 3880 2178 3941 ita
2225 3881 2329 3954 sit,
2383 3877 2557 3941 datum

491 3986 579 4040 est
621 3999 725 4063 per
766 3977 1007 4040 inuitam
1055 3978 1472 4064 experientiam
1515 3999 1702 4044 nosse.
1765 3979 1958 4059 ¹Quod
2005 3979 2259 4064 Sanguis
2301 3975 2561 4065 significet

495 4078 774 4142 Divinum
803 4078 1020 4143 Verum
1039 4129 1052 4152 ‚
1109 4088 1268 4167 patet
1296 4079 1470 4143 etiam
1500 4100 1569 4141 ex
1599 4078 1687 4143 his
1716 4078 1871 4168 apud
1901 4080 2212 4153 Davidem,
2262 4079 2428 4145 Deus
2451 4075 2559 4142 ani·

495 4203 627 4246 mas
651 4202 962 4268 egenorum
993 4180 1280 4256 servabit,
1328 4183 1634 4270 pretiosus
1657 4184 1766 4245 erit
1790 4179 2057 4272 Sanguis
2082 4179 2327 4245 illorum
2356 4184 2414 4243 in
2439 4198 2559 4242 ocu-

495 4278 573 4344 lis
613 4280 854 4373 Ipsius,
906 4295 960 4346 et
1000 4284 1190 4356 vivet,
1237 4292 1292 4344 et
1333 4279 1501 4344 dabit
1543 4278 1669 4344 illis
1707 4304 1788 4345 ex
1830 4279 2312 4359 auroSchebae,
2363 4278 2553 4347 Psalm-
2654 4344 2657 4376 a
