2750 4775
425 343 532 393 376
643 330 1124 387 -unlvssttsa
1171 328 1710 384 'ruEOLOGu
1764 330 1828 385 N.
1870 329 1941 385 G.
1980 327 2088 382 ET
2130 327 2197 380 N.
2238 327 2302 381 E.

523 505 661 559 nes,
715 485 976 548 omnium
1022 494 1219 547 tamen
1264 480 1423 569 quod
1454 480 1640 546 Filius
1675 479 1989 545 actualiter
2031 479 2111 544 ita
2151 478 2380 552 sedeat;
2427 477 2516 541 sed
2661 430 2666 485 ¹

524 583 926 660 ventilabant,
981 604 1088 648 cur
1133 581 1223 659 id,
1293 591 1434 646 tunc
1475 582 1713 669 quidam
1758 582 2093 647 credebant
2134 579 2293 667 quod
2331 579 2387 642 id
2429 574 2516 641 fiat

520 694 766 774 propter
811 683 1340 772 Redemptionern,
1392 682 1635 767 quidam
1678 681 1839 766 quod
1884 703 1958 745 ex
2005 700 2246 754 amore,
2300 678 2515 766 quidam

523 794 589 850 ut
617 785 1003 851 Consiliarius
1041 794 1230 860 esset,
1285 783 1525 871 quidam
1577 791 1637 847 ut
1688 781 1780 846 Illi
1821 782 2021 851 honor
2059 783 2137 846 sit
2179 782 2256 845 ab
2282 777 2518 865 Angelis,

522 886 931 975 quidamquia
975 885 1177 950 datum
1217 893 1306 949 est
1351 883 1444 947 Illi
1469 902 1726 969 regnare
1752 884 1884 948 vice
1911 881 2151 958 Patris,
2204 881 2432 968 quidam
2465 886 2522 940 ut

524 987 728 1051 dextra
771 1009 918 1050 aure
959 985 1235 1052 audiatur
1273 1006 1383 1073 pro
1424 984 1638 1070 quibus
1676 984 2025 1049 intercedit:
2084 985 2323 1068 insuper
2363 978 2518 1043 etiam

523 1087 927 1164 ventilabant,
972 1108 1111 1150 num
1143 1086 1328 1153 Filius
1354 1085 1466 1150 Dei
1495 1084 1575 1149 ab
1602 1092 1850 1150 aeterno
1877 1086 1959 1150 ita
1982 1085 2232 1158 sedeat,
2276 1080 2367 1148 vel
2396 1096 2518 1142 num

524 1186 709 1253 Filius
751 1188 861 1252 Dei
909 1196 1084 1252 natus
1127 1187 1186 1249 in
1233 1185 1480 1251 Mundo.
1562 1186 1676 1249 His
1719 1186 1966 1260 auditis,
2022 1183 2235 1251 sustuli
2272 1180 2521 1267 palmam,

523 1309 743 1375 rogans
772 1297 836 1357 ut
864 1289 1038 1353 liceat
1068 1286 1290 1374 aliquid
1331 1287 1526 1373 loqui,
1579 1296 1640 1350 et
1666 1286 1863 1351 dicere
1890 1287 2035 1371 quid
2068 1283 2408 1367 intelligitur
2434 1297 2523 1366 per

521 1390 731 1457 sedere
774 1388 849 1452 ad
895 1389 1161 1452 dextram
1210 1387 1354 1462 Dei,
1409 1396 1468 1450 et
1514 1387 1666 1461 dixi,
1717 1389 1876 1472 quod
1924 1387 2299 1472 intelligatur
2336 1377 2522 1444 Omni-

524 1489 788 1580 potentia
833 1488 945 1553 Dei
992 1510 1098 1575 per
1140 1490 1489 1553 Humanum
1536 1487 1695 1575 quod
1739 1490 2069 1562 assumsit,
2104 1508 2213 1574 per
2251 1482 2361 1547 hoc
2384 1478 2521 1541 enim

525 1588 1019 1678 Redemptiunem
1048 1589 1236 1662 secit,·
1277 1587 1391 1651 hoc
1433 1597 1553 1662 est,
1604 1588 1945 1674 subjugavit
1987 1586 2270 1660 Inferna,
2320 1577 2518 1645 creavit

523 1689 764 1754 Novum
819 1690 1064 1756 Caelum
1109 1689 1491 1776 Angelicum,
1547 1698 1605 1751 et
1649 1687 2002 1753 instauravit
2051 1688 2292 1752 Novam
2340 1679 2517 1745 Eccle-

523 1789 703 1864 siam;
759 1791 917 1879 quod
946 1789 1062 1853 hoc
1089 1811 1194 1875 per
1235 1789 1442 1853 sedere
1470 1788 1545 1852 ad
1578 1789 1843 1852 dextram
1875 1788 2281 1875 intelligatur,
2332 1777 2515 1845 confir·

528 1891 686 1956 mavi
723 1912 794 1956 ex
821 1891 1057 1965 Verbo,
1112 1890 1170 1951 in
1212 1910 1332 1977 quo
1374 1912 1481 1976 per
1505 1889 1793 1953 Dextram
1840 1889 2214 1976 significatur
2251 1878 2515 1951 Potentia,

526 1999 585 2057 et
605 2000 818 2078 postea
859 1990 1273 2055 confirmatum
1314 1999 1404 2054 est
1444 2011 1478 2053 e
1508 1990 1689 2054 Caelo
1728 2011 1832 2076 per
1873 1991 2288 2077 apparentiam
2330 1984 2516 2058 Manus

525 2090 787 2157 Dextrae
811 2112 989 2177 super
1015 2090 1179 2166 illos,
1232 2113 1302 2155 ex
1330 2090 1498 2173 cujus
1528 2091 1793 2175 potentia
1821 2100 1879 2152 et
1913 2091 2046 2154 inde
2075 2101 2313 2155 terrore
2338 2099 2515 2149 omues

528 2213 717 2278 paene
743 2192 1060 2256 exanimati
1087 2200 1257 2268 sunt,
1308 2213 1382 2253 n:
1444 2195 1586 2255 1⁸6.

429 2288 600 2362 XXI,
654 2292 835 2372 Quod
884 2293 943 2355 in
998 2291 1226 2357 Mundo
1271 2290 1560 2378 spirituali
1608 2293 1924 2380 perductus
1974 2293 2082 2358 sim
2141 2293 2200 2355 in
2246 2283 2513 2376 quoddam

530 2391 924 2480 Synedrium,
974 2394 1032 2456 in
1062 2415 1182 2478 quo
1210 2393 1551 2480 congregati
1581 2402 1750 2458 erant
1779 2393 2059 2458 Celebres
2087 2397 2190 2481 qui
2222 2399 2357 2456 ante
2384 2384 2513 2449 con·

532 2491 731 2556 cilium
762 2490 1091 2556 Nicaenum
1126 2492 1422 2568 vixerunt,
1474 2502 1532 2557 et
1562 2495 1758 2558 vocati
1796 2504 1930 2560 sunt
1959 2495 2175 2562 Patres
2204 2481 2512 2579 Apostolici‚

527 2601 589 2656 et
618 2613 853 2679 quoque
884 2592 1131 2661 Incluti.
1184 2595 1282 2679 qui
1325 2605 1456 2679 post
1483 2594 1624 2657 illud
1657 2591 2033 2659 Concilium:
2073 2606 2137 2658 et
2181 2594 2330 2667 vidi,
2379 2579 2510 2673 quod

531 2693 716 2779 aliqui
759 2714 830 2758 ex
870 2691 961 2758 his
999 2705 1352 2782 apparerent
1398 2695 1608 2759 Mento
1652 2695 1855 2771 calvo,
1909 2706 1968 2758 et
2002 2696 2072 2760 in
2119 2688 2420 2781 Capillitiis
2454 2698 2511 2745 ⁶¹

532 2794 691 2859 crine
720 2795 991 2859 muliebri
1024 2795 1398 2869 cincinnatis,
1451 2795 1552 2859 sed
1584 2816 1787 2859 omnes
1816 2797 2043 2881 priores
2071 2798 2132 2858 in
2161 2798 2362 2860 Mento
2398 2789 2509 2851 bar·

530 2896 706 2971 hato,
760 2906 821 2959 et
853 2899 913 2961 in
948 2895 1189 2982 Capillis
1232 2896 1465 2961 nativis
1547 2896 1705 2959 Ante
1744 2895 1875 2960 illos
1914 2899 2074 2961 stetit
2114 2897 2226 2961 Vir
2266 2892 2445 2980 judex
2462 2888 2508 2944 el

529 2996 756 3062 arbiter
778 2998 1132 3084 scriptorum
1163 2996 1336 3082 hujus
1363 2994 1618 3071 saeculi,
1668 2996 1767 3082 qui
1796 3018 2042 3062 exorsus
2082 3006 2183 3066 est
2214 3018 2316 3082 per
2352 3004 2508 3076 (μηθ’

530 3097 667 3162 dam
697 3096 1217 3170 lamentationem,
1271 3095 1503 3172 dicens,
1561 3096 1666 3161 Vir
1693 3118 1725 3159 e
1754 3097 1950 3162 Laicis
1973 3099 2263 3173 surrexit,
2314 3090 2407 3179 qui
2431 3082 2510 3150 F:-

489 3196 663 3260 'dem
709 3208 970 3263 nostram
1019 3219 1063 3259 e
1098 3197 1440 3261 sanctuario
1480 3218 1591 3261 suo
1637 3196 1927 3274 detraxit,
1994 3220 2152 3283 quae
2204 3209 2393 3264 tamen
2436 3190 2505 3245 ⁸⁵¹

526 3296 695 3362 stella
732 3295 940 3362 lucens
982 3299 1079 3361 diu
1120 3305 1418 3384 noctuque
1468 3318 1667 3360 coram
1714 3299 1916 3374 nohis,
1970 3308 2031 3361 at
2072 3298 2186 3361 hoc
2232 3320 2300 3361 ex
2343 3304 2508 3357 causa

531 3397 668 3482 quia
689 3396 789 3462 vir
814 3398 910 3460 ille
939 3399 1193 3461 caecutit
1211 3398 1280 3460 in
1310 3399 1606 3486 mysteriis
1632 3397 1799 3462 istius
1832 3397 1998 3473 fidei,
2051 3407 2108 3462 et
2148 3420 2265 3461 non
2308 3384 2504 3461 viditin

530 3494 632 3559 illa
668 3496 951 3581 justitiam
982 3496 1236 3573 Christi,
1285 3509 1344 3560 et
1390 3500 1472 3562 sic
1511 3521 1631 3561 non
1659 3498 2112 3563 Justificationis
2150 3499 2278 3581 ejus
2305 3483 2504 3562 mirabi-

479 3655 486 3660 .
531 3593 645 3670 lia,
700 3616 832 3660 cum
875 3605 1073 3657 tamen
1116 3596 1213 3658 illa
1258 3596 1433 3663 Fides
1474 3608 1560 3663 est
1593 3600 1650 3661 in
1681 3608 1800 3664 tres
1830 3599 2124 3664 Personas
2150 3600 2418 3667 Divinas,
2459 3591 2504 3648 0¹

528 3716 612 3758 8¹⁶
637 3714 698 3756 ¹¹¹
726 3702 918 3757 *olum
951 3695 1176 3767 Delum
1230 3706 1287 3758 et
1331 3699 1469 3784 quia
1494 3700 1675 3763 'fidem
1710 3721 1874 3764 suam
1907 3693 2250 3763 transtulit
2236 3721 2293 3761 in
2319 3698 2505 3762 Secun-

532 3794 667 3858 dam
709 3794 1074 3869 Personam,
1123 3807 1180 3859 et
1223 3819 1341 3861 nou
1393 3801 1451 3862 in
1494 3799 1647 3862 hanc
1686 3801 1788 3865 sed
1829 3802 1888 3863 in
1937 3800 2287 3864 Humanum
2335 3791 2504 3884 Ipsius,

529 3916 652 3958 non
681 3903 871 3983 potest
899 3894 1071 3959 aliter
1101 3918 1278 3983 quam
1308 3907 1371 3963 ut
1401 3900 1534 3964 inde
1561 3901 1855 3965 scaturiat
1874 3899 2337 3965 Naturalismus:
2370 3890 2508 3977 huj1¹⁵

532 3993 710 4060 effato
752 3994 1028 4060 faverunt
1068 3996 1169 4075 illi,
1224 3998 1324 4085 qui
1366 4010 1496 4088 post
1525 4000 1854 4065 Concilium
1878 4002 2221 4065 ¹Nicaenum
2253 3988 2505 4066 vixerunt,

531 4095 794 4160 dicentes
838 4097 994 4183 quod
1036 4098 1392 4187 impossibile
1439 4099 1546 4174 sit,
1613 4109 1677 4163 ut
1722 4099 1863 4167 fides
1904 4100 2019 4165 alia
2064 4111 2123 4165 et
2169 4100 2398 4165 aliunde
2434 4089 2504 4156 sll-

530 4191 648 4257 Sed
676 4196 887 4264 Patres
917 4196 1271 4286 Apostoliei,
1311 4198 1412 4283 qui
1443 4199 1714 4264 vixerunt
1745 4211 1883 4290 ante
1913 4201 2057 4266 illud
2090 4204 2403 4276 saeculum,
2440 4192 2505 4256 in·
2651 4155 2666 4290 l
